1944 3323
203 1350 268 1376 llic
290 1349 406 1377 service
426 1350 460 1377 of

779 201 1000 232 JOHANNIS
1020 201 1204 232 WYCLIF
1224 202 1476 234 SERMONUM
1541 189 1691 246 [SERMO
1713 202 1788 229 XLI.

486 308 635 342 mundo
668 308 727 342 vel
761 306 935 347 diabolo,
972 306 1041 342 Dei
1076 306 1284 343 servicium
1320 308 1557 353 omittendo,
1592 318 1628 345 te
1660 310 1790 346 facere

485 376 803 411 recompensam.
839 365 915 399 Sed
951 365 1156 411 quomodo
1181 377 1277 412 rogo
1302 365 1527 402 restitueret
1550 367 1625 403 nisi
1650 369 1786 403 eadem

486 423 665 457 membra
690 420 924 468 diligencius
949 422 995 457 de
1020 430 1152 458 cetero
1176 421 1214 458 in
1231 423 1302 458 Dei
1326 423 1494 460 servicio
1518 424 1789 472 manciparet?

485 481 571 515 Hoc
604 487 737 515 autem
771 486 899 514 totum
934 492 1014 514 non
1047 479 1246 516 sufficeret
1279 480 1354 516 nisi
1388 481 1636 518 immensitas
1660 482 1789 519 divine

483 536 614 584 gracie
649 536 856 581 mediaret,
881 536 974 584 quia
998 546 1356 586 quantumcunque
1379 538 1419 575 in
1442 539 1619 575 futurum
1644 540 1790 576 faceret

484 596 601 641 dona,
641 593 840 641 posterius
879 595 967 642 plus
1007 594 1229 642 requirunt.
1275 597 1388 633 Unde
1428 609 1520 644 ergo
1554 599 1601 633 de
1633 597 1790 635 iusticia

483 653 679 687 subducta
709 651 984 688 misericordia
1007 652 1230 700 insurgeret
1253 654 1479 691 satisfaccio
1503 668 1575 702 pro
1599 657 1790 703 peccato}

485 711 575 745 Ideo
616 708 711 745 dicit
750 718 877 746 textus
917 710 1097 746 alludens
1138 710 1243 746 diem
1284 711 1556 749 misericordie
1602 722 1637 749 et
1676 713 1789 750 satis—

484 767 653 803 faccioni
687 779 861 815 congrue
901 776 937 803 et
980 780 1060 803 non
1100 768 1312 816 condigne:
1353 770 1471 817 Sicut,
1503 770 1645 819 inquit,
1679 772 1787 808 exhi-

483 825 614 861 buistis
653 825 824 861 membra
861 826 1011 861 servire
1048 826 1290 862 immundicie
1334 835 1369 863 et
1407 828 1596 876 iniquitati
1630 830 1681 864 ad
1720 830 1787 864 ini-

483 883 679 930 quitatem,
712 883 762 918 ita
801 884 975 919 exhibete
1012 884 1182 919 membra
1223 891 1350 920 vestra
1388 886 1536 922 servire
1573 887 1716 923 iusticie
1753 887 1788 922 in

482 941 835 990 smzctgficacionem.
870 942 936 977 Ille
969 950 1104 977 autem
1137 941 1292 978 exhibet
1316 944 1496 979 membra
1528 956 1612 990 sua,
1646 953 1688 980 ut
1711 957 1789 980 ser-

482 997 561 1034 viat
590 997 792 1046 iniquitati
816 998 883 1046 qui
917 1008 1047 1035 movet
1081 1011 1125 1035 ea
1157 1008 1199 1035 ut
1231 1009 1381 1047 peccet,
1421 1000 1514 1049 quia
1547 1010 1587 1037 ut
1620 1001 1675 1038 sic
1707 1011 1788 1039 tam

484 1057 606 1092 homo
639 1069 759 1104 quam
801 1057 1026 1092 membrum
1067 1069 1182 1092 suum
1215 1058 1335 1094 servit
1367 1067 1533 1106 peccato
1568 1072 1613 1095 ac
1646 1059 1789 1108 iniqui-

482 1113 555 1150 tati
599 1115 649 1150 ad
692 1113 947 1162 iniquitatem
998 1114 1077 1151 sive
1121 1114 1362 1163 principium
1415 1116 1638 1165 iniquitatis
1683 1120 1789 1166 quod

484 1180 540 1208 est
574 1171 770 1208 diabolus.
804 1174 980 1208 Econtra
1004 1181 1136 1208 autem
1162 1173 1317 1210 exhibet
1340 1176 1522 1211 membra
1546 1188 1615 1211 sua
1644 1175 1790 1212 servire

483 1229 549 1278 qui
583 1241 628 1266 ea
660 1238 771 1277 aptat
804 1238 846 1265 ut
875 1229 1005 1266 debite
1036 1230 1180 1266 serviat
1205 1233 1287 1267 Deo
1320 1244 1410 1273 suo:
1435 1232 1546 1268 cuius
1569 1233 1790 1280 aptacionis

483 1287 676 1323 terminus
709 1287 947 1324 intrinsecus
982 1297 1039 1324 est
1072 1289 1179 1336 quod
1213 1290 1334 1325 homo
1368 1290 1417 1325 sit
1449 1290 1733 1327 sanctificatus.

541 1347 673 1381 Movet
706 1354 839 1381 autem
875 1347 924 1381 ad
966 1346 1079 1382 istam
1123 1347 1538 1384 communicacionem
1578 1357 1658 1384 tam
1701 1349 1788 1385 finis

195 1384 467 1446 ωῗὲξῑῖῗξῖῐῖζοῑῐῃρ
483 1402 720 1439 intrinsecus
754 1416 873 1451 quam
909 1403 997 1439 finis
1030 1403 1289 1449 extrinsecus3
1324 1418 1396 1452 pro
1430 1419 1508 1453 quo
1547 1407 1845 1443 decl-ammom

207 1454 322 1481 ³⁶¹*oe
343 1454 451 1481 0¹³⁰·
483 1460 589 1508 capit
613 1461 848 1508 Apostolus:
879 1461 988 1507 Cum,
1022 1461 1161 1509 inquit,
1195 1463 1300 1498 servi
1330 1463 1459 1499 essetis
1486 1465 1648 1512 peccati,
1681 1465 1792 1500 liberi

203 2329 268 2356 ]]1c
290 2330 404 2368 scryice
425 2332 455 2356 ot

282 2372 328 2391 mu
350 2373 374 2390 m

244 2399 403 2426 unstuussu

471 1519 609 1567 fuistis
646 1519 801 1554 iusticie.
848 1520 981 1555 Homo
1021 1519 1125 1555 enim
1165 1528 1222 1555 est
1259 1532 1393 1556 servus
1427 1521 1593 1568 peccati,
1628 1524 1788 1570 quando

482 1584 694 1624 peccatum
730 1575 962 1612 dominatur
995 1576 1034 1612 in
1067 1577 1168 1624 ipso,
1204 1577 1434 1614 inclinando
1468 1588 1587 1627 atque
1620 1579 1788 1616 necessi-

483 1635 606 1670 tando
639 1633 772 1681 ipsum
801 1630 805 1686 Ι
835 1635 883 1670 ad
918 1634 1169 1670 serviendum
1205 1635 1278 1671 sibi
1312 1644 1431 1684 atque
1465 1637 1640 1673 diabolo.
1688 1639 1787 1674 Cum

484 1691 587 1727 enim
628 1691 891 1727 necessitatur
930 1692 1076 1728 servire
1116 1693 1237 1739 carni,
1279 1695 1428 1730 mundo
1462 1703 1581 1742 atque
1614 1695 1789 1741 diabolQ

482 1749 549 1784 ubi
595 1749 783 1785 subiectis
828 1749 912 1785 istis
958 1750 1120 1786 serviret
1165 1750 1288 1787 libere
1335 1753 1418 1787 Deo
1471 1753 1566 1788 suo?
1618 1753 1789 1789 adicitur

484 1806 655 1842 maxime
700 1806 892 1852 servituti,
940 1817 976 1843 et
1023 1809 1070 1844 de
1110 1818 1260 1856 quanto
1300 1811 1547 1846 consuetudo
1588 1811 1692 1847 mala
1731 1812 1789 1846 vel

483 1864 636 1912 peccati
670 1864 842 1911 gravitas
877 1865 1001 1912 magis
1041 1866 1192 1913 obligat
1231 1867 1278 1902 de
1318 1875 1430 1903 tanto
1469 1867 1649 1904 servilius
1689 1869 1788 1904 obli-

483 1930 610 1969 gatur.
644 1923 757 1958 Tunc
790 1931 923 1958 autem
959 1922 1104 1959 dicitur
1138 1924 1258 1959 homo
1292 1923 1391 1960 liber
1423 1924 1592 1970 iusticie,
1628 1927 1788 1974 quando

482 1979 605 2015 nichil
645 1979 719 2015 sibi
759 1989 795 2015 et
834 1979 991 2016 iusticie
1030 1990 1195 2028 propter
1229 1981 1573 2019 extraneacionem
1620 1992 1656 2019 et
1697 1996 1788 2019 con—

484 2036 777 2073 federacionem
805 2050 894 2073 cum
920 2037 1133 2075 iniusticia.
1167 2041 1280 2075 Tunc
1304 2039 1407 2075 enim
1434 2040 1590 2076 iusticia
1615 2053 1685 2077 sua
1707 2054 1789 2077 non

483 2094 633 2141 obligat
667 2107 755 2130 eum
789 2097 839 2131 ad
873 2094 987 2131 aliter
1020 2096 1286 2142 serviendum,
1321 2097 1413 2145 quia
1446 2111 1527 2134 non
1560 2108 1615 2134 est
1650 2098 1787 2140 iustus,

484 2152 608 2188 iustus
642 2161 775 2188 autem
801 2154 848 2189 de
872 2162 1023 2201 quanto
1055 2163 1111 2190 est
1142 2154 1282 2190 iustior
1315 2156 1362 2191 de
1386 2164 1498 2191 tanto
1522 2157 1610 2204 plus
1634 2156 1788 2192 iusticie

483 2209 695 2257 obligatur,
748 2211 797 2245 Et
841 2219 949 2258 patet
996 2213 1138 2248 modus
1181 2212 1371 2260 loquendi
1417 2214 1463 2249 de
1507 2213 1789 2261 predicacione

484 2267 593 2303 danti
626 2267 832 2315 sextuplici
866 2268 905 2304 in
939 2269 1108 2317 epistola
1141 2271 1391 2317 precedente.

541 2325 675 2361 Status
709 2334 840 2361 autem
884 2326 973 2363 talis
1012 2340 1110 2363 vane
1150 2327 1345 2364 libertatis
1384 2337 1493 2376 patet
1533 2341 1575 2364 ex
1614 2329 1789 2365 vanitate

483 2382 633 2419 fructus
656 2382 881 2419 laudabilis.
917 2386 1008 2420 Ideo
1033 2385 1128 2421 dicit
1151 2394 1296 2421 textus:
1335 2386 1455 2435 Quem
1490 2399 1586 2436 ergo
1608 2388 1788 2435 fructmn

483 2441 666 2476 habuistis
698 2441 733 2476 in
766 2441 844 2476 illis
876 2442 1067 2490 inquibus
1099 2455 1195 2478 nunc
1228 2444 1476 2479 erubescitis?
1509 2457 1597 2480 cum
1631 2443 1789 2492 (inquit)

483 2498 598 2533 debet
628 2498 735 2534 credi
768 2511 865 2534 sano
898 2499 1047 2536 iudicio
1082 2509 1117 2536 et
1141 2513 1222 2536 non
1256 2510 1459 2549 corrupto,
1494 2511 1535 2537 ut
1559 2501 1787 2538 febricitans

1811 843 1847 863 10

1811 1121 1846 1151 15

1808 1607 1880 1636 Foh

1807 1650 1885 1693 276b

1807 1699 1846 1729 25

1807 1986 1821 2016 '5
1828 1996 1847 2016 o

1807 2274 1844 2304 35

482 2567 562 2591 non
604 2567 696 2591 sane
735 2555 885 2593 iudicat
926 2559 973 2593 de
1013 2570 1168 2605 sapore,
1209 2566 1318 2605 patet
1353 2560 1460 2606 quod
1494 2559 1588 2595 facti
1620 2558 1786 2595 virtuosi
1802 2572 1844 2601 40

554 2705 621 2727 1.te
641 2700 755 2729 facere:
783 2700 821 2726 itu
842 2701 926 2729 cod.:
955 2702 1147 2728 >ansraccre?
1222 2702 1364 2729 n.(jod.:
1392 2703 1561 2730 exhibente,
1634 2703 1786 2730 32r(]0d.:

483 2739 527 2761 cst
548 2735 645 2761 iustus
667 2739 777 2761 autcin.
850 2734 891 2762 35.
914 2736 1007 2762 (jod.:
1037 2736 1195 2770 >extuwfici.

551 2816 582 2848 9.
613 2807 713 2836 Rom.
736 2807 791 2844 Vl,
825 2816 872 2849 19.
971 2817 1022 2838 21.
1050 2807 1094 2838 ib.
1123 2817 1176 2838 20.
1275 2808 1328 2849 37.
1356 2808 1398 2839 ib.
1428 2818 1480 2839 21.
