1944 3323
140 225 215 261 306
686 228 907 259 JOHANNIS
926 228 1108 268 wvcrw
1128 227 1383 258 sERMONUM
1410 212 1560 269 [SERMO
1577 223 1728 251 xxxvn.

864 413 1057 454 SERMO
1092 414 1297 453 XXXVII.

481 509 753 547 Humiliamini
782 509 849 545 sub
877 508 1028 558 potenti
1058 521 1171 544 manu
1204 507 1289 543 Dei.
1325 510 1357 543 Ia
1398 506 1502 542 Petri
1535 508 1602 551 VO,
1638 507 1674 542 6.

205 575 345 614 Need-os
483 571 559 605 Ista
604 567 773 616 epistola
819 568 936 603 docet
976 565 1243 602 humilitatem
1282 564 1482 601 viancium
1523 564 1563 600 in
1610 576 1731 612 opere

197 611 348 646 ¹¹¹¹m¹¹¹¹3⁸
426 627 697 675 exequendam
747 637 823 674 que
874 623 1216 660 fundamentalior
1268 623 1317 659 sit
1369 622 1448 659 sive
1500 621 1733 670 pei-feodos,

426 698 515 721 cum
554 684 719 721 virtutes
757 684 889 720 locum
929 695 1011 719 non
1049 690 1248 730 occupant
1292 682 1360 717 sed
1405 680 1556 728 singule
1602 681 1734 729 quoad

425 742 599 791 speciem
633 750 723 778 sunt
757 753 931 778 connexe
965 748 1002 776 et
1035 749 1212 776 econtra.
1259 740 1425 775 Prodest
1458 747 1591 775 autem
1626 750 1735 786 yma-

425 800 582 849 ginacio
605 800 719 837 istius
743 799 909 836 materie
933 811 1023 835 cum
1047 807 1156 834 recto
1179 810 1296 834 sensu
1321 796 1464 833 mistici
1496 796 1734 833 intellectus,

427 861 531 895 Deus
579 859 683 895 enim
731 866 788 894 est
839 857 1027 905 magister
1071 856 1248 904 optimus
1295 856 1443 891 nedum
1494 867 1564 902 per
1608 862 1733 890 totam

427 916 687 954 habitabilem
727 917 795 952 sed
835 915 961 952 eciam
1001 923 1129 951 totum
1172 914 1380 950 mundum.
1427 914 1559 949 Habet
1603 920 1736 948 autem

428 975 467 1011 in
518 988 640 1012 manu
683 987 751 1010 sua
802 974 957 1024 virgam
1009 982 1045 1010 et
1096 972 1272 1008 haculum
1325 970 1468 1019 quibus
1523 969 1737 1019 dispariter

429 1032 596 1081 castigat
619 1031 801 1069 homines
825 1045 898 1080 pro
921 1031 1094 1068 utilitate
1119 1029 1297 1075 ecclesie,
1316 1038 1352 1065 et
1368 1030 1564 1078 quosdam
1582 1027 1737 1065 facilius

429 1100 465 1128 et
498 1093 695 1140 quosdam
735 1089 922 1137 severius,
962 1098 1004 1126 ut
1037 1096 1209 1138 oportet.
1250 1090 1327 1124 Ista
1366 1096 1498 1123 autem
1533 1095 1590 1123 est
1624 1086 1738 1136 virga

429 1149 598 1200 vigilans
629 1162 747 1197 quam
784 1148 935 1184 viderat
965 1147 1155 1185 Jeremias
1192 1146 1232 1182 in
1266 1145 1472 1191 brevitate,
1507 1143 1736 1192 fragilitate,

151 1215 248 1254 Goauz
269 1215 323 1242 rod
345 1213 404 1241 and
428 1221 508 1244 non
542 1216 684 1256 potens
718 1206 900 1243 deficere.
935 1208 983 1242 Et
1016 1203 1277 1242 conformiter
1309 1203 1566 1240 senciendum
1601 1210 1658 1238 est
1692 1203 1739 1237 de

141 1251 586 1319 {ssgffsatffSJI]‘,'{⁶¹S-⁸j',sbaculo,
633 1278 721 1302 cum
765 1274 981 1312 utrumque
1027 1263 1076 1300 sit
1113 1271 1292 1311 potestas
1339 1261 1471 1298 divina
1516 1261 1736 1297 secundum

141 1329 176 1347 ¹¹⁵
197 1321 352 1381 ³¹¹¹l²lojj‚f⁶1‘
375 1328 409 1346 us
429 1323 632 1360 racionem
693 1322 894 1371 duplicem
952 1322 1119 1359 variata.
1185 1321 1285 1356 Cum
1347 1332 1440 1368 ergo
1499 1330 1739 1368 quocunque

429 1382 557 1419 viator
579 1381 751 1418 tenderit
775 1382 893 1417 habet
916 1389 997 1417 tam
1022 1379 1173 1427 virgam
1199 1391 1318 1427 quam
1344 1378 1532 1414 baculum
1559 1375 1738 1424 magistri

430 1439 638 1477 iustissimi
682 1451 800 1487 super
845 1447 978 1487 caput,
1024 1439 1141 1474 debet
1178 1437 1287 1473 varie
1332 1445 1370 1472 et
1415 1435 1620 1472 humiliter
1665 1433 1739 1470 sibi

429 1498 588 1544 servire⁷
648 1497 907 1534 considerans
965 1497 1072 1545 quod
1131 1503 1488 1543 quantumcunque
1549 1492 1739 1540 magistro

431 1555 639 1605 placuerit,
672 1557 743 1592 hec
766 1555 1034 1591 instrumenta
1059 1553 1307 1601 magistralia
1330 1560 1421 1588 sunt
1444 1559 1578 1600 presto
1603 1549 1738 1598 capiti,

430 1624 473 1651 ut
494 1615 712 1652 vindictam
747 1614 808 1650 vel
840 1625 984 1661 penam
1019 1613 1068 1648 ad
1101 1620 1237 1648 votum
1272 1610 1460 1647 incuciat.
1494 1611 1575 1645 Nec
1608 1609 1737 1645 solum

432 1686 552 1710 causa
589 1673 665 1709 ista
704 1671 878 1708 efficiens
917 1679 1083 1719 propter
1122 1669 1309 1706 timorem
1350 1667 1562 1704 necessitat
1603 1667 1650 1703 ad
1685 1665 1739 1701 sic

432 1730 637 1767 humiliter
669 1729 947 1778 gradiendum,
987 1730 1055 1764 sed
1088 1740 1207 1764 causa
1241 1726 1369 1763 finalis
1402 1725 1617 1762 intrinseca
1649 1723 1741 1760 inde

432 1801 613 1838 sequens.
662 1787 740 1833 Qui
779 1787 883 1824 enim
929 1787 984 1822 sic
1024 1785 1148 1822 currit
1193 1784 1397 1821 humiliter
1434 1783 1539 1820 viam
1579 1781 1741 1819 Domini

434 1849 506 1884 sub
544 1848 618 1883 hac
650 1846 759 1894 virga
799 1854 835 1882 et
875 1846 1017 1882 baculo
1055 1845 1091 1879 in
1131 1844 1190 1880 die
1228 1842 1460 1879 visitacionis
1498 1841 1552 1887 (id
1592 1848 1662 1885 est,
1703 1839 1741 1874 in

435 1906 543 1942 finali
590 1903 755 1949 iudicio)
809 1903 882 1940 erit
932 1904 981 1939 ad
1027 1901 1315 1938 beatitudinem
1360 1899 1488 1948 patrie
1533 1899 1741 1935 exaltatus.

433 1965 585 2000 Teneat
625 1975 717 2010 ergo
756 1974 795 1997 se
834 1961 963 1998 viator
1002 1959 1219 2005 humiliter,
1258 1971 1308 1995 ne
1356 1958 1605 2006 blasphemet
1651 1968 1741 1992 cum

437 2021 621 2058 Lucifero
670 2019 948 2067 multipliciter
992 2026 1184 2066 appetens
1228 2018 1396 2064 gradum
1438 2014 1522 2051 Dei.
1576 2016 1624 2050 Et
1668 2013 1743 2049 ista

437 2079 620 2116 doctrina
649 2087 758 2126 patet
787 2089 831 2114 ex
860 2076 1016 2114 cantico
1045 2084 1182 2112 sancte
1204 2074 1366 2122 virginis
1390 2075 1494 2110 Luce
1519 2075 1567 2118 10,
1596 2072 1742 2117 51,52:

1754 680 1768 711 5

1758 982 1796 1003 10

1761 1261 1795 1293 15

1758 1561 1798 1582 20

1760 1843 1798 1875 25

436 2137 631 2186 Dispersit
663 2136 849 2185 superbos
882 2142 1004 2171 mente
1036 2134 1165 2170 cordis
1197 2134 1269 2180 sui,
1302 2131 1475 2182 deposuit
1502 2137 1678 2181 potentes
1700 2129 1802 2166 dezo

436 2197 525 2232 sede
556 2203 591 2231 et
623 2193 811 2230 exaltavit
843 2193 1018 2240 humiles,
1052 2201 1088 2228 et
1122 2194 1226 2228 Luce
1258 2192 1376 2236 XIVO,
1408 2202 1473 2225 11:
1514 2187 1648 2225 Omnis
1685 2187 1748 2235 qui

437 2266 476 2290 se
522 2253 670 2289 exaltat
714 2251 979 2287 humiliabitur
1023 2258 1058 2286 et
1102 2250 1166 2298 qui
1195 2261 1235 2285 se
1287 2248 1464 2284 humiliat
1507 2245 1748 2283 exaltabitur

438 2324 528 2348 cum
564 2309 698 2346 multis
732 2309 846 2345 dictis
879 2308 1087 2345 similibus.

161 2375 220 2404 We
242 2379 323 2402 must
343 2379 406 2402 cast
497 2370 574 2405 Sed
613 2369 790 2404 secundo
824 2368 990 2403 docetur
1023 2366 1230 2414 quomodo
1269 2363 1385 2400 huius
1419 2360 1599 2410 magistri
1632 2358 1747 2396 disci—

185 2418 329 2471 otu-Gegge
350 2417 388 2436 ⁰¹¹
440 2426 522 2475 puli
568 2427 712 2462 debent
759 2437 801 2462 ex
846 2425 1000 2472 integro
1052 2422 1345 2460 sollicitudinem
1390 2433 1498 2457 suam
1544 2420 1578 2455 in
1623 2418 1746 2467 ipsum

435 2485 629 2535 proicere,
680 2496 770 2520 cum
822 2482 872 2519 sit
923 2494 1079 2518 summe
1133 2479 1361 2517 misericors
1413 2487 1449 2514 et
1494 2486 1641 2514 statum
1687 2474 1746 2512 sui

508 2615 537 2641 4.
552 2605 646 2633 Cod.:
662 2605 871 2639 exequendam
887 2603 1199 2632 fundamentaliorum
1215 2602 1254 2629 sit
1268 2602 1331 2629 sive
1345 2600 1539 2636 perfeccioni.
1602 2606 1640 2626 12.
1654 2598 1749 2626 Cod.:

441 2649 471 2668 se
492 2642 604 2668 vierus.
684 2638 727 2667 23.
749 2639 842 2666 Cod.:
864 2639 1034 2666 iutriiicica.
1118 2637 1162 2665 28.
1185 2637 1280 2665 Cod.:
1302 2636 1505 2671 multiplicite.
1584 2641 1630 2668 29.
1653 2633 1749 2661 Cod.:

441 2675 559 2703 cantico
581 2680 617 2702 et.
691 2673 737 2701 30.
759 2674 853 2701 Cod.:
876 2673 1023 2709 despexit.
1096 2671 1142 2701 36.
1165 2671 1341 2699 misericors
1354 2670 1400 2704 (?);
1422 2670 1516 2697 Cod.:
1538 2669 1643 2697 nssctor.

515 2770 541 2791 1.
574 2757 755 2790 Dominica
788 2740 886 2789 tertia
924 2764 1004 2800 post
1036 2755 1254 2788 Trinitatem.
1298 2754 1349 2787 Cf.
1378 2751 1537 2796 Wyclif's
1570 2751 1749 2790 Sermons,

442 2805 494 2838 ed.
526 2806 571 2847 by
602 2805 748 2843 Arnold‚
787 2804 826 2844 II,
864 2814 942 2846 pag.
978 2801 1167 2835 321—323.
1315 2811 1367 2832 10.
1406 2799 1534 2831 Psalm.
1573 2798 1679 2834 XXII,
1715 2808 1749 2837 4.

447 2862 496 2883 12.
522 2852 648 2883 Jerem.
675 2852 697 2890 Ι,
730 2861 778 2882 11.
899 2849 951 2883 35.
980 2850 1002 2881 1.
1030 2849 1120 2880 Petri
1150 2848 1190 2888 V,
1219 2858 1249 2889 7.

1763 2421 1802 2453 35
