1944 3323
206 290 342 318 SERMO
363 278 446 335 XII-I
694 291 866 323 TERTIA
898 290 1023 321 PARS.

205 400 380 436 cundum
433 397 710 446 philosophos
762 404 871 444 patet
919 408 1040 444 quam
1095 394 1310 431 racionalis
1362 404 1419 431 est
1466 395 1523 431 lex

205 456 352 494 Christi
386 457 494 505 quod
536 457 716 492 membra
757 454 839 491 eius
874 455 1020 490 debent
1053 465 1137 489 sese
1172 452 1378 500 reciproce
1411 466 1525 489 vene-

205 515 296 553 rari.
328 516 442 551 Unde
471 515 591 551 credo
615 514 723 562 quod
752 508 757 566 Ι
786 512 858 549 iste
889 513 1018 548 honor
1041 511 1289 559 apostolicus
1318 524 1524 559 nunquam

205 573 340 610 fuisset
380 572 417 609 in
457 585 527 609 sua
564 571 826 620 generalitate
864 570 919 607 sic
953 569 1161 609 extinctus,
1201 568 1277 605 nisi
1311 582 1381 617 per
1414 570 1526 605 dota-

172 631 361 669 §cionem
401 629 688 668 succrevissent
728 628 876 665 invidia
916 638 953 665 et
992 627 1221 675 indignacio
1263 628 1526 676 prelatorum.

262 691 379 727 Sexta
402 688 520 726 vestis
554 697 611 725 est
634 689 743 737 quod
776 686 963 728 officiarii
996 686 1162 723 ecclesie
1191 699 1264 722 non
1284 686 1528 736 pigritentur

203 749 365 784 sollicite
393 749 442 784 ad
467 746 770 784 edificacionem
796 744 962 782 ecclesie
986 744 1024 781 in
1054 758 1125 781 suo
1149 744 1283 781 officio
1307 745 1527 784 alternare:

206 816 241 843 et
293 819 383 843 cum
434 819 516 842 non
560 804 610 841 sit
655 805 904 854 prelatorum
957 803 1135 839 officium
1182 803 1238 839 sic
1284 815 1528 851 congregare

206 864 394 913 pecunias
423 864 504 901 sive
527 862 708 900 dominia
739 871 775 899 et
799 875 888 899 cum
914 861 990 897 illis
1014 861 1222 898 conferare
1250 861 1323 897 sibi
1349 861 1525 898 seculum

151 936 189 957 ιο
205 924 263 960 vel
303 924 352 959 ad
387 923 633 959 mundanam
670 920 940 958 reverenciam
981 919 1160 968 aspirare
1199 921 1266 956 sed
1309 919 1392 956 istis
1433 932 1527 955 con-

204 980 367 1030 temptis
401 980 606 1017 humiliter
639 979 923 1027 evangelizare,
964 986 1073 1026 patet
1107 986 1299 1026 quantam
1333 977 1527 1014 sollicitu-

204 1039 337 1076 dinem
358 1040 499 1076 darent
522 1040 572 1075 ad
595 1038 770 1086 primum
794 1036 1025 1085 fugiendum
1051 1045 1087 1072 et
1103 1035 1212 1072 aliud
1235 1037 1525 1085 exequendum.

204 1099 281 1134 Sed
313 1098 498 1134 Jordanis
536 1109 745 1133 conversus
782 1103 837 1132 est
870 1103 1103 1139 retrorsum,
1144 1107 1235 1131 cum
1277 1094 1317 1131 in
1350 1095 1527 1131 secundo

203 1169 283 1192 non
317 1155 394 1192 sint
418 1155 520 1204 pigri
554 1156 622 1192 sed
655 1154 786 1203 ipsum
821 1152 1059 1202 simpliciter
1082 1152 1314 1189 omittentes
1339 1162 1375 1189 et
1399 1161 1524 1189 totam

150 1213 519 1251 ¹5s(›llicitudinem
553 1215 649 1250 dant
682 1214 732 1250 ad
766 1212 956 1261 primum.

262 1272 443 1321 Septima
482 1281 617 1309 autem
658 1271 777 1308 vestis
817 1280 874 1307 est
913 1273 1020 1319 quod
1060 1278 1194 1320 partes
1240 1269 1406 1306 ecclesie
1451 1269 1528 1305 sint

202 1332 340 1380 spiritu
362 1332 589 1380 set-ventes;
620 1343 711 1366 cum
746 1329 852 1366 enim
886 1329 1054 1377 pigricia
1087 1329 1204 1366 debet
1239 1328 1379 1376 expelli
1423 1327 1527 1364 iuxta

203 1398 350 1426 vestem
398 1388 636 1438 proximam,
686 1400 855 1437 sequens
901 1397 957 1424 est
1002 1389 1110 1437 quod
1158 1386 1329 1422 ministri
1379 1385 1525 1422 Christi

203 1448 280 1484 sint
314 1448 352 1484 in
393 1460 465 1484 suo
500 1446 723 1483 ministerio
756 1445 909 1492 fervidi,
950 1446 1044 1495 quia
1083 1444 1199 1482 aliter
1232 1444 1529 1493 extingueretur

145 1506 243 1543 20in
283 1505 336 1542 eis
370 1505 535 1546 caritas:
576 1518 658 1541 non
691 1514 828 1541 tamen
861 1505 1009 1541 debent
1042 1505 1191 1541 fervere
1231 1503 1338 1540 circa
1371 1512 1527 1551 tempo-

204 1564 302 1601 ralia
342 1566 401 1601 vel
446 1565 650 1600 mundana
688 1564 756 1600 sed
796 1562 901 1599 circa
941 1564 1047 1599 bona
1088 1561 1326 1611 spiritualia,
1362 1574 1438 1609 que
1479 1563 1526 1598 ad

203 1624 398 1660 honorem
441 1621 512 1659 Dei
552 1631 589 1658 et
628 1621 844 1658 utilitatem
890 1620 1056 1657 ecclesie
1100 1621 1392 1658 redundarent:
1437 1618 1528 1655 ideo

203 1681 407 1729 signanter
440 1680 536 1717 dicit
569 1680 788 1728 Apostolus
822 1681 930 1728 quod
964 1679 1043 1715 sint
1076 1678 1215 1729 spiritu
1238 1679 1456 1727 ferventes:

261 1741 413 1776 Octava
446 1738 564 1775 vestis
598 1747 655 1775 est
688 1739 796 1786 quod
830 1738 907 1774 sint
941 1737 1108 1773 Domina
1141 1737 1363 1772 servientes.
1405 1736 1527 1780 Quid—

147 1800 187 1833 25
203 1797 298 1846 quid
333 1797 438 1834 enim
474 1796 601 1833 fidelis
635 1795 771 1833 fecerit
805 1797 922 1832 debet
956 1795 1184 1832 intencione
1218 1793 1327 1831 finali
1352 1794 1527 1830 Domino

204 1855 414 1901 deservire,
449 1864 491 1892 ut
525 1856 642 1891 docet
672 1855 889 1903 Apostolus
923 1855 970 1890 de
1003 1853 1125 1891 servis
1159 1852 1423 1889 servientibus
1457 1866 1528 1888 suo

204 1914 369 1950 domino
408 1913 636 1962 temporali.
684 1914 776 1949 Ideo
819 1911 921 1949 absit
956 1913 1063 1961 quod
1106 1911 1145 1947 in
1179 1912 1268 1947 loco
1303 1910 1416 1947 istius
1449 1924 1527 1948 ser-

204 1972 338 2009 vitutis
378 1971 597 2009 serviamus
637 1970 761 2017 carni,
801 1971 964 2008 diabolo
1004 1970 1085 2007 sive
1126 1971 1296 2008 mundo:
1339 1978 1375 2006 et
1409 1969 1527 2005 istum

206 2032 371 2067 modum
406 2029 601 2067 serviendi
635 2029 823 2066 diminuit
857 2042 1019 2066 cesarea
1058 2027 1248 2077 prelacia.
1296 2030 1526 2076 Numquam

148 2089 310 2126 30enim
357 2089 472 2126 aliter
516 2089 767 2125 extraherent
813 2096 871 2124 tot
920 2087 1087 2124 clericos
1133 2086 1259 2123 eciam
1307 2095 1468 2122 curatos
1509 2100 1527 2122 a

205 2147 392 2184 servitute
432 2146 503 2184 Dei
550 2146 589 2182 in
628 2146 708 2182 suis
749 2145 928 2182 ecclesiis
973 2155 1010 2182 et
1050 2145 1250 2193 exigerent
1296 2146 1344 2180 ab
1391 2144 1445 2181 eis
1491 2143 1528 2180 in

205 2205 284 2242 suis
325 2205 510 2242 domibus
549 2204 721 2241 cesarias
766 2203 987 2241 servitutes.
1045 2203 1150 2240 Satis
1191 2201 1352 2251 quidem
1394 2202 1529 2238 fuisset

205 2265 313 2313 quod
347 2273 439 2300 ante
472 2263 589 2300 istam
615 2262 872 2299 dotacionem
906 2263 1104 2299 seculares
1135 2261 1289 2298 domini
1324 2270 1529 2297 traxerunt

206 2321 412 2358 ministros
451 2334 543 2358 suos
582 2334 604 2358 a
642 2321 831 2358 servitute
864 2320 935 2357 Dei
970 2322 1018 2357 ad
1060 2319 1133 2356 sibi
1175 2319 1410 2356 seculariter
1450 2332 1529 2355 ser-

149 2383 188 2415 35
204 2381 406 2418 viendum.
441 2381 517 2416 Sed
548 2379 772 2416 dominium
805 2378 1012 2416 inductum
1052 2378 1090 2414 in
1115 2379 1221 2415 clero
1246 2387 1282 2414 et
1307 2376 1529 2413 diminucio

205 2438 396 2475 secularis
435 2437 603 2474 dominii
643 2437 853 2474 servicium
891 2437 960 2473 I)ei
996 2436 1225 2473 diminuunt
1260 2445 1295 2472 et
1329 2435 1529 2472 diabolice

206 2510 291 2533 sese
324 2505 483 2544 augent.

263 2558 378 2591 Nona
416 2553 534 2591 vestis
573 2563 629 2590 est
663 2555 770 2603 quod
811 2553 983 2590 ministri
1017 2552 1184 2589 ecclesie
1222 2551 1299 2588 sint
1331 2564 1398 2600 spe
1428 2564 1526 2602 gau-

207 2614 356 2653 dentes.-
410 2621 569 2661 oportet
620 2612 723 2649 enim
777 2613 884 2660 quod
945 2611 1155 2648 servicium
1215 2611 1359 2647 habeat
1417 2622 1526 2658 spem

147 2685 191 2716 40
207 2670 550 2709 remuneracionis
575 2670 926 2718 proporcionalem
954 2677 1280 2718 consequentem.
1312 2669 1403 2704 Ideo
1428 2668 1529 2704 sicut

112 497 188 529 FoI.

108 542 188 584 243³.

275 2813 299 2832 2.
323 2806 417 2832 uod*
442 2814 506 2831 sese
527 2805 672 2840 reciperet
755 2808 782 2831 (›.
806 2804 836 2832 In
860 2812 974 2839 marga
997 2805 1024 2831 τὶ,
1117 2812 1145 2833 Q.
1168 2802 1305 2830 Rectius:
1328 2802 1527 2830 contcdcrare

207 2849 269 2867 slve
290 2849 484 2867 conservare.
544 2839 585 2866 16.
608 2839 640 2866 Iu
664 2847 778 2874 marga
802 2848 826 2874 7.
892 2849 938 2872 24.
963 2840 992 2866 In
1016 2847 1129 2873 marga
1153 2842 1178 2865 ὃ.
1243 2838 1286 2865 Ἣ.
1311 2839 1340 2865 In
1364 2846 1476 2871 marg}
1500 2849 1516 2870 ῳ

283 2925 333 2956 13.
363 2925 491 2955 Psalm.
520 2923 640 2961 CXIII,
670 2923 699 2955 3.
801 2933 853 2963 24.
883 2923 984 2955 Rom.
1013 2923 1086 2961 XII,
1112 2933 1160 2954 11.
1261 2921 1301 2953 38
1341 2921 1384 2953 ib.
1409 2931 1457 2952 12.

1762 280 1810 327 <33

1583 692 1612 719 οἱ,
1636 692 1779 719 L'nsloth-

1619 729 1746 754 Iulness.

1562 1283 1586 1309 7.
1609 1273 1747 1315 Ferrour
1769 1284 1797 1302 m

1632 1317 1730 1344 spuit.

1555 1742 1582 1767 N.
1605 1741 1738 1776 Serving
1759 1741 1807 1768 the

1638 1777 1729 1802 Ilorci.

1553 2566 1580 2586 η.
1604 2555 1760 2589 Reloicmq
1781 2563 1810 2581 111

1639 2592 1726 2625 hope.
