1944 3323
188 493 298 519 Divino
318 491 386 518 love

166 528 271 554 makes
293 535 328 554 us
349 526 416 552 love

159 570 215 589 our
236 561 424 588 ueifllibours

208 597 255 623 for
277 595 375 623 (Jod's

155 633 276 659 honour
293 630 352 657 and
373 637 430 656 our
468 654 474 660 ,

156 667 269 693 mutual
289 664 428 705 spiritual

242 703 342 735 proiit.

160 1071 242 1099 True
262 1070 329 1097 love
348 1068 433 1096 leads

168 1115 202 1133 us
223 1111 253 1132 to
275 1105 342 1131 hate
363 1103 430 1130 evil.

187 2112 268 2139 Love
289 2110 349 2137 will
370 2109 435 2136 lead

200 2156 234 2173 us
255 2147 318 2174 into
339 2145 427 2172 fuller

238 2183 305 2208 love
326 2180 384 2207 and

219 2215 408 2249 knowledge.

713 254 935 287 JOHANNIS
953 251 1138 284 WYCLIF
1157 249 1412 282 sERMONUM
1443 232 1599 291 [SERMO
1622 240 1746 269 XXXV-

443 365 481 400 in
514 375 664 400 amore.
701 364 741 397 In
776 362 850 396 hoc
884 359 988 395 enim
1023 358 1299 394 ostenderetur
1329 353 1475 391 caritas
1507 351 1598 401 plus
1634 350 1749 386 meria

442 422 546 459 toria
580 429 617 457 et
651 418 808 456 caritati
843 416 972 453 divine
1007 415 1190 451 similior.

501 479 686 516 Secunda
719 475 944 525 proprietas
976 472 1125 510 amoris
1155 471 1275 508 divini
1310 479 1367 507 cst
1390 469 1498 518 quod
1521 480 1601 504 non
1624 465 1752 514 diligit

444 538 545 574 alios
570 544 734 584 propter
758 533 1018 570 commodum
1042 530 1249 579 proprium
1275 530 1343 565 sed
1369 535 1534 576 propter
1557 526 1751 561 honorem

445 595 623 632 divinum
670 601 706 629 et
752 592 991 628 dilectorum
1031 589 1305 633 commodum,
1351 586 1406 622 sic
1444 597 1516 621 nos
1561 583 1786 619 debemus5

445 665 598 690 smcere
648 649 852 699 proximos
902 656 1062 684 nostros
1119 645 1283 694 diligere
1332 652 1498 692 propter
1558 642 1753 677 honorem

446 711 517 747 Dei
556 718 593 746 et
633 706 1050 745 communicacionem
1096 703 1189 740 boni
1239 702 1347 739 utilis
1391 699 1610 750 spiritualis
1654 698 1756 734 inter

445 782 517 805 nos
541 776 577 804 et
601 767 703 803 illos.
739 765 815 811 Qui
839 764 943 801 enim
967 776 1048 800 non
1072 762 1200 809 diligit
1229 760 1455 809 proximum
1480 770 1592 807 pure,
1624 756 1754 804 ipsum

445 840 525 863 non
569 838 659 862 vere
705 823 846 871 diligit,
892 823 1016 858 immo
1063 820 1146 857 odit
1201 828 1238 855 et
1284 817 1412 865 diligit
1456 829 1527 853 sua
1574 815 1635 852 vel
1679 813 1757 850 alia

447 882 701 921 delectabilia
733 883 782 918 ad
815 893 891 930 que
925 878 1093 915 dileccio
1127 876 1402 926 principaliter
1425 874 1676 910 terminatur.
1710 873 1758 907 Et
1779 885 1817 906 10

446 943 537 979 talis
562 940 729 977 dileccio
754 948 811 976 est
834 946 1036 986 corrupta.
1073 935 1294 983 Diligamus
1318 946 1411 981 ergo
1436 933 1576 969 fratres
1599 938 1759 966 nostros

454 1001 492 1036 in
526 999 715 1035 Domino.

504 1057 649 1094 Tercio
682 1064 815 1092 autem
842 1053 1008 1090 dileccio
1044 1053 1162 1088 habet
1194 1051 1297 1087 hanc
1330 1047 1619 1097 proprietatem
1653 1045 1761 1094 quod

449 1124 614 1164 propter
647 1126 827 1151 amorem
861 1112 1060 1148 sincerum
1093 1109 1177 1146 odit
1212 1109 1351 1153 malos,
1387 1106 1589 1153 diligendo
1623 1116 1761 1140 eorum

449 1184 635 1210 naturam
682 1181 719 1208 et
763 1170 937 1207 odiendo
982 1181 1119 1205 eorum
1166 1167 1343 1203 defectus
1386 1165 1446 1201 vel
1487 1162 1669 1205 crimina,
1708 1161 1819 1198 sic15

451 1245 522 1268 nos
563 1233 753 1267 debemus
792 1240 999 1277 perversos
1039 1235 1075 1262 et
1115 1224 1300 1260 inimicos
1335 1221 1482 1260 Christi
1523 1220 1686 1268 diligere
1727 1227 1764 1255 et

453 1290 585 1330 odire:
620 1288 785 1335 diligere
819 1295 983 1322 naturas
1018 1293 1055 1321 et
1079 1285 1225 1319 bonam
1259 1281 1452 1318 fabricam
1478 1279 1549 1315 Dei
1583 1287 1620 1314 et
1652 1277 1765 1313 odire

454 1356 619 1396 peccata
652 1347 712 1382 vel
744 1357 844 1393 opus
869 1342 1031 1380 diaboli.
1066 1343 1114 1377 Et
1138 1341 1177 1376 in
1211 1338 1386 1376 confinio
1410 1336 1641 1374 dileccionis
1674 1335 1764 1371 talis

455 1405 560 1441 licite
590 1414 710 1453 atque
734 1402 870 1439 illicite
894 1401 996 1437 iacet
1022 1411 1207 1447 magnum
1234 1397 1470 1446 periculum,
1496 1408 1584 1432 cum
1610 1393 1765 1430 invidus

455 1463 625 1500 faciliter
655 1461 740 1497 odit
763 1459 983 1496 bonitatem
1009 1455 1180 1506 proximi
1203 1464 1369 1504 propter
1392 1453 1621 1502 superbiam
1647 1460 1766 1499 atque
1783 1467 1825 1488 ρο

456 1520 660 1565 invidiam,
695 1520 763 1555 sed
796 1517 961 1555 virtuosi
994 1525 1036 1552 ut
1066 1517 1222 1563 Moyses
1257 1522 1293 1550 et
1326 1512 1445 1549 ceteri
1479 1510 1610 1548 debite
1642 1509 1767 1546 vindi-

456 1588 590 1616 cantes
624 1577 826 1614 vindicant
848 1579 1059 1624 (quantum
1092 1585 1190 1621 pure
1222 1571 1439 1616 sufficiunt)
1464 1569 1534 1606 Dei
1566 1567 1767 1612 iniuriam,

458 1636 645 1673 iniuriam
686 1634 892 1684 propriam
934 1632 1188 1669 sustinentes.
1244 1629 1308 1665 Sic
1348 1628 1452 1665 enim
1487 1626 1668 1663 Christus
1708 1637 1769 1661 ex-

459 1694 665 1743 probravit
705 1692 912 1741 phariseos
952 1700 988 1727 et
1029 1690 1257 1726 sacerdotes
1296 1687 1393 1735 legis
1430 1685 1573 1723 veteris
1613 1692 1649 1721 et
1683 1682 1770 1718 dili-

459 1754 588 1801 gendo
612 1760 776 1788 naturas
794 1759 830 1786 et
845 1749 1020 1786 odiendo
1044 1746 1300 1796 prodiciones
1316 1745 1387 1781 Dei
1411 1753 1530 1792 atque
1553 1741 1769 1791 ypocrises.
1788 1745 1828 1777 25

519 1813 565 1846 Et
589 1811 635 1846 ad
668 1809 784 1845 istam
808 1806 1111 1843 similitudinem
1142 1817 1215 1840 nos
1248 1804 1439 1839 debemus
1471 1800 1772 1838 communicare

462 1882 552 1905 cum
593 1866 781 1904 fratribus
819 1874 855 1902 et
896 1864 1036 1901 ceteris
1079 1864 1126 1899 de
1159 1860 1322 1911 privatis
1356 1859 1614 1908 religionibus
1647 1858 1773 1893 instar

462 1925 623 1963 Christi.
670 1927 716 1960 Et
753 1936 835 1959 non
873 1936 917 1959 ex
956 1934 1093 1958 eorum
1128 1918 1367 1969 superancia
1400 1917 1605 1966 superbire
1636 1916 1697 1952 vel
1730 1927 1773 1950 ex

463 1997 601 2021 eorum
642 1982 808 2018 crimine
849 1981 1112 2028 congaudere,
1158 1980 1226 2014 sed
1271 1975 1476 2013 caritative
1520 1975 1620 2011 velle
1665 1973 1773 2021 ipsos

464 2055 547 2079 esse
579 2041 694 2077 nobis
726 2039 875 2076 similes
907 2038 948 2074 in
981 2036 1230 2086 perfeccione
1263 2033 1464 2082 religionis
1496 2032 1685 2081 primeve.
1790 2035 1832 2068 30

523 2102 676 2145 Quarto
718 2106 894 2134 moveret
934 2097 984 2132 ad
1023 2094 1198 2131 debitam
1246 2091 1509 2129 dileccionem
1555 2091 1772 2126 fraternam

466 2159 573 2207 quod
606 2157 692 2204 ipsa
726 2165 782 2192 est
816 2155 855 2191 in
890 2154 962 2190 Dei
997 2152 1260 2189 dileccionem
1297 2149 1524 2187 beatificam
1559 2146 1774 2184 inductiva.

466 2218 566 2252 Nam
609 2215 671 2250 hic
711 2215 903 2250 habemus
937 2213 984 2248 de
1018 2214 1100 2247 Deo
1134 2209 1324 2246 noticiam
1365 2208 1494 2244 solum
1527 2206 1775 2254 specularem

466 2274 526 2310 vel
559 2271 875 2321 perfunctoriam
909 2279 946 2306 et
970 2282 1039 2318 per
1073 2279 1320 2316 consequens
1355 2265 1616 2301 dileccionem
1650 2264 1775 2299 levem

469 2340 505 2367 et
544 2344 565 2367 a
605 2328 851 2366 beatitudine
890 2336 1101 2372 remotam,
1146 2325 1236 2362 ideo
1276 2324 1377 2361 sicut
1411 2322 1482 2359 Dei
1520 2321 1682 2365 noticia,
1714 2319 1776 2355 >sic
1794 2324 1833 2357 35

469 2389 551 2425 eius
576 2387 743 2424 dileccio
766 2387 806 2422 in
839 2384 1141 2434 proficientibus
1175 2384 1428 2420 accendetur.
1464 2381 1577 2417 Unde
1598 2381 1643 2415 Jo
1668 2408 1675 2415 .
1701 2407 1708 2414 .

469 2447 552 2482 Hec
591 2453 645 2482 est
684 2446 760 2480 vita
799 2452 944 2490 eterna,
984 2450 1022 2478 ut
1062 2448 1296 2492 cognoscant
1334 2447 1369 2476 te
1409 2451 1540 2474 verum
1579 2438 1705 2473 Deum
1745 2442 1779 2471 et

470 2516 577 2552 quem
623 2503 761 2539 misisti
789 2502 918 2538 Jesum
957 2500 1166 2536 Christum.
1221 2499 1321 2534 Nam
1368 2498 1474 2533 clara
1519 2494 1667 2531 noticia
1707 2492 1778 2529 Dei

471 2562 689 2598 secundum
723 2560 909 2596 virtutem
951 2556 1233 2594 intellectivam
1273 2554 1426 2591 inducit
1460 2551 1780 2601 inseparabiliter

542 2704 566 2733 3.
583 2705 679 2732 Cod.:
701 2704 813 2731 divine.
887 2703 913 2730 8.
929 2703 1023 2730 Cod.:
1046 2710 1106 2729 nou
1128 2702 1220 2728 deest.
1294 2700 1321 2733 ὃ,
1343 2708 1371 2735 9.
1393 2699 1487 2728 Coa:
1508 2698 1611 2733 ipsum
1631 2712 1664 2716 -
1685 2695 1782 2731 diligit

471 2741 568 2768 twice.
667 2748 707 2766 10.
729 2739 824 2765 Cod.:
846 2738 1032 2765 dilectibilia.
1130 2738 1168 2764 18.
1191 2736 1286 2762 (ἰωὰ-τ
1308 2735 1439 2761 contiuo.
1537 2733 1582 2760 26.
1605 2731 1698 2759 Cod.:
1721 2738 1780 2756 non

473 2776 631 2802 debemus.
705 2772 746 2800 3⁴3.
769 2773 863 2800 Cod.:
885 2772 933 2799 hic
954 2772 1112 2799 debemus.
1186 2770 1231 2797 313.
1253 2770 1319 2796 Joh.
1343 2769 1480 2804 sequitur
1500 2768 1606 2795 lacuna
1627 2766 1656 2793 iu
1678 2766 1745 2792 cod.

494 2860 497 2861 ’
546 2869 599 2903 30.
625 2869 701 2900 ioh.
730 2869 835 2907 xvu,
863 2868 892 2899 3.
