1944 3323
142 229 279 259 samito
301 218 454 277 xrvnr]
636 233 810 266 TERTIA
839 235 965 267 PARS.
1670 241 1751 276 417

137 338 366 375 concordia.
408 340 499 375 Ideo
539 351 582 375 ex
620 339 809 387 opposito
848 340 914 376 ubi
954 349 1011 376 est
1052 341 1180 377 maior
1214 341 1453 378 intencionis

136 406 173 433 et
205 396 415 433 volicionis
449 397 663 438 discordia,
698 406 860 445 oportet
890 399 998 446 quod
1034 398 1162 435 maior
1193 399 1451 447 perturbacio

136 454 186 490 sit
224 463 371 491 secuta.
415 457 525 491 Patet
559 468 602 491 ex
642 455 818 491 historiis
856 469 878 492 a
912 456 1111 504 principio
1155 457 1293 493 mundi
1329 470 1453 505 usque

137 512 256 549 hodie
294 521 331 549 et
365 512 473 549 racio
512 513 550 548 id
585 513 797 549 convincit.
834 516 998 550 Possent
1022 514 1127 551 enim
1161 515 1314 563 private
1348 524 1453 551 secte

105 573 227 606 5cum
274 570 438 618 privatis
482 571 753 608 observanciis
798 581 953 608 tantum
1001 574 1059 610 vel
1106 573 1193 621 plus
1234 574 1363 610 facere
1409 575 1459 609 ad

137 629 373 677 popularem
415 629 690 666 concordiam.
737 631 829 667 Ideo
869 643 959 666 cum
1006 644 1142 667 earum
1189 631 1331 668 divisio
1374 631 1459 667 sine

137 686 363 723 humilitate
395 687 620 736 apostolica
652 687 746 724 facit
779 688 1038 735 discordiam,
1073 698 1182 738 patet
1215 691 1323 739 quod
1357 699 1458 726 esset

136 744 272 781 utilius
295 744 509 782 universali
533 745 699 783 ecclesie
723 748 830 794 quod
854 755 959 783 secte
983 747 1137 795 private
1159 748 1242 784 sine
1266 747 1461 785 divisione

137 802 366 839 huiusmodi
382 805 602 841 secundum
618 804 822 841 libertates
845 805 941 853 legis
958 805 1120 842 Domini
1146 806 1379 843 militarent.
1397 806 1462 843 Sic

82 874 122 897 10
138 861 243 898 enim
276 861 366 910 plus
391 864 601 899 tenderent
625 864 676 899 ad
706 863 972 911 perfeccionis
995 864 1222 928 simplicem
1246 864 1459 901 unitatem,

138 921 253 957 Unde
277 919 440 969 quidam
477 920 738 958 considerans
771 921 941 958 fratrum
975 922 1206 971 nequiciam
1230 922 1326 959 dicit
1350 924 1459 971 quod
1475 915 1752 988 Ἑζὶξξξζὲὃὶὲξῑῶ“

136 979 357 1015 secundum
397 992 536 1016 eorum
576 978 775 1027 principia
816 988 854 1016 et
892 980 1102 1017 veritatem
1145 981 1387 1018 catholicam
1421 981 1461 1017 in
1498 991 1577 1018 then
1597 991 1727 1027 oiiginal

137 1036 373 1073 obediencia
398 1039 483 1074 Deo
515 1046 552 1074 et
577 1037 730 1074 homini
760 1047 884 1075 staret
908 1038 1117 1087 potissime
1141 1052 1279 1076 eorum
1305 1039 1458 1088 religio,
1488 1012 1737 1090 ῆζζῗξᾞὲζῗωῖἓέ

136 1096 205 1131 sed
248 1104 457 1144 tamquam
496 1095 733 1132 Antichristi
772 1096 841 1132 filii
881 1098 969 1146 plus
1015 1111 1134 1147 quam
1179 1099 1349 1147 Begardi
1393 1107 1461 1136 aut
1494 1098 1542 1124 1¹¹2
1564 1098 1732 1132 sstghards.

83 1155 120 1188 15
138 1153 319 1202 Begwine
358 1155 407 1191 ab
441 1154 679 1191 obediencia
717 1155 951 1192 huiusmodi
989 1166 1080 1193 sunt
1126 1157 1312 1206 exempti.
1357 1160 1460 1194 Nam

137 1213 271 1260 quoad
310 1213 415 1261 leges
455 1212 589 1249 civiles
628 1213 668 1249 in
709 1214 926 1251 contractis
965 1228 1064 1263 quas
1103 1215 1284 1252 incolunt
1324 1215 1461 1252 dicunt

137 1272 246 1319 quod
283 1270 385 1307 nihil
426 1270 502 1307 illis
543 1280 580 1307 et
622 1271 698 1308 hiis
735 1272 902 1321 legibus,
939 1286 1029 1309 cum
1064 1274 1282 1322 privilegiis
1316 1274 1460 1323 quibus

44 1307 122 1394 {⁴}ss
138 1328 372 1365 immediate
415 1330 642 1366 subduntur
692 1343 796 1394 pape
846 1343 985 1379 regum
1026 1327 1031 1385 Ι
1072 1345 1152 1368 non
1196 1332 1361 1369 interest
1410 1334 1459 1369 ab
1509 1342 1708 1371 Thevclaim

139 1386 193 1423 eis
237 1386 433 1424 t1ibutum
480 1387 675 1436 accipere,
722 1388 831 1437 ipsos
878 1389 1082 1438 corripere
1126 1391 1187 1427 vel
1226 1390 1380 1438 punire,
1423 1400 1459 1426 et
1475 1376 1749 1422 extmp‘tiopfiom

1486 1414 1536 1440 the
1557 1414 1638 1449 llug
1643 1422 1656 1440 s
1678 1414 1742 1440 lule

80 1456 123 1478 20
138 1444 194 1481 sic
246 1445 285 1481 in
338 1445 434 1494 ipsis
476 1446 746 1483 Antichristus
799 1447 1002 1484 extollitur
1045 1461 1163 1497 super
1206 1461 1317 1485 omne
1359 1449 1461 1498 quod
1550 1435 1685 1510 ἱῑῐῇάιζῖῌξ

139 1503 282 1539 dicitnr
314 1504 432 1540 Deus.
479 1505 579 1541 Cum
622 1505 805 1541 Christus
846 1506 963 1543 solvit
1008 1506 1202 1543 tributum
1250 1507 1375 1544 cesari
1423 1515 1459 1543 et
1510 1483 1715 1551 {nisijaima

139 1560 213 1597 sibi
247 1574 292 1598 ac
328 1562 518 1598 ministris
551 1562 632 1599 suis
665 1563 739 1599 fuit
771 1577 928 1601 summe
961 1565 1151 1602 obediens
1186 1567 1320 1614 quoad
1354 1553 1566 1615 leges¹⁸ssl¹n¹11⁹
1580 1554 1749 1615 Εζῆζζὲῖζζξ)

140 1619 446 1666 ecclesiasticas,
488 1620 625 1657 dicunt
658 1623 767 1670 quod
806 1622 844 1658 in
885 1623 1015 1671 regnis
1049 1623 1193 1672 quibus
1233 1624 1459 1660 inhabitant
1521 1624 1706 1685 ξξῖιῗῃιῖξῖῃῗέ

138 1677 232 1714 licet
266 1678 320 1715 eis
356 1688 550 1727 quantum
586 1681 788 1716 cautelose
827 1681 1012 1718 sufficere
1053 1683 1158 1718 bona
1197 1695 1350 1730 rapere,
1390 1683 1459 1718 sed
1516 1680 1714 1727 Popf'siaw.

85 1737 123 1769 25
139 1736 304 1784 prelatis
349 1750 563 1785 regnorum
611 1751 693 1774 non
738 1748 829 1775 sunt
873 1740 1022 1776 subditi
1067 1742 1136 1776 sed
1186 1750 1369 1787 econtra3
1423 1750 1460 1777 et

139 1796 274 1843 quoad
297 1796 402 1843 leges
427 1797 591 1844 papales
614 1806 724 1845 patet
748 1799 856 1846 quod
886 1799 933 1834 de
967 1798 1063 1846 ipsis
1096 1808 1262 1847 propter
1295 1811 1458 1836 causam

141 1853 404 1902 multiplicem
451 1854 575 1891 nichil
621 1864 776 1892 curant.
824 1857 983 1893 Habent
1028 1856 1133 1893 enim
1173 1866 1460 1905 procuratores

140 1923 233 1948 suos
267 1913 548 1949 habundantes
573 1912 613 1949 in
637 1914 822 1961 pecunia,
858 1924 1089 1951 constantes
1114 1924 1151 1952 et
1175 1915 1460 1952 callidissimos

139 1979 336 2017 oratores,
372 1970 428 2007 sic
462 1972 570 2019 quod
602 1984 684 2008 non
716 1971 809 2009 licet
838 1974 907 2009 sed
931 1973 1078 2009 sufficit
1101 1973 1241 2010 iuratis
1266 1974 1305 2010 in
1329 1974 1460 2022 regnis

81 2027 124 2059 30
139 2029 306 2066 remotis
340 2028 448 2077 ipsos
481 2042 502 2066 a
537 2029 617 2066 suis
650 2031 854 2067 erroribus
888 2044 1095 2068 removere
1137 2042 1174 2068 et
1212 2032 1243 2069 si
1283 2032 1337 2069 eis
1376 2033 1459 2080 pla-

139 2087 268 2123 cuerit
300 2086 509 2135 privilegia
543 2097 683 2125 contra
716 2089 822 2137 leges
854 2091 1020 2138 papales
1054 2090 1208 2138 priores
1231 2091 1458 2139 adquirere,

138 2145 274 2181 statim
310 2146 388 2182 fiet.
423 2147 471 2181 Et
501 2148 637 2194 quoad
670 2147 798 2195 legem
823 2148 998 2185 divinam
1024 2148 1216 2185 simulant
1239 2149 1460 2198 ypocritice

138 2204 419 2240 excellenciam
444 2204 670 2241 sanctitatis
694 2214 732 2242 et
756 2208 890 2254 quoad
914 2207 1096 2255 ipsorum
1131 2208 1258 2255 legem
1295 2207 1460 2244 cautelis

138 2261 287 2298 diaboli
322 2261 532 2310 implicant
564 2275 725 2311 gregem
761 2264 922 2301 Christi.

81 2320 120 2353 35
197 2322 254 2356 De
287 2320 363 2356 illis
397 2329 531 2356 autem
567 2321 781 2358 duodecim
816 2323 1012 2359 fructibus
1046 2323 1388 2372 spiritualibus..

138 2386 175 2413 et
208 2378 473 2426 spiritualiter
507 2379 690 2416 calefacit
724 2381 950 2418 ecclesiam.

198 2437 299 2472 Cum
342 2445 476 2473 autem
519 2437 691 2485 Spiritus
726 2440 897 2475 Sanctus
937 2439 994 2476 sic
1033 2439 1231 2476 inhabitat
1268 2440 1457 2487 viventes,

137 2503 247 2541 patet
287 2496 394 2542 quod
440 2507 601 2531 necesse
644 2505 701 2531 est
742 2496 872 2545 ipsum
913 2497 1139 2545 germinare
1179 2499 1380 2534 caritatem
1421 2498 1459 2534 in

205 2676 232 2706 8
255 2685 282 2705 ι)
307 2675 400 2702 Codn
429 2676 492 2702 six-e
513 2676 626 2703 dixisio
648 2677 738 2703 huius
831 2686 871 2710 ω.
894 2678 988 2705 Cod.:
1018 2680 1068 2706 sed
1091 2684 1217 2706 tantam.
1297 2678 1340 2706 33.
1363 2678 1457 2706 cod..-

135 2710 217 2745 quod
240 2710 287 2744 ips
292 2718 380 2737 oium
403 2718 433 2737 cs
422 2715 446 2736 <t
467 2711 491 2737 lx.
480 2719 576 2745 egem
700 2712 804 2739 .cod.
818 2725 823 2738 :
852 2714 999 2748 implicat.
1089 2712 1129 2741 35.
1153 2715 1381 2749 spiritualibus3
1411 2715 1458 2741 hic

135 2745 253 2780 aliquot
274 2746 365 2772 xerba
387 2745 520 2772 εκῡίἀί55
508 2754 538 2772 >c
559 2754 672 2780 appar
658 2711 704 2773 Ξτ.

208 2874 260 2894 20.
289 2864 327 2894 11.
347 2863 475 2895 Thess.
505 2866 545 2903 ΙΙ,
571 2876 602 2905 4.
702 2866 756 2898 38.
785 2867 862 2899 Gai.
896 2868 934 2907 V,
965 2879 1016 2899 22.

1277 2936 1317 2968 27
