1944 3323
144 258 280 288 samio
303 247 415 304 XLV]
638 258 814 290 TERTm
842 258 968 289 PARS.

145 368 297 405 sionem
339 367 511 415 Spiritus
552 365 689 402 Sancti
735 365 850 413 plene
896 373 936 400 ut
983 363 1132 408 debuit,
1179 365 1247 399 sed
1295 376 1340 398 eo
1386 363 1472 410 ipso

146 427 254 475 quod
287 425 325 461 in
359 425 427 461 illo
451 424 595 461 defecit
629 422 809 472 peccavit
842 422 1031 458 continue
1075 422 1216 458 saltem
1250 420 1472 467 venialiter,

146 497 239 532 ergo
291 483 512 520 conclusio.
570 484 619 518 Et
663 482 780 518 istam
835 479 1080 517 sentenciam
1126 479 1284 517 videtur
1316 480 1472 517 Veritas

146 542 311 580 innuere
343 541 512 579 Matthei
535 542 620 586 V10,
653 550 712 585 12,
747 539 813 575 ubi
848 541 966 576 docet
998 538 1170 575 viatores
1210 550 1472 587 quoscunque

112 604 281 638 Sorare:
314 600 477 636 Dimitte
510 600 616 635 nobis
650 599 774 634 debita
809 605 954 643 nostra,
987 597 1086 633 sicut
1118 606 1208 642 etc.,
1243 596 1310 632 ubi
1334 609 1472 645 super—

146 660 287 697 flueret
319 671 436 695 orare
469 670 542 706 pro
576 656 810 693 dimissione
835 656 958 692 debiti
991 656 1080 704 plus
1113 668 1234 704 quam
1268 654 1308 691 in
1341 655 1473 704 patria

145 718 221 754 nisi
245 717 424 755 debitum
448 717 591 753 saltem
615 715 770 764 peccati
793 714 959 751 venialis
992 714 1032 750 in
1055 713 1209 751 viatore
1231 712 1472 762 generaliter

145 785 384 814 remaneret.

202 837 314 881 Item,
355 834 386 871 si
418 833 549 870 viator
580 832 674 870 vivit
714 844 784 880 per
822 840 980 880 tempus
1020 831 1137 879 plene
1182 831 1232 868 ad
1277 831 1470 879 regulam,

92 894 200 930 1osic
239 906 321 930 non
366 894 485 929 habet
532 904 575 928 ex
614 890 730 928 donis
771 889 842 926 Dei
894 890 999 926 unde
1045 888 1175 925 vivere
1221 890 1338 926 debet
1383 901 1471 938 per-

145 952 305 998 feccius,
346 960 388 988 ut
426 959 587 999 oportet
627 950 849 986 concedere
882 949 930 984 de
969 947 1172 995 assignato
1213 947 1376 984 homine
1415 947 1472 984 sic

144 1019 350 1059 peccante,
399 1017 510 1058 patet
557 1009 666 1057 quod
706 1006 796 1044 talis
835 1008 882 1043 de
922 1018 962 1042 se
1002 1007 1063 1042 vel
1102 1018 1346 1054 quocunque
1391 1005 1472 1043 alio

145 1071 220 1106 hoc
253 1081 434 1106 asserens
457 1066 655 1116 presumit
679 1074 820 1103 contra
848 1064 1183 1113 paranimphum3
1218 1064 1472 1112 Evangelista

144 1127 211 1177 qui
235 1127 374 1164 scribit
398 1129 425 1163 Ι.
444 1126 531 1162 Joh.
557 1128 607 1171 10,
635 1125 657 1161 8
693 1124 733 1160 in
766 1122 1008 1160 memoriam
1041 1123 1091 1159 ad
1124 1122 1241 1159 istam
1277 1123 1470 1160 heresim:

90 1189 126 1220 ις’)
144 1187 187 1222 Si
200 1186 363 1222 dicimus
378 1185 480 1235 quod
495 1191 699 1233 peccatum
723 1195 794 1218 non
819 1182 1016 1229 habemus,
1032 1193 1098 1217 nos
1117 1181 1219 1231 ipsos
1240 1182 1471 1227 seducimus,

143 1252 178 1281 et
218 1245 361 1280 veritas
398 1244 434 1279 in
473 1242 580 1278 nobis
618 1254 690 1278 non
729 1248 794 1277 est.
836 1241 944 1277 Idem
985 1239 1091 1276 enim
1134 1249 1192 1276 est
1224 1241 1274 1276 ad
1310 1252 1471 1277 sensum

146 1303 215 1339 Dei
243 1303 283 1339 in
307 1301 561 1349 Evangelista
591 1313 674 1337 non
703 1311 871 1348 peccare
901 1308 938 1336 et
968 1307 1180 1347 peccatum
1204 1311 1286 1335 non
1310 1299 1470 1345 habere,

144 1361 238 1411 quia
277 1366 334 1407 (ut
373 1360 623 1398 contendunt
660 1357 854 1407 Sophiste)
897 1357 1064 1406 quilibet
1096 1356 1226 1394 viator
1258 1366 1470 1405 peccatum

143 1433 225 1457 non
259 1421 391 1465 habet,
434 1431 514 1455 non
556 1419 687 1454 solum
720 1416 814 1466 quia
847 1416 1016 1464 quilibet
1049 1417 1098 1452 ab
1132 1415 1268 1464 aliquo
1302 1425 1470 1464 peccato

85 1491 127 1514 20
144 1478 277 1516 fratris
316 1477 552 1523 excluditur,
587 1477 656 1513 sed
689 1475 784 1524 quia
817 1487 957 1511 omnes
991 1473 1174 1510 homines
1207 1487 1288 1511 non
1322 1475 1471 1511 habent

143 1546 355 1586 peccatum
389 1536 567 1584 aliquod,
602 1548 671 1571 cor
693 1535 753 1571 vel
787 1542 921 1582 caput,
956 1532 1049 1570 licet
1081 1533 1256 1569 habeant
1289 1542 1468 1581 peccata,

142 1596 248 1632 idem
283 1608 376 1643 ergo
411 1603 469 1631 est
493 1596 543 1631 ad
576 1606 735 1630 sensum
770 1591 943 1640 Spiritus
977 1591 1115 1628 Sancti
1147 1600 1358 1639 peccatum
1389 1605 1470 1628 non

143 1656 288 1692 habere
328 1663 364 1691 et
399 1655 509 1690 (dum
543 1652 723 1689 vivamus
756 1651 795 1687 in
828 1650 908 1687 vita
941 1649 1134 1695 sensibili)
1167 1663 1249 1686 non
1282 1663 1469 1699 peccare3

142 1712 325 1762 quamvis
365 1721 497 1749 autem
534 1710 699 1760 quidam
735 1718 827 1746 ante
862 1718 1031 1745 mortem
1068 1709 1242 1745 habeant
1275 1711 1413 1745 datum
1448 1723 1470 1746 a

86 1773 126 1806 25
144 1775 227 1808 Deo
252 1770 508 1819 singulariter
531 1771 639 1818 quod
663 1768 815 1806 faciunt
838 1768 952 1816 plene
978 1769 1028 1803 ad
1051 1768 1232 1815 regulam
1257 1767 1469 1816 diligentes

144 1833 271 1867 Deum
296 1838 492 1878 quantum
526 1829 685 1873 debent,
716 1835 877 1875 oportet
901 1835 995 1862 tunc
1028 1825 1138 1874 ipsos
1172 1839 1255 1862 esse
1289 1827 1469 1863 exclusos

143 1904 163 1926 a
196 1889 277 1926 vita
310 1887 500 1933 sensibili,
535 1886 628 1936 quia
651 1887 761 1923 Exod
768 1914 911 1922 .....
946 1884 1152 1921 scribitur:
1203 1886 1289 1921 Non
1331 1886 1469 1922 videbit

142 1961 200 1984 me
232 1948 346 1983 homo
378 1954 412 1982 et
446 1947 556 1982 vivet.

202 2009 313 2051 Item,
336 2005 493 2043 videtur
517 2005 626 2052 quod
656 2005 795 2040 beatus
821 2005 961 2039 Petrus
984 2002 1024 2039 in
1046 2011 1130 2039 tota
1157 2003 1467 2039 conversacione

84 2068 126 2099 30
142 2078 213 2102 sua
238 2073 327 2113 post
352 2063 583 2100 missionem
601 2061 774 2111 Spiritus
790 2061 925 2098 Sancti
951 2061 1186 2109 diligencius
1210 2061 1469 2110 sequentibus

142 2123 350 2171 apostolos
384 2121 579 2170 Spiritum
613 2122 805 2157 Sanctum
840 2120 1054 2165 consuluit,
1089 2122 1157 2157 sed
1180 2120 1265 2168 ipse
1289 2120 1469 2168 peccavit

142 2181 361 2228 venialiter,
407 2180 679 2217 abstrahendo
718 2192 758 2215 se
804 2192 894 2215 cum
933 2178 1068 2215 Judeis
1113 2191 1135 2215 a
1179 2178 1469 2215 communione

142 2254 232 2277 cum
258 2239 460 2276 conversis
489 2237 686 2286 gentibus,
719 2250 812 2285 ergo
838 2238 962 2273 multo
987 2236 1215 2273 evidencius
1239 2236 1469 2286 quicunque

143 2299 209 2335 alii
234 2300 282 2335 de
314 2297 463 2334 nostris
487 2296 670 2333 faciendo
695 2295 887 2344 quicquid
920 2295 1173 2332 meritorium
1199 2297 1307 2344 quod
1330 2295 1468 2332 fecerit

85 2360 124 2392 35
141 2357 311 2393 vivendo
345 2356 384 2392 in
406 2355 486 2392 vita
519 2353 696 2391 sensibili
728 2354 967 2402 peccaverit.
1001 2356 1104 2390 Nam
1136 2353 1177 2390 in
1200 2354 1277 2390 fide
1302 2353 1468 2390 ecclesie

143 2417 191 2452 ad
217 2416 303 2452 Gal.
328 2417 395 2460 Ils',
428 2427 466 2450 11
508 2412 697 2450 scribitur
721 2413 927 2461 quomodo
952 2413 1098 2449 Paulus
1128 2413 1325 2461 infaciem
1350 2413 1467 2448 Petro

143 2474 295 2519 restitit,
334 2473 420 2522 quia
454 2471 796 2521 reprehendendus
835 2479 940 2516 ercit;
984 2484 1074 2507 cum
1114 2483 1186 2507 nec
1223 2472 1361 2507 Petrus
1394 2483 1466 2507 nec

142 2532 209 2568 alii
232 2531 345 2568 Judei
380 2530 560 2568 conversi
594 2529 897 2566 communicare
922 2529 1134 2565 voluerunt
1158 2541 1249 2565 cum
1283 2529 1466 2577 gentibus

141 2599 184 2626 ut
217 2591 453 2626 debuerunt.
488 2591 536 2625 Et
568 2588 724 2625 utinam
757 2601 830 2624 nos
863 2588 952 2636 plus
986 2587 1233 2624 declinantes
1266 2601 1288 2624 a
1320 2587 1467 2624 stricti-

211 2748 234 2776 5.
257 2748 352 2775 coda
379 2747 543 2775 dimittere.
624 2755 664 2774 21.
685 2755 738 2774 cor
758 2748 802 2774 vel
825 2751 934 2781 caput:
962 2747 1090 2774 rectius:
1119 2747 1196 2774 sicut
1217 2755 1272 2774 nec
1293 2756 1387 2774 unum
1409 2755 1462 2774 cor

142 2784 309 2845 §elbcaputh
366 2782 411 2809 26.
429 2782 523 2809 Cod.:
546 2787 610 2809 tum
631 2787 715 2809 tunc.
773 2790 818 2817 27.
839 2782 958 2816 Exod.;
981 2782 1120 2816 sequitur
1141 2782 1259 2809 lacuna.
1317 2791 1345 2816 9.
1363 2782 1460 2809 Cod.:

165 2827 179 2845 e
204 2827 274 2845 eren
293 2839 298 2844 .

215 2912 267 2944 27.
294 2901 405 2933 Exod.
433 2900 588 2942 XXXIll,
618 2911 672 2933 20.

1683 244 1761 291 389

1486 846 1519 865 as
1539 838 1661 865 follows
1682 839 1762 866 troni

1510 873 1560 900 the
1581 874 1685 900 words
1705 874 1740 901 of

1547 908 1591 937 St.
1612 908 1701 936 John.

1493 2008 1575 2047 ljjven
1599 2010 1642 2037 St.
1665 2010 1750 2036 Petet

1484 2045 1592 2072 smned
1614 2044 1756 2081 venially.
