1944 3323
77 903 114 925 10

73 1770 113 1802 25

129 255 264 282 Sl-LRMO
287 245 411 301 κων]
618 257 789 289 TERTIA
821 257 943 288 PARS.

189 368 234 401 Et
270 365 344 402 ista
380 365 547 402 materia
582 365 751 401 fideliter
785 364 992 412 predicata
1026 363 1255 410 vulgaribus
1289 362 1445 399 contin-

129 432 266 470 gerent
299 424 476 472 privatos
509 423 671 460 ordines
705 435 897 471 expensas
930 421 1199 470 spiritualium
1235 430 1443 457 oratorum

130 490 166 518 et
199 482 365 518 omnino
404 482 579 519 facerent
619 481 792 518 viatores
833 481 871 516 in
912 481 991 517 vita
1031 493 1102 517 sua
1143 479 1349 516 meritoria
1388 492 1445 514 se-

130 541 306 576 cundum
354 541 479 588 legem
520 540 668 577 Christi
710 539 932 587 primevam
975 538 1190 575 confidere.
1237 539 1285 573 Et
1325 538 1446 573 credo

130 600 238 646 quod
272 598 448 634 intencio
481 598 677 646 generalis
711 597 922 634 iuvaminis
956 599 1005 633 ad
1040 597 1156 633 istam
1199 595 1445 632 sentenciam

129 657 219 704 plus
264 658 472 704 prodesset
517 658 566 693 ad
612 656 844 693 oracionem
891 655 1030 692 utilem
1077 668 1196 704 quam
1246 662 1447 703 quotquot

132 714 379 751 intenciones
424 715 577 762 private
622 714 804 751 iuvarent
851 715 911 750 vel
964 714 1019 750 sic
1066 713 1341 749 intendentem
1387 712 1448 748 vel

130 772 253 809 alium
289 786 362 821 pro
395 786 475 821 quo
508 782 617 817 orat3
651 786 742 809 nam
778 784 918 809 omnes
951 771 1213 820 operaciones
1245 769 1449 807 meritorie

131 840 168 867 et
201 831 428 879 specialiter
458 831 522 868 ille
546 831 690 880 quibus
723 830 944 867 intenditur
978 840 1015 867 et
1048 830 1206 867 iuvatur
1239 828 1448 867 ordinacio

131 889 278 925 Christi
312 889 491 938 primeva
529 889 701 927 afferunt
734 902 904 938 persone
944 898 981 925 et
1020 898 1062 925 ut
1103 888 1334 936 capaciores
1372 886 1449 923 sint

130 948 219 995 plus
259 947 436 996 suffragii
477 948 716 997 spiritualis;
755 960 849 984 nam
883 952 940 993 (ut
974 946 1125 984 dictum
1161 956 1217 982 est
1252 945 1448 994 superius)

130 1005 254 1042 nimia
294 1006 544 1055 blasphemia
587 1016 643 1043 est
677 1018 853 1042 asserere
893 1007 1001 1054 quod
1034 1005 1264 1055 quicunque
1296 1003 1449 1040 viantes

129 1074 292 1112 possent
338 1066 387 1102 ad
428 1064 586 1101 libitum
627 1076 866 1113 quecunque
908 1063 1051 1101 merita
1090 1065 1179 1112 plus
1217 1063 1278 1100 vel
1319 1061 1449 1098 minus

130 1123 179 1158 ad
214 1124 533 1170 prodessendum
570 1135 740 1171 persone
774 1135 894 1171 quam
920 1123 1008 1170 plus
1033 1122 1203 1171 diligunt
1227 1121 1446 1170 applicare.

97 1183 210 1217 §Nec
244 1181 410 1218 dubium
445 1181 541 1230 quin
564 1193 802 1229 quecunque
834 1181 915 1217 vita
947 1181 1007 1217 vel
1041 1180 1232 1230 operacio
1267 1178 1449 1216 sanccior

129 1248 201 1283 est,
249 1240 386 1277 oracio
426 1239 576 1285 utilior,
623 1249 659 1276 et
704 1239 760 1276 sic
805 1238 1002 1287 contingit
1042 1241 1149 1288 quod
1194 1237 1449 1275 taciturnitas

129 1298 189 1334 vel
237 1298 429 1346 operacio
478 1298 585 1334 circa
639 1297 945 1335 edificacionem
996 1297 1161 1334 ecclesie
1208 1306 1266 1333 est
1311 1295 1449 1333 oracio

130 1355 268 1393 utilior
292 1370 413 1406 quam
439 1369 676 1405 quecunque
701 1357 854 1392 intenta
888 1356 1177 1404 specialissime
1211 1357 1260 1392 ab
1293 1363 1447 1391 orante.

130 1416 231 1451 Nam
265 1428 347 1452 non
379 1415 419 1451 in
451 1415 567 1451 labiis
599 1424 758 1452 tantum
791 1415 860 1451 sed
892 1414 932 1450 in
954 1423 1042 1451 toto
1076 1426 1247 1462 corpore
1269 1415 1336 1450 sed
1362 1425 1449 1460 spe-

74 1489 88 1509 2
132 1472 288 1509 cialiter
333 1473 372 1509 in
418 1473 553 1510 anima
599 1472 782 1510 consistit
827 1472 965 1509 oracio
1011 1476 1095 1510 Deo
1141 1472 1304 1521 placita.
1359 1473 1447 1507 Non

130 1540 266 1568 tamen
306 1544 407 1580 nego
442 1531 538 1580 quin
578 1533 750 1568 multum
790 1531 951 1579 proficit
991 1532 1047 1568 sic
1086 1543 1202 1568 orare
1241 1529 1447 1574 vocaliter,

131 1591 224 1626 dum
259 1598 396 1627 tamen
429 1590 587 1627 animus
621 1590 677 1626 sic
710 1589 863 1626 orantis
898 1590 1132 1627 attenditur.

187 1650 235 1684 Et
268 1657 380 1697 patet
414 1650 521 1697 quod
555 1650 643 1697 plus
673 1649 838 1697 prodest
862 1650 1089 1685 conducere
1111 1656 1316 1685 oratorem
1341 1655 1448 1682 recte

128 1706 325 1744 viventem
361 1720 481 1756 quam
523 1707 742 1756 quemlibet
780 1707 978 1754 prelatum
1013 1708 1073 1744 vel
1105 1707 1268 1743 fratrem
1306 1705 1392 1753 plus
1427 1717 1448 1740 a

130 1766 214 1813 lege
239 1765 403 1801 Domini
429 1765 710 1802 declinantem.
746 1767 838 1802 Ideo
863 1766 991 1802 clerus
1016 1766 1208 1802 collectus
1233 1764 1271 1799 in
1295 1764 1448 1811 synodo

129 1825 391 1860 Terremotus
413 1837 495 1860 non
515 1823 599 1860 sine
624 1837 744 1860 causa
768 1823 1070 1861 racionabiliter
1093 1831 1279 1872 suspecta
1298 1830 1448 1871 preter-

132 1881 239 1918 misit
273 1882 482 1919 oraciones
506 1882 747 1919 secularium
773 1884 1030 1919 sacerdotum
1057 1891 1093 1919 et
1117 1881 1327 1918 oraciones
1351 1879 1449 1917 alias

132 1939 309 1977 fidelium
344 1940 555 1977 laicorum.
602 1941 641 1977 Si
676 1940 780 1978 enim
816 1941 867 1976 ad
899 1940 1021 1977 vitam
1057 1949 1094 1977 et
1127 1940 1305 1988 regulam
1341 1938 1449 1975 ordi-

130 2007 266 2035 natam
302 1998 449 2035 Christi
482 1999 716 2045 attenditur,
751 1998 827 2047 ipsi
859 2008 949 2035 sunt
983 1998 1253 2036 communiter
1286 1996 1450 2046 prelatis

132 2056 294 2094 cesariis
319 2066 357 2094 et
381 2057 547 2106 privatis
571 2057 782 2094 ordinibus
805 2057 990 2106 apciores
1014 2066 1051 2094 et
1077 2056 1202 2106 magis
1225 2055 1448 2093 laudabiles

132 2124 327 2161 oratores,
362 2128 408 2152 eo
441 2117 550 2165 quod
582 2115 663 2153 vita
696 2129 835 2153 eorum
870 2125 927 2152 est
961 2115 1277 2153 auctorizacioni
1302 2112 1450 2152 Christi

132 2173 413 2222 propinquior.
460 2177 542 2211 Nec
574 2175 754 2223 sequitur
789 2187 832 2211 ex
864 2174 942 2211 isto
975 2174 1177 2223 superflue
1210 2185 1327 2210 orare
1362 2184 1450 2220 spe·

133 2231 336 2268 cialiterve
370 2245 443 2280 pro
477 2232 659 2280 partibus
693 2232 858 2270 ecclesie
892 2232 1092 2279 ordinate,
1132 2232 1225 2281 quia
1265 2244 1357 2280 sepe
1393 2230 1450 2266 di-

133 2303 268 2326 cemus
302 2290 341 2327 in
370 2290 517 2327 talibus
540 2292 629 2339 plus
654 2291 863 2329 caritative
887 2293 1014 2327 Deum
1040 2300 1077 2327 et
1101 2290 1311 2327 ecclesiam
1336 2302 1447 2326 suam

76 2352 90 2384 T
134 2348 317 2396 diligere3
355 2350 545 2385 debemus
576 2358 712 2386 tamen
743 2349 981 2398 regulariter
1012 2349 1100 2398 plus
1134 2351 1260 2385 Deum
1300 2357 1337 2385 et
1360 2358 1450 2396 post

134 2406 397 2443 universalem
433 2407 644 2444 ecclesiam
680 2407 751 2444 Dei
785 2408 950 2456 diligere
984 2416 1020 2444 et
1054 2408 1179 2444 tercio
1213 2405 1450 2456 proporcio-

134 2464 278 2501 naliter
322 2474 365 2501 ut
404 2467 509 2502 Deus
550 2465 677 2514 magis
718 2465 846 2514 diligit
887 2465 1015 2502 maius
1056 2467 1220 2511 bonum,
1262 2465 1450 2502 continue

135 2522 312 2559 dicentes
346 2523 385 2559 in
419 2523 555 2560 animo
580 2526 663 2561 Deo
698 2533 837 2561 nostro
859 2524 949 2560 Fiat
982 2523 1171 2561 voluntas.
1207 2526 1264 2560 De
1298 2532 1449 2572 quanto

136 2581 239 2617 enim
268 2581 394 2629 magis
418 2582 623 2618 humiliter
647 2582 745 2618 illud
763 2582 992 2628 dixerimus,
1019 2582 1145 2630 magis
1171 2582 1290 2619 matri
1313 2591 1449 2618 nostre

76 2653 118 2682 40
136 2639 385 2687 proficimus,
421 2649 457 2676 et
491 2653 562 2687 pro
588 2670 594 2677 .
621 2670 627 2677 .
655 2669 661 2676 .
690 2670 696 2676 .
732 2653 850 2689 quam
876 2642 984 2677 nuda
1009 2649 1065 2677 est
1090 2640 1283 2677 diffinicio
1307 2642 1449 2677 Terre-

137 2707 281 2743 motus,
317 2711 407 2734 cum
442 2700 491 2734 sit
525 2698 789 2747 impertinens
822 2708 955 2735 utrum
991 2699 1128 2736 oracio
1152 2699 1367 2748 specialior
1391 2699 1448 2735 x‘cl

135 2756 361 2802 generalior
400 2757 488 2804 plus
528 2757 654 2804 prosit
694 2757 871 2801 ecclesie,
913 2758 1183 2794 communiter
1217 2767 1350 2794 tamen
1387 2770 1449 2801 ge-

205 2912 254 2935 40.
276 2908 303 2929 ct
326 2911 395 2937 pro:
421 2903 469 2930 luc
491 2904 617 2930 verbum
639 2904 789 2930 excidisse
812 2904 947 2932 videtur:
970 2904 1091 2931 Rectius*
1112 2909 1139 2930 et
1161 2905 1269 2939 probo.

1656 242 1729 281 ‘381³

1495 369 1517 396 ll
1540 369 1600 395 this
1622 377 1701 395 were

1523 404 1676 439 generally

1521 438 1684 472 preached.

1497 473 1630 500 Christ's
1651 474 1708 500 law

1471 508 1572 534 would
1595 508 1629 534 be
1650 516 1739 535 more

1523 543 1679 570 followed.

1470 1659 1496 1686 lt
1516 1659 1541 1686 is
1563 1659 1739 1700 suspicions

1463 1694 1527 1720 that
1541 1694 1591 1721 the
1606 1694 1734 1721 Louncil

1473 1729 1530 1756 had
1554 1729 1683 1763 nothing
1703 1734 1733 1756 to

1488 1772 1541 1799 say
1561 1772 1594 1790 as
1615 1769 1645 1791 to
1666 1764 1716 1790 the

1512 1807 1639 1834 prayers
1659 1799 1694 1826 of

1476 1834 1595 1860 secular
1616 1834 1727 1868 priests

1499 1869 1557 1895 and
1582 1869 1702 1896 faithful

1535 1904 1665 1939 laymen.
