1944 3323
193 1051 260 1078 Oux·
281 1051 412 1086 prelatos

208 1086 325 1113 imitate
345 1086 394 1112 tlte

195 1121 302 1148 dcvil's
323 1120 409 1156 pride

203 1156 304 1183 rather
324 1156 395 1182 than

237 1191 370 1218 Christ‘s

225 1226 380 1261 humility.

184 1457 272 1492 They
293 1465 342 1484 are
364 1461 416 1483 not

210 1492 342 1520 careless
364 1491 397 1518 of

186 1527 285 1554 siches
306 1535 338 1554 as
359 1534 422 1553 was

208 1561 324 1596 Christ,
344 1569 401 1588 nor

168 1598 277 1632 simple
293 1596 321 1623 in
335 1596 439 1630 living.

195 1982 255 2011 we
276 1985 359 2008 must
380 1981 414 2007 be

187 2017 299 2045 careful
322 2020 373 2042 not
395 2021 425 2042 to

192 2056 319 2079 consent
340 2051 418 2077 their

216 2087 272 2114 evil
294 2094 389 2121 ways.

749 241 974 274 JOHANNIS
993 240 1177 273 WYCLlF'
1198 239 1455 272 SERMONUM
1522 224 1674 283 [SERMO
1695 234 1759 263 LV-

453 348 597 385 ditorie
638 347 932 384 consenciendo
971 345 1151 383 hostibus
1190 345 1349 394 parabit
1383 345 1459 381 illis
1499 344 1631 381 media
1663 357 1760 393 quo-

452 408 573 443 modo
628 405 783 442 facilius
842 414 878 442 et
930 405 1019 453 plus
1071 405 1238 440 subdole
1297 403 1511 440 exercitum
1572 411 1760 451 poterunt

451 476 653 513 superare.
700 465 748 499 Et
780 463 852 499 hec
891 462 999 499 racio
1039 474 1162 511 quare
1195 461 1435 498 christianus
1477 461 1669 497 exercitus
1702 469 1761 497 est

451 532 607 560 tantum
650 521 769 558 hodie
807 529 1031 569 superatus.
1078 523 1125 556 Et
1159 520 1339 568 quamvis
1376 532 1456 556 non
1489 520 1679 555 debemus
1713 520 1760 555 de

452 579 748 628 dampnacione
780 579 951 627 proximi
984 587 1134 614 temere
1167 578 1358 623 iudicare,
1392 587 1526 614 tamen
1560 590 1603 614 ex
1625 578 1794 622 verbo,5

452 651 572 687 opere
617 646 654 674 et
698 637 971 674 taciturnitate
1021 637 1268 684 prelatorum
1322 645 1358 672 et
1410 644 1550 672 vocate
1598 635 1762 671 ecclesie

451 697 760 745 supponendum
794 694 949 731 videtur
982 703 1102 743 atque
1135 694 1343 742 probabile
1368 695 1477 742 quod
1511 693 1588 729 sint
1612 691 1762 729 diaboli

452 753 661 791 incarnati.
708 755 821 790 Unde
865 753 1028 801 quidam
1073 752 1213 789 asserit
1253 753 1360 800 quod
1407 759 1498 788 sunt
1542 752 1761 788 secundum

452 814 624 849 formam
649 824 727 860 qua
751 811 815 847 hic
838 811 934 847 dicit
958 811 1174 858 Apostolus
1208 809 1412 858 tripartiti,
1445 809 1500 846 sic
1525 810 1632 858 quod
1656 821 1761 857 papa

454 880 491 907 et
524 869 747 907 cardinales
788 878 879 905 sunt
916 869 1136 918 spiritualia
1171 868 1337 917 nequicie
1368 868 1403 903 in
1437 868 1648 910 celestibus,
1682 866 1762 914 epi·
1782 881 1820 901 10

453 927 564 977 scopi
606 937 643 964 et
681 927 809 964 curati
848 936 939 963 sunt
972 927 1105 962 mundi
1140 926 1251 961 huius
1284 933 1454 962 rectores
1487 934 1523 961 et
1556 924 1762 961 inferiores

454 986 588 1023 clerici
621 994 711 1022 sunt
739 985 935 1034 principes
968 992 1002 1020 et
1029 992 1250 1034 potestates.

511 1046 612 1081 Cum
646 1043 750 1080 enim
785 1052 875 1080 sunt
898 1044 977 1078 duo
1011 1052 1185 1078 extrema
1219 1055 1261 1078 ex
1286 1042 1428 1090 quibus
1458 1042 1628 1078 debeant
1661 1039 1762 1076 iudi-

455 1102 535 1139 cari
580 1101 767 1147 viatores,
814 1101 1030 1137 videndum
1075 1101 1176 1136 foret
1222 1099 1251 1135 si
1294 1099 1436 1148 prelati
1468 1099 1595 1136 nostri
1627 1098 1763 1135 vivunt

455 1160 614 1197 Christo
647 1159 817 1195 similius
851 1172 972 1207 quam
1005 1158 1079 1206 ipsi
1113 1157 1289 1194 diabolo.
1336 1158 1516 1195 Christus
1551 1156 1657 1193 enim
1690 1156 1764 1192 fuit
1785 1160 1819 1191 15

454 1230 609 1255 summe
660 1216 835 1263 humilis,
887 1218 955 1253 sed
1000 1216 1183 1253 diabolus
1227 1229 1383 1252 summe
1436 1217 1643 1264 superbus.
1690 1214 1762 1250 Cui

455 1289 547 1324 ergo
600 1275 768 1311 istorum
822 1284 1089 1311 extremorum
1149 1273 1292 1322 prelati
1353 1275 1545 1310 moderne
1598 1271 1763 1309 ecclesie

454 1333 594 1382 pocius
632 1332 895 1369 simulantur?
928 1332 1098 1369 Evidens
1129 1331 1286 1368 videtur
1324 1344 1367 1367 ex
1408 1340 1532 1379 gestu,
1566 1332 1686 1368 verbo
1727 1338 1763 1366 et

455 1404 588 1440 opere,
623 1392 730 1439 quod
763 1391 851 1439 plus
885 1390 1126 1426 simulantur
1160 1389 1242 1437 regi
1276 1389 1474 1438 superbie.

514 1448 694 1486 Christus
727 1450 902 1485 secundo
934 1448 1007 1484 fuit
1039 1460 1195 1484 summe
1234 1447 1445 1495 incupidus
1478 1445 1763 1495 temporalium
1782 1460 1822 1480 20

456 1517 575 1556 atque
615 1519 785 1555 pauper:
824 1506 888 1542 isti
928 1515 1061 1542 autem
1100 1505 1286 1542 videntur
1319 1514 1481 1542 econtra
1515 1517 1597 1541 esse
1631 1502 1764 1551 cupidi

455 1566 539 1602 zelo
564 1567 761 1602 bonorum
786 1564 1054 1612 spiritualium
1079 1563 1348 1612 pretermisso.
1384 1563 1504 1599 Cuius
1538 1575 1629 1610 ergo
1660 1574 1765 1598 exer-

457 1623 557 1660 citus
589 1632 679 1659 sunt
712 1624 832 1658 duces
866 1630 933 1658 aut
967 1621 1112 1658 milites
1146 1621 1374 1657 iudicandi?

514 1680 695 1718 Christus
718 1680 843 1717 tercio
868 1679 941 1716 fuit
964 1679 1004 1715 in
1026 1679 1281 1716 vescibilibus
1312 1692 1357 1715 ac
1382 1692 1454 1715 usu
1477 1677 1763 1726 temporalium

455 1751 610 1776 summe
643 1751 806 1787 parcus:
840 1737 904 1774 isti
937 1747 1071 1774 autem
1103 1737 1289 1774 videntur
1322 1749 1404 1773 esse
1446 1737 1486 1773 in
1519 1749 1592 1772 usu
1623 1735 1763 1772 talium
1783 1739 1821 1770 25

457 1797 629 1834 maxime
678 1796 918 1844 prodigales.
971 1795 1093 1832 Cuius
1143 1807 1236 1843 ergo
1283 1794 1438 1831 domini
1491 1803 1581 1830 sunt
1626 1792 1765 1830 famuli

457 1855 537 1892 sive
581 1853 706 1891 servi?
737 1854 904 1890 Videtur
942 1853 1104 1889 indubie
1144 1855 1251 1902 quod
1290 1862 1381 1889 sunt
1415 1851 1484 1888 filii
1523 1851 1648 1900 patris
1684 1850 1766 1887 dia—

458 1912 539 1950 boli
572 1921 609 1949 et
642 1913 689 1948 de
723 1912 806 1948 eius
840 1911 1005 1948 familia.

516 1972 593 2007 Sed
616 1970 707 2018 quia
741 1970 973 2018 ignoramus
1006 1968 1307 2006 conversionem
1342 1980 1480 2004 eorum
1511 1968 1571 2004 vel
1604 1965 1763 2011 exitum,

457 2041 539 2064 non
577 2028 734 2064 videtur
773 2029 820 2064 de
858 2041 929 2064 sua
971 2026 1264 2075 dampnacione
1303 2035 1452 2062 temere
1491 2024 1824 2061 iudicandum.3o

459 2087 536 2122 Sed
569 2086 674 2122 istud
706 2085 861 2122 videtur
885 2098 1026 2121 sanum
1061 2094 1180 2133 atque
1214 2084 1455 2121 catholicum
1481 2084 1587 2132 quod
1611 2081 1766 2119 christi-

459 2156 556 2180 anus
586 2156 667 2179 non
698 2143 969 2179 communicet
999 2156 1090 2179 cum
1116 2143 1171 2179 eis
1195 2142 1235 2178 in
1259 2141 1520 2178 sacramentis
1544 2149 1611 2177 aut
1635 2152 1765 2176 sacra-

460 2201 699 2237 mentalibus
743 2202 811 2237 sed
855 2200 994 2249 pocius
1035 2209 1172 2237 caveat
1212 2201 1259 2236 de
1308 2213 1447 2236 eorum
1490 2198 1671 2248 perfidia,
1717 2209 1765 2233 ne

459 2260 661 2307 sequendo
706 2271 773 2295 eos
817 2268 885 2295 aut
924 2258 1120 2306 capiendo
1160 2258 1383 2305 exemplum
1426 2258 1475 2294 ab
1516 2256 1571 2293 eis
1611 2257 1766 2292 deserat

458 2317 585 2365 legem
620 2316 767 2353 Christi
807 2325 843 2352 et
881 2316 1047 2353 omnino
1087 2316 1127 2352 in
1167 2315 1221 2352 eis
1260 2315 1491 2352 consenciat
1530 2313 1664 2362 aliquo
1703 2316 1822 2349 sex35

458 2387 649 2422 generum
675 2386 905 2420 consensus,
937 2375 1005 2411 sed
1028 2383 1155 2411 totam
1181 2386 1357 2422 pugnam
1381 2386 1494 2409 suam
1518 2371 1766 2420 spiritualem

460 2442 599 2469 contra
643 2432 826 2469 diabolos
871 2441 1077 2469 convertat
1115 2432 1155 2468 in
1194 2431 1314 2479 ipsos.
1361 2430 1402 2467 Si
1435 2430 1541 2466 enim
1583 2428 1767 2465 Scarioth

459 2499 624 2538 propter
675 2490 919 2526 occisionem
964 2489 1133 2537 duplicis
1183 2498 1325 2526 nature
1375 2488 1537 2536 proprie
1587 2496 1624 2523 et
1668 2486 1767 2523 alios

460 2561 559 2596 quos
598 2547 787 2596 pervertit
825 2547 875 2584 sit
907 2547 1104 2594 diabolus,
1144 2556 1294 2596 quanto
1334 2546 1458 2594 magis
1499 2544 1641 2594 prelati
1680 2556 1767 2592 pre-

461 2606 557 2642 dicti
589 2618 679 2643 cum
714 2607 801 2654 plus
834 2605 1078 2654 participant
1111 2604 1284 2642 racionis
1318 2604 1492 2641 diaboli?
1780 2615 1825 2645 40

529 2738 565 2766 15.
587 2739 619 2766 In
642 2747 754 2774 marg:
783 2747 802 2766 1.
877 2747 922 2766 20.
944 2738 976 2766 In
1000 2747 1111 2774 marg:
1140 2746 1164 2766 2.
1245 2746 1291 2772 24.
1312 2739 1345 2765 In
1368 2745 1481 2772 marg:
1509 2735 1533 2763 3.
1608 2736 1652 2762 26.
1676 2734 1770 2762 Cod.:

460 2773 556 2801 Cuius
577 2781 648 2808 ergo
670 2774 791 2801 domus

536 2867 585 2889 10.
612 2856 701 2900 Eph.
720 2857 778 2897 VI,
808 2867 857 2889 12.
