1944 3323
104 251 156 283 40

177 878 308 906 Clu-ist's

131 921 319 951 appearance
341 922 355 939 a

164 953 277 975 motive
298 953 327 974 to

191 982 298 1009 virtue.

137 1398 192 1424 His
214 1399 351 1432 example

137 1433 274 1466 compels
295 1441 352 1459 our

207 1467 283 1493 love.

118 1973 260 2011 XYltliont
280 1982 369 2011 grace

144 2017 168 2034 is
190 2016 229 2034 no
252 2013 349 2035 merit.

697 252 917 283 ,ιΟΗΑΝΝιε
938 253 1119 284 wx'cmF
1137 254 1391 286 sannionum
1476 241 1626 297 [SERMO
1647 253 1700 280 vi.

394 357 743 402 pseudopbariseis
777 366 812 392 et
847 357 1028 393 faciendo
1062 359 1140 393 suis
1174 359 1284 405 legiis
1318 359 1514 396 iniuriatis
1546 360 1700 397 iusticie
1731 406 1741 411 Ἰ

394 414 748 461 complementum.
783 415 908 450 Multa
942 415 1003 450 isti
1033 412 1037 467 Ι
1069 417 1332 462 pseudofratri
1358 417 1520 453 dixerim
1547 405 1798 472 diffuse‚f“,⁰¹·b

395 472 461 506 sed
497 480 623 511 taceo,
659 471 751 519 quia
785 472 948 519 quidam
984 474 1124 509 doctor
1157 474 1312 509 subtilis
1335 483 1454 522 atque
1479 476 1700 512 catholicus
1720 461 1780 491 “4²

397 541 519 576 usque
552 530 601 565 ad
635 530 940 565 fundamentum
976 530 1142 566 destruit
1176 544 1266 568 suas
1299 532 1413 568 feces.

903 666 1096 705 SERMO
1133 667 1197 705 Vl.
1719 676 1734 705 ’.π

450 759 641 807 Apparuit
674 760 889 809 benignitas
920 767 955 796 et
987 761 1206 796 humanitas
1230 762 1447 798 Salvatoris
1470 763 1594 797 nostri
1614 763 1699 798 Dei.

392 816 469 851 Tit.
506 818 588 857 111⁰,
624 830 661 861 4.

452 876 528 909 lsta
576 874 743 921 epistola
784 884 825 909 ut
867 875 975 922 prior
1018 876 1134 911 docet
1177 878 1382 923 quomodo
1425 879 1615 914 debemus
1662 878 1701 913 in

394 931 605 967 virtutibus
644 944 715 967 nos
755 945 931 976 servare;
978 946 1142 968 movens
1187 942 1319 970 autem
1360 936 1409 970 ad
1454 935 1528 971 hoc
1570 936 1701 972 effica-

395 988 553 1025 cissime
586 998 643 1025 est
676 989 780 1025 istud
815 991 922 1037 quod
956 991 1139 1039 apparuit
1171 992 1386 1041 benignitas
1418 1000 1452 1028 et
1484 993 1702 1029 hnmanitas
1722 1008 1760 1027 lo

396 1047 613 1082 ΑςαΙιητΙοι-ίε
645 1047 768 1082 nostri
789 1048 873 1083 Dei.
909 1050 1009 1083 Cum
1045 1048 1148 1084 enim
1181 1049 1362 1086 Christus
1396 1052 1546 1086 mundo
1579 1064 1701 1099 appa-

396 1103 473 1139 ruit
509 1117 576 1151 per
609 1117 784 1145 carnem,
820 1105 933 1141 nobis
966 1119 1036 1153 per
1069 1107 1202 1149 fidem,
1238 1116 1344 1154 patet
1374 1107 1456 1143 eius
1480 1108 1701 1156 benignitas

398 1174 440 1197 ex
474 1162 548 1197 hoc
581 1164 687 1209 quod
723 1171 880 1198 eternus
913 1172 1030 1199 natus
1064 1173 1120 1199 est
1154 1164 1268 1200 nobis
1294 1174 1333 1200 ut
1359 1178 1467 1213 puer.
1502 1166 1701 1214 Henignus

397 1218 501 1254 enirn
535 1219 681 1255 dicitur
714 1220 996 1268 ethimologice
1027 1221 1139 1269 quasi
1174 1223 1300 1258 bonus
1332 1223 1432 1269 ignis
1464 1223 1503 1259 in
1527 1224 1700 1266 Christo,

397 1289 489 1323 ergo
525 1276 595 1312 fuit
635 1277 675 1312 in
713 1278 787 1313 isto
827 1291 949 1325 opere
988 1279 1089 1326 ignis
1124 1279 1475 1316 excellentissimus
1509 1281 1700 1318 caritatis.
1723 1286 1757 1315 15

398 1336 477 1370 Nec
511 1335 637 1370 solum
664 1335 735 1370 fuit
760 1335 796 1371 in
822 1335 969 1372 Christi
1004 1336 1236 1384 primordiis
1269 1337 1343 1374 ista
1377 1338 1599 1386 benignitas
1633 1341 1701 1375 sed

397 1391 659 1428 effectualiter
683 1393 764 1428 eius
791 1394 1019 1430 humanitas
1043 1394 1082 1430 in
1106 1408 1330 1442 progressu,
1361 1409 1450 1432 curn
1476 1409 1498 1432 a
1520 1406 1701 1444 tempore

396 1462 463 1485 sue
504 1449 791 1497 baptizacionis
824 1464 903 1499 quo
942 1451 1013 1487 fuit
1055 1452 1217 1499 triginta
1256 1466 1452 1489 annorum
1496 1456 1554 1493 (ut
1594 1464 1702 1502 patet

399 1509 502 1543 Luce
549 1510 635 1554 llls’)
684 1521 806 1556 usque
851 1510 899 1545 ad
952 1509 1056 1546 diem
1113 1510 1253 1546 mortis
1305 1524 1373 1547 sue
1427 1511 1702 1548 efficacissime

397 1565 634 1612 exemplavit
674 1566 839 1602 ecclesie
878 1567 981 1603 viam
1023 1580 1134 1603 suam
1177 1577 1213 1604 et
1252 1569 1412 1604 demum
1448 1569 1613 1605 viriliter
1646 1570 1702 1605 di-
1719 1581 1760 1602 20

398 1621 584 1658 micando
616 1632 757 1660 contra
791 1624 994 1660 diabolum
1030 1625 1159 1672 ipsum
1190 1634 1227 1662 et
1249 1626 1348 1662 alios
1373 1627 1504 1663 hostes
1529 1627 1702 1663 hominis

397 1680 645 1727 expugnavit.
687 1683 903 1726 Quomodo
937 1695 1029 1730 ergo
1062 1695 1142 1719 non
1175 1684 1439 1720 resolveretur
1472 1685 1702 1721 christicola

396 1736 434 1772 in
468 1750 646 1773 amorem
683 1751 724 1774 ex
757 1748 838 1774 tam
874 1740 1043 1787 benigna
1077 1740 1324 1777 humanitate
1356 1742 1423 1778 Dei
1458 1751 1495 1778 et
1529 1742 1702 1779 hominis

397 1795 558 1830 humani
593 1796 746 1842 generis
779 1797 1012 1833 salvatoris?
1046 1800 1162 1842 Quod
1196 1798 1226 1833 si
1259 1799 1544 1845 gratitudinem
1568 1800 1701 1847 operis

395 1854 590 1897 attendas,
624 1862 733 1900 patet
767 1856 873 1901 quod
908 1854 1088 1891 Christus
1121 1868 1163 1891 ex
1197 1864 1333 1892 eterna
1366 1865 1403 1892 et
1436 1870 1535 1904 pura
1567 1857 1701 1905 gracia
1719 1860 1757 1890 2'3

396 1909 499 1945 istud
534 1910 636 1946 fecit.

454 1969 544 2003 Ideo
589 1967 685 2004 dicit
723 1970 958 2016 Apostolus:
1004 1970 1089 2005 Non
1134 1983 1184 2006 ex
1227 1971 1405 2019 operibus
1447 1972 1592 2008 iusticie
1633 1984 1702 2020 que

384 2025 556 2073 fecimus
600 2038 679 2068 nos,
722 2027 790 2061 secl
832 2028 1038 2062 secundum
1078 2041 1185 2064 suam
1227 2029 1532 2065 misericordiam
1571 2031 1702 2066 salvos

396 2095 463 2117 nos
483 2083 596 2130 fecit.
632 2085 798 2119 Constat
831 2084 991 2132 quidem
1026 2097 1069 2121 ex
1103 2085 1339 2122 condicione
1374 2086 1444 2123 Dei
1480 2088 1587 2135 quod
1618 2100 1701 2123 non

396 2148 525 2187 potest
551 2141 782 2177 benefacere
816 2150 995 2178 creature
1027 2142 1101 2178 nisi
1136 2156 1178 2179 ex
1211 2156 1282 2180 sua
1315 2144 1449 2191 gracia
1482 2145 1578 2180 illud
1612 2145 1759 2189 fiat33o

395 2210 487 2233 narn
527 2197 555 2232 si
598 2198 791 2234 benefacit
838 2199 1004 2243 homini,
1050 2201 1147 2236 illud
1186 2201 1415 2238 eternaliter
1455 2202 1699 2247 intendebat,

397 2263 433 2290 et
478 2267 566 2290 curn
612 2268 693 2291 non
737 2265 867 2303 potest
915 2257 1098 2293 meritum
1145 2260 1394 2305 antecedere,
1440 2269 1549 2307 patet
1593 2262 1699 2308 quod

395 2320 523 2347 totum
558 2312 655 2348 illud
689 2313 912 2350 intenderat
945 2315 1137 2361 graciose,
1163 2325 1199 2352 et
1222 2329 1291 2363 per
1315 2329 1575 2365 consequens,
1600 2317 1701 2354 sicut

396 2369 720 2406 beneficienciam
768 2371 876 2407 illarn
921 2372 1101 2418 graciose
1146 2373 1362 2421 inceperat,
1415 2374 1470 2411 sic
1523 2375 1700 2422 graciose

397 2426 645 2463 continuavit
685 2437 721 2463 et
754 2428 845 2464 fecit
879 2429 1069 2477 quicquid
1103 2430 1142 2466 in
1175 2444 1253 2478 quo
1294 2432 1447 2467 homini
1486 2432 1757 2476 benefecit335

396 2484 525 2531 potuit
568 2485 671 2520 enirn
711 2485 742 2520 si
783 2486 970 2522 continue
1008 2487 1178 2523 voluerit
1209 2501 1289 2524 non
1322 2489 1459 2525 fecisse
1492 2498 1528 2526 et
1561 2503 1700 2537 quam-

397 2554 552 2589 cunque
570 2554 682 2578 suam
702 2543 893 2580 fabricam
914 2545 1173 2587 destruxisse;
1200 2555 1283 2582 tota
1307 2559 1400 2594 ergo
1419 2546 1701 2583 beneficiencia

397 2598 542 2634 Christi
566 2608 622 2635 est
647 2599 814 2636 bonitati
839 2601 908 2637 Dei
938 2610 974 2638 et
1004 2615 1103 2649 puro
1136 2603 1252 2639 titulo
1285 2604 1415 2651 gracie
1448 2604 1701 2649 ascribenda3

464 2720 486 2746 5.
503 2721 530 2747 A
546 2720 573 2746 in
597 2728 710 2754 marg-z
732 2720 763 2747 Iu
780 2721 943 2748 Natixitate
959 2722 1093 2749 Domini.
1150 2726 1176 2749 N.
1193 2724 1287 2751 Cod.:
1309 2725 1367 2751 Ista
1388 2730 1499 2752 antem.
1555 2735 1585 2760 ς),
1602 2734 1641 2752 ιο.
1657 2726 1701 2752 A:

396 2754 625 2793 et‘ricasissime3
689 2763 727 2790 17.
748 2756 793 2782 A:
815 2756 990 2794 etl'elctualis.
1065 2760 1103 2784 ιδ’.
1125 2759 1402 2797 Αςῃιιειάῑειςίηῐὲι.
1468 2767 1514 2793 24.
1536 2761 1579 2787 A:
1601 2764 1702 2794 gratu-

397 2788 544 2816 tudinem*
619 2788 662 2824 2'7.
683 2791 727 2816 A:
751 2790 902 2817 benefieia.
977 2790 1019 2818 3⁸.
1041 2793 1085 2819 A:
1110 2793 1242 2819 bonitate
1264 2793 1316 2820 Dei
1337 2798 1380 2826 εἰς
1402 2794 1440 2822 F:
1463 2794 1517 2823 Dei
1537 2799 1591 2821 est.

467 2860 518 2892 27.
545 2849 612 2881 Tit.
641 2850 696 2888 111,
723 2850 754 2883 5.
