1944 3323
157 265 293 295 smnio
319 254 369 312 sn]
645 269 821 301 TERTIA
849 270 974 301 PARS.
1714 265 1758 301 33

159 375 226 410 sed
265 374 343 411 alia
383 383 440 410 est
472 374 607 422 gracia
644 376 864 411 secundum
905 385 1131 423 presentem
1164 376 1363 413 iusticiam
1399 390 1474 425 que
1501 387 1643 425 {niterent
1666 388 1755 415 kinds

157 431 334 468 variatur
349 433 569 468 secundum
594 433 702 481 quod
726 433 848 469 homo
873 433 1001 470 maius
1025 443 1092 470 aut
1116 434 1246 470 minus
1270 436 1473 471 meruerit.
1553 426 1583 449 ‘¹¹
1604 431 1701 456 imm*

158 490 205 525 Et
250 491 298 526 de
348 489 417 526 tali
463 490 598 538 gracia
652 490 751 526 fiunt
795 491 1087 527 subdivisiones
1133 492 1388 540 multiplices,
1435 503 1476 529 ut

156 542 290 596 aliqua
314 557 371 584 est
393 547 527 595 gracia
551 548 798 596 preveniem,
815 548 950 597 aliqua
973 549 1264 591 concomitans,
1282 559 1318 586 et
1342 551 1475 598 aliqua

125 609 456 642 §consummans
503 606 648 642 Gracia
687 615 820 642 autem
861 606 1094 654 preveniens
1134 617 1191 644 est
1231 608 1298 644 illa
1342 609 1475 656 gracia

157 664 377 700 secundum
412 676 533 712 quam
558 666 664 700 Deus
699 664 807 712 prius
839 665 1077 701 naturaliter
1111 665 1192 713 agit
1225 679 1326 714 opus
1360 667 1476 702 meri-

158 721 306 757 torium
337 734 457 770 quam
482 721 623 758 viator.
659 722 803 758 Gracia
826 735 919 759 vero
950 723 1230 760 concomitans
1261 733 1317 760 est
1340 725 1474 772 gracia

157 780 377 816 secundum
413 792 533 828 quam
569 782 673 816 Deus
713 780 845 828 coagit
878 793 967 817 cum
1010 781 1215 818 meritorie
1252 783 1475 821 laborante.

157 838 225 873 sed
276 837 410 885 gracia
464 850 750 874 consummans
801 847 857 875 est
910 839 1045 886 gracia
1090 841 1310 876 secundum
1355 854 1474 889 quam

104 909 142 930 ιο
158 897 262 931 Deus
308 895 464 943 perficit
502 896 715 933 actualiter
755 896 944 933 meritum
991 897 1163 934 finaliter
1207 898 1474 935 terminantis.

157 955 205 989 Et
238 953 412 1002 quelibet
451 954 540 990 talis
578 954 726 1002 gracia,
761 967 850 990 cum
884 955 934 991 sit
967 955 1140 1003 qualitas
1177 955 1269 992 licet
1307 969 1389 992 non
1428 957 1476 992 sit

157 1023 219 1048 res
252 1024 328 1060 que
361 1011 488 1059 possit
520 1024 591 1060 per
622 1025 662 1049 se
696 1012 875 1058 existere,
912 1012 1189 1061 multipliciter
1220 1013 1410 1050 variatur.

215 1069 389 1115 Quidam
414 1079 548 1106 autem
573 1071 769 1106 extensius
799 1072 1018 1119 loquuntur
1042 1073 1090 1107 de
1119 1072 1266 1119 gracia,
1297 1072 1476 1109 dicentes
1509 1080 1622 1119 ⁵God's
1642 1089 1730 1115 grace

157 1129 265 1176 quod
290 1127 456 1176 quilibet
479 1129 674 1176 prescitus
698 1128 738 1164 in
754 1139 1114 1178 quantumcunque
1139 1143 1284 1178 magno
1309 1140 1476 1178 peccato
1508 1116 1738 1178 Ηῖᾗῗῆἰῇζζᾷῗῄ

104 1185 288 1230 ιόἷυεῑίῑ,
333 1185 459 1222 eciam
495 1188 751 1235 dampnatu8‚
793 1196 849 1223 est
883 1187 921 1223 in
956 1187 1028 1224 Dei
1061 1188 1209 1235 gracia.
1245 1201 1334 1224 cum
1371 1191 1475 1225 Deus

156 1243 338 1291 graciose
370 1243 502 1292 ipsum
536 1254 679 1290 servat,
710 1246 843 1281 dando
878 1245 951 1282 sibi
985 1247 1091 1282 bona
1123 1246 1338 1291 naturalia,
1374 1247 1475 1283 sicut

158 1301 472 1338 misericorditer
516 1302 645 1351 ipsum
692 1303 819 1351 punit.
866 1306 913 1339 Et
959 1317 1028 1352 per
1073 1304 1189 1341 istam
1237 1304 1473 1341 divisionem

157 1361 204 1395 de
257 1359 392 1407 gracia
443 1369 574 1408 potest
624 1361 848 1397 catholicus
897 1371 1036 1410 aptare
1087 1375 1226 1398 sensus
1277 1363 1475 1411 scripture

156 1419 375 1454 secundum
423 1420 530 1467 quod
578 1419 798 1456 intencioni
843 1419 979 1456 Sancti
1025 1420 1198 1468 Spiritus
1243 1421 1474 1457 famulatur.

100 1489 141 1510 20
157 1477 318 1512 Ceteras
347 1485 481 1513 autem
506 1477 761 1514 difficultates
791 1479 1085 1526 metaphysicas
1107 1479 1167 1515 vel
1191 1479 1476 1516 calculatorias

157 1535 204 1570 de
243 1534 379 1582 gracia
419 1536 535 1571 debet
575 1535 702 1572 fidelis
747 1548 935 1584 respuere
974 1546 1184 1584 tamquam
1222 1550 1356 1582 vanas,
1401 1539 1475 1574 hoc

157 1601 292 1628 tamen
330 1594 510 1629 notando
549 1595 658 1642 quod
695 1593 831 1641 gracia
871 1594 1132 1642 predestinati
1173 1604 1230 1631 est
1272 1595 1471 1631 infinitum

158 1649 299 1686 melior
331 1663 453 1699 quam
493 1651 629 1699 gracia
668 1651 843 1699 presciti,
884 1665 956 1688 nec
994 1661 1127 1700 potest
1167 1653 1396 1701 equiparari
1436 1653 1475 1689 in

156 1709 305 1753 valore,
340 1709 442 1745 sicut
473 1722 555 1746 non
588 1719 645 1745 est
669 1710 859 1757 possibile
888 1712 996 1758 quod
1020 1712 1125 1747 Deus
1158 1711 1474 1758 predestinatum

101 1766 353 1815 25equaliter
397 1766 536 1815 diligat
581 1780 671 1803 cum
723 1767 911 1816 prescito,
962 1781 1099 1816 ymmo
1149 1769 1285 1816 gracia
1336 1771 1475 1817 prede-

157 1824 392 1862 stinacionis
417 1824 573 1861 videtur
595 1825 810 1862 meliorare
843 1839 1126 1875 quamcunque
1160 1827 1337 1875 graciam
1371 1829 1475 1864 ultra

156 1883 336 1931 graciam
372 1883 714 1920 concomitantem
749 1884 788 1920 in
822 1884 1011 1932 prescito,
1046 1898 1136 1921 cum
1170 1895 1336 1934 propter
1365 1886 1473 1922 illam

156 1941 333 1988 graciam
363 1943 584 1978 secundum
614 1951 840 1990 presentem
873 1942 1073 1979 iusticiam
1104 1943 1143 1979 in
1172 1944 1346 1991 prescito
1370 1946 1476 1980 Deus

156 2012 238 2036 non
272 1999 397 2047 magis
430 1999 561 2048 ipsum
597 2000 738 2048 diligit.
774 2003 822 2036 Et
856 2000 913 2037 sic
947 2010 1004 2037 est
1038 2002 1183 2049 duplex
1215 2002 1362 2049 gracia,
1397 2015 1476 2038 una

100 2058 142 2090 30
157 2057 372 2094 subiective
404 2057 444 2094 in
474 2060 571 2104 Deo,
606 2071 682 2107 que
717 2068 773 2095 est
808 2060 935 2095 Deum
969 2068 1194 2096 creaturam
1229 2060 1474 2096 racionalem

156 2115 279 2164 gratis
310 2115 489 2163 diligere,
516 2125 561 2152 -et
590 2115 658 2153 illa
692 2126 748 2153 est
779 2126 927 2163 eterna,
953 2117 1031 2154 alia
1065 2126 1197 2154 autem
1234 2127 1291 2154 est
1322 2118 1476 2154 subiec-

156 2173 234 2209 tive
272 2174 311 2209 in
352 2183 536 2210 creatura
575 2174 784 2217 racionali,
826 2188 902 2223 que
944 2185 1001 2211 est
1041 2175 1150 2212 illam
1192 2188 1277 2212 esse
1319 2185 1473 2224 gratam

157 2233 254 2268 Deo.
304 2234 351 2267 Et
390 2245 550 2268 omnem
593 2233 713 2269 talem
754 2233 930 2280 graciam
973 2243 1134 2281 oportet
1173 2234 1350 2282 incipere
1384 2243 1420 2270 et
1454 2247 1474 2270 a
1506 2251 1651 2277 (ji-acciu
1676 2260 1744 2278 man

155 2289 280 2337 priori
312 2290 448 2338 gracia
482 2291 718 2327 mensurari.
752 2293 800 2327 Et
828 2291 884 2327 sic
918 2291 1082 2339 quidam
1116 2292 1344 2340 intelligunt
1377 2292 1474 2328 illud
1516 2286 1738 2347 ζῇζωνῖζᾶΗζἿΙ

99 2347 255 2392 35(J0h.
291 2350 339 2393 10,
372 2349 452 2393 16):
493 2349 553 2384 De
591 2350 696 2385 cuius
723 2350 962 2398 plenitudine
993 2362 1061 2385 nos
1093 2363 1222 2386 omnes
1258 2350 1475 2399 accepimus
1586 2341 1666 2382 (blod.

153 2406 333 2455 graciam
367 2419 444 2455 pro
481 2407 632 2456 gracia.
682 2408 852 2444 Omnem
900 2417 1034 2444 autem
1075 2417 1255 2444 nostram
1295 2408 1471 2456 graciam

155 2463 416 2499 subiectivam
451 2473 611 2512 oportet
645 2465 801 2501 causari
835 2478 878 2501 ex
912 2465 981 2501 tali
1015 2465 1151 2513 gracia
1185 2466 1378 2502 increata.

225 2651 249 2671 2.
272 2643 311 2672 F:
334 2644 432 2679 magis
453 2648 513 2672 aut.
571 2643 594 2672 3.
610 2646 654 2673 A:
678 2644 887 2673 subdiciones.
944 2655 973 2680 4.
988 2646 1033 2674 A:
1054 2650 1081 2674 et
1103 2645 1196 2674 deest.
1253 2655 1278 2683 7:
1301 2646 1338 2673 F:
1363 2645 1473 2673 Gracia

155 2685 267 2707 autem.
373 2688 405 2707 11.
426 2681 471 2707 A:
492 2679 529 2707 Et
550 2680 687 2716 quilibet.
793 2689 829 2708 12.
853 2681 892 2708 F:
915 2686 1030 2716 posset.
1135 2680 1172 2709 13.
1194 2681 1233 2708 F:
1257 2682 1338 2717 Quid
1361 2687 1472 2708 autem.

157 2723 198 2747 14.
219 2716 264 2742 A:
287 2714 431 2750 quodcun
459 2723 504 2741 ue.
588 2722 634 2742 20.
658 2714 776 2743 Codd.:
800 2716 1060 2751 methaphysicas.
1145 2724 1184 2743 21.
1206 2716 1246 2743 F:
1267 2722 1412 2751 tanquam
1435 2718 1474 2745 (et

157 2749 297 2784 passim).
384 2748 418 2777 23
436 2723 490 2777 qF:
512 2750 692 2785 equeparari
715 2752 754 2783 (et
775 2751 916 2786 passim).
1002 2759 1046 2785 27,
1068 2752 1113 2778 28.
1135 2751 1174 2778 If:
1196 2759 1266 2778 cum
1286 2767 1319 2769 —
1341 2751 1472 2789 pres-cito

158 2784 252 2811 deest.
309 2782 354 2810 30.
377 2785 420 2811 A:
444 2784 627 2812 relacionem
649 2786 756 2820 gratis.
818 2784 860 2812 33.
883 2785 922 2812 F:
943 2790 1060 2820 gratam
1084 2794 1099 2812 a
1121 2786 1194 2812 Deo.
1250 2784 1297 2819 34.
1319 2785 1358 2812 F:
1380 2785 1472 2812 aliud.

224 2901 257 2930 4.
290 2890 342 2922 Cf.
374 2892 421 2922 De
450 2891 620 2931 Ecclesia,
645 2902 722 2934 pag.
749 2903 825 2933 ¹403
853 2892 973 2931 Tria¹.‚
1007 2904 1083 2935 pag.
1118 2892 1188 2924 152.
