1944 3323
124 241 199 276 118

163 422 221 448 und
244 430 277 448 so
297 430 346 449 arc

128 456 247 491 against
267 456 380 484 Christ.

182 1177 210 1206 8.
230 1178 328 1212 Love3

147 1214 197 1241 the
216 1212 360 1249 wedding

207 1252 325 1275 arment

129 1283 183 1310 wit
208 1287 261 1310 out
281 1283 381 1310 which

126 1326 205 1345 none
225 1325 280 1345 can
302 1323 386 1346 enter

190 1353 318 1381 heaven.

144 1933 223 1961 How
243 1933 370 1961 Charin

165 1976 272 1996 covers
293 1968 351 1995 sin.

131 2457 157 2484 It
176 2455 288 2483 cairies
308 2455 381 2482 xxitli

133 2491 155 2518 it
174 2491 223 2518 the
244 2498 328 2525 germ
349 2490 384 2517 ot

133 2526 170 2553 all
192 2499 300 2559 virtgue‚
322 2525 381 2552 and

120 2560 147 2587 is
167 2547 338 2598 repugnant
357 2564 388 2586 to

191 2595 228 2622 all
249 2602 323 2622 vice.

703 248 927 280 JOHANNIS
946 247 1130 280 WYCLIF
1150 247 1406 281 SERMONUM
1475 234 1627 292 [SERMO
1649 245 1715 273 XV·

408 356 531 403 (quod
555 354 644 403 plus
667 353 908 402 ponderant)
942 366 1012 389 sua
1045 354 1156 390 lucra
1190 361 1309 402 atque
1333 353 1460 402 litigia
1496 367 1578 391 non
1610 354 1717 391 veni-

409 421 507 449 rent.
561 412 775 449 Maledicta
816 411 950 459 itaque
990 412 1099 448 scola
1132 423 1208 460 que
1247 420 1290 448 ut
1328 412 1472 449 habeat
1505 412 1714 449 materiam

409 471 514 508 fovet
547 471 649 507 bella
683 478 720 506 et
754 469 853 515 liteS,
889 481 978 506 cum
1013 469 1044 506 si
1078 469 1165 518 ipsa
1198 469 1364 507 omnino
1398 470 1605 507 extinxerit
1637 483 1717 507 non

409 529 573 566 haberet
619 527 713 576 quid
757 528 977 564 secundum
1023 536 1150 564 artem
1197 541 1310 565 suam
1356 528 1599 576 addisceret;
1643 541 1716 565 nec

409 585 573 623 dubium
608 586 704 634 quin
738 585 872 623 divina
904 585 1075 622 sciencia
1109 599 1185 634 que
1216 586 1357 623 nititur
1388 595 1470 624 tam
1505 586 1750 624 materiam5

408 657 529 693 quarn
562 644 735 680 formam
769 643 976 692 utriusque
1009 644 1174 681 istarum
1209 644 1435 693 extinguere
1468 654 1525 682 est
1557 644 1716 694 utrique

409 715 545 739 earum
586 702 807 748 contraria3
854 710 889 738 et
928 714 1017 739 cum
1058 715 1139 738 non
1177 703 1255 739 sint
1292 703 1369 740 nisi
1412 704 1490 740 duo
1532 703 1711 751 magistri

408 759 651 809 principales
690 760 731 796 in
763 761 929 806 mundo,
968 760 1119 797 seilicet
1153 761 1333 797 Christus
1367 770 1486 810 atque
1519 761 1714 807 diabolus,

408 818 663 855 manifestum
697 826 755 855 est
788 819 895 867 quod
934 819 1043 855 scola
1082 819 1261 866 predicta
1300 819 1407 856 scole
1441 819 1588 857 Christi
1622 832 1716 856 con-

407 875 530 913 traria
564 885 621 913 est
653 877 761 913 scola
795 875 957 913 diaboli.
997 876 1075 926 Qti
1105 877 1200 913 enim
1235 890 1307 913 non
1347 884 1402 914 est
1438 889 1523 914 cum
1561 877 1716 914 Christo
1736 891 1774 914 10

407 942 540 970 contra
573 934 695 984 ipsum
729 941 796 982 est,
831 943 867 970 et
899 934 954 971 sic
988 943 1044 970 est
1076 947 1147 983 per
1180 947 1427 984 consequens
1449 934 1716 972 Antichristus

410 993 469 1039 (ut
502 1001 611 1040 patet
645 994 750 1029 Luce
782 993 868 1038 X10‚
904 992 987 1040 23).
1022 994 1071 1028 Et
1103 993 1158 1030 sic
1192 1002 1301 1042 patet
1335 994 1553 1042 prudenter
1587 994 1717 1030 calcu-

409 1050 583 1087 lantibus
617 1052 725 1099 quod
763 1050 803 1086 in
841 1059 983 1087 vocata
1024 1051 1191 1088 ecclesia
1230 1051 1428 1089 militante
1460 1060 1551 1088 sunt
1583 1052 1717 1101 plures

409 1117 582 1145 tortores
617 1108 766 1145 diaboli
801 1121 920 1157 quan]
957 1109 1204 1146 confessores
1238 1110 1398 1146 Christi.

468 1167 619 1203 Octava
656 1167 774 1203 vestis
815 1175 851 1202 et
890 1166 1186 1214 preciosissima
1221 1177 1276 1204 est
1310 1168 1466 1215 caritas,
1507 1168 1599 1216 quia
1631 1167 1774 1216 ipsaiss

410 1233 467 1261 est
498 1224 616 1261 vestis
649 1224 846 1273 nupcialis
879 1224 962 1261 sine
996 1238 1074 1273 qua
1105 1238 1224 1262 nemo
1258 1226 1422 1263 intrabit
1454 1226 1495 1262 in
1522 1225 1715 1274 patriam;

410 1283 502 1319 ideo
535 1282 631 1319 dicit
664 1283 901 1331 Apostolus:
942 1284 1068 1332 Super
1101 1284 1225 1320 omnia
1260 1292 1384 1320 autem
1417 1284 1485 1320 lzec
1517 1284 1716 1320 caritatem

409 1341 555 1388 habete,
587 1342 689 1390 quod
721 1349 777 1377 est
809 1341 999 1376 vinculum
1028 1342 1306 1391 perfect-ionis:
1337 1341 1404 1378 ubi
1436 1351 1576 1379 notum
1610 1343 1717 1390 quod

408 1411 526 1448 super
563 1411 645 1435 non
686 1398 781 1435 dicit
822 1399 1173 1436 circumstanciam
1217 1400 1509 1448 superioritatis
1549 1399 1715 1445 situalis,

410 1469 500 1493 cum
534 1469 672 1493 omnes
705 1457 779 1493 iste
812 1465 940 1493 restes
974 1466 1064 1493 sunt
1098 1457 1324 1507 ubicunque
1364 1467 1420 1495 est
1460 1458 1607 1504 anima,
1648 1459 1717 1495 sed
1734 1473 1775 1494 20

409 1514 503 1551 dicit
536 1514 861 1563 superioritatem
896 1514 1099 1563 dignitatis
1131 1515 1287 1552 virtutis
1322 1520 1377 1562 (ut
1410 1517 1587 1553 declarat
1609 1518 1716 1564 Apo-

408 1572 533 1608 stolus
566 1575 592 1609 Ι.
618 1574 709 1610 Cor.
745 1574 866 1620 XH0).
907 1575 994 1621 Ipsa
1028 1573 1131 1609 enim
1173 1583 1229 1610 est
1268 1575 1437 1611 cathena
1474 1586 1595 1611 aurea
1634 1574 1717 1611 sine

409 1643 488 1679 qua
520 1630 654 1667 anima
688 1639 744 1667 est
776 1632 883 1667 nuda
916 1631 1128 1668 virtutibus
1152 1641 1188 1668 et
1213 1645 1290 1681 qua
1314 1632 1449 1669 habita
1478 1631 1717 1681 colligantur

409 1687 546 1725 omnia
578 1690 798 1725 secundum
833 1688 1014 1725 ordinem
1049 1690 1312 1737 perfeccionis
1335 1699 1416 1727 tam
1442 1690 1570 1739 angeli
1596 1703 1715 1739 quarn

409 1746 591 1783 homines
626 1756 662 1783 et
694 1747 872 1783 virtutes.
908 1748 999 1783 Ideo
1033 1747 1178 1784 dicitur
1212 1751 1244 1784 Ιῑι
1282 1748 1385 1784 Petri
1420 1750 1503 1794 IV0‚
1540 1749 1581 1785 8:
1621 1749 1718 1785 Ante
1733 1753 1772 1785 25

410 1804 535 1840 omnia
575 1812 701 1840 autem
741 1813 911 1840 mutuam
952 1805 987 1840 in
1026 1806 1210 1842 nobismet
1241 1807 1332 1855 ipsis
1364 1806 1564 1843 caritatem
1598 1807 1715 1842 conti-

409 1875 523 1898 nuam
542 1862 734 1909 habentes,
753 1863 837 1911 quia
857 1863 1001 1899 caritas
1024 1865 1147 1913 operit
1162 1864 1714 1913 multitudinempeccatorum.

469 1920 659 1965 Quamvis
692 1929 824 1957 autem
865 1930 1031 1968 peccata
1072 1921 1150 1957 sint
1190 1922 1229 1957 in
1267 1922 1467 1958 salvandis
1507 1931 1715 1971 tamquam

409 1976 450 2014 in
483 1977 562 2014 suis
596 1978 798 2015 radicibus
831 1979 911 2015 sive
945 1979 1086 2025 causis,
1122 1989 1256 2016 tamen
1289 1988 1429 2028 operta
1461 1989 1551 2017 sunt
1583 1981 1715 2029 quoad

410 2044 544 2072 actum
578 2036 851 2073 accusacionis
885 2036 1025 2074 finalis.
1075 2037 1257 2075 Sedecim
1291 2046 1423 2074 autem
1459 2038 1716 2075 condiciones
1732 2042 1774 2075 30

410 2093 588 2131 caritatis
633 2107 732 2143 quas
777 2103 893 2132 vocat
932 2096 1148 2143 Apostolus
1193 2105 1283 2132 sunt
1322 2096 1554 2143 diligencius
1593 2109 1716 2133 anno-

411 2152 543 2198 tande,
585 2152 677 2200 quia
718 2165 806 2189 cum
855 2152 998 2189 caritas
1044 2162 1125 2190 tam
1172 2155 1308 2190 crebre
1356 2154 1635 2202 magnificatur
1681 2163 1716 2191 et

409 2221 494 2246 esse
526 2210 749 2247 necessaria
782 2212 831 2247 ad
865 2211 1031 2247 salutem
1067 2211 1289 2248 ostenditur
1311 2212 1372 2248 vix
1396 2225 1519 2248 unum
1542 2212 1717 2249 invenies

413 2267 508 2315 quin
542 2267 664 2315 fingat
697 2281 736 2304 se
769 2269 916 2305 habere
945 2268 1069 2305 eciam
1097 2269 1372 2306 deficientibus
1395 2269 1481 2306 aliis
1503 2270 1716 2307 virtutibus

410 2325 632 2362 caritatem.
680 2327 757 2362 Sed
796 2328 845 2363 ad
880 2326 1186 2363 discernendum
1222 2336 1354 2363 utrum
1388 2341 1526 2364 sumus
1557 2327 1645 2364 falsi
1679 2336 1716 2364 et
1733 2332 1771 2364 35

410 2383 589 2431 duplices
622 2383 661 2420 in
693 2396 891 2430 εθιῐηοῃε,
925 2386 1147 2421 notandum
1182 2385 1313 2432 primo
1347 2387 1453 2434 quod
1487 2385 1715 2434 quicunque

410 2440 617 2477 caritatem
670 2442 852 2478 habuerit
897 2444 1015 2479 habet
1062 2444 1382 2492 qualemcunque
1432 2443 1618 2481 virtutem
1664 2445 1714 2480 ad

409 2498 621 2535 minimum
662 2499 702 2535 in
742 2500 889 2537 radice.
919 2497 923 2553 Ι
954 2502 1138 2537 Secundo
1170 2503 1393 2538 notandum
1428 2502 1535 2550 quod
1569 2501 1714 2538 caritas

408 2565 603 2605 repugnat
637 2557 859 2606 cuicunque
893 2558 1063 2604 c1imini‚
1099 2572 1187 2595 cum
1223 2558 1357 2596 anima
1382 2558 1590 2596 divisibilis
1615 2559 1714 2595 cari-

407 2622 488 2651 tate
528 2624 564 2651 et
602 2614 704 2652 vicio
744 2625 801 2652 est
838 2616 991 2653 vestita.
1038 2618 1085 2652 Et
1123 2616 1248 2654 tercio
1288 2618 1507 2654 notandum
1549 2616 1713 2653 omnino
1728 2632 1772 2663 40

1731 2483 1806 2515 Fol.

1731 2527 1811 2561 232b

479 2770 514 2797 15.
536 2770 568 2798 In
593 2779 705 2806 marg:
730 2772 847 2800 Octava
867 2773 970 2800 vestis.
1042 2772 1086 2808 37.
1109 2772 1203 2801 Cod.:
1226 2773 1363 2801 virtutes.

484 2875 531 2907 17.
560 2865 637 2897 Col.
665 2865 719 2906 111,
744 2877 793 2906 14.
