1944 3323
198 269 333 299 samio
353 259 407 317 in]
673 271 846 303 TERTIA
874 270 999 302 PARS.
1740 273 1756 295 ³
1767 275 1787 307 ει

241 382 289 416 Et
333 379 458 416 tercio
504 377 682 415 annectit
720 376 952 426 sompnium
992 376 1085 413 licet
1126 376 1251 424 magis
1291 375 1500 424 probabile

184 440 291 487 quod
325 450 391 474 rex
423 438 552 474 solum
586 436 710 473 semel
733 435 788 472 sic
812 436 973 481 fecerat,
1009 444 1046 471 et
1069 443 1179 483 patet
1204 435 1312 482 quod
1337 432 1500 481 argucia

184 497 306 533 idiote
340 496 379 532 in
406 494 575 532 materia
598 494 732 531 deficit
762 493 898 529 multis
925 492 1074 538 modis3
1109 501 1145 528 et
1169 493 1302 541 quoad
1328 491 1498 527 formam

184 563 293 603 patet
326 555 434 603 quod
468 565 580 590 more
613 565 685 589 suo
718 552 909 588 fundatur
948 551 988 589 in
1026 549 1190 599 argucia
1229 549 1389 586 simiali.
1435 549 1499 585 Sic

151 613 289 650 §enim
322 612 621 661 pseudofratres
655 611 816 659 quando
847 609 982 646 deficit
1004 609 1081 645 illis
1106 610 1216 645 locus
1241 621 1262 644 a
1286 607 1498 644 sufficienti

183 670 446 707 similitudine
484 669 655 705 induunt
689 668 870 705 habitum
903 669 1049 704 nedum
1085 666 1278 715 arguendi
1312 678 1354 702 ex
1386 664 1502 702 factis

184 729 223 765 in
265 729 350 777 lege
394 728 517 765 veteri
561 728 629 763 sed
674 726 928 775 frequencius
967 734 1139 773 arguunt
1177 738 1199 762 a
1238 723 1501 760 similitudine

184 787 342 824 simiali.
390 786 454 823 Sic
496 785 601 822 enim
642 784 879 833 syllogizant
918 784 1082 832 quidam
1118 784 1226 832 quod
1266 783 1367 818 ordo
1406 794 1499 817 suus
1556 788 1760 829 Thi-sisim-

185 845 334 893 incepit
373 845 412 881 in
446 843 544 881 locis
577 842 823 880 absconditis
856 843 927 879 sub
963 841 1090 887 Helia,
1126 841 1193 878 alii
1227 841 1335 889 quod
1369 839 1502 876 latita-
1553 824 1750 884 ¹¹²l¹i¹xl⁴lt¹=siiis⁵

129 916 168 939 10
185 914 277 940 runt
309 903 350 939 in
383 901 555 939 heremis
589 902 656 938 diu
689 910 904 950 antequam
937 909 1050 936 erant
1072 900 1215 936 fratres
1239 899 1306 947 qui
1330 911 1370 934 se
1393 898 1501 946 ipsos
1569 890 1741 927 ²¹¹'-'*3⁵¹¹¹¹¹⁰¹¹¹·

184 960 487 998 infundabiliter
532 959 792 1008 magnificant
824 971 946 1007 supra
978 958 1080 1003 illos,
1113 970 1250 1006 ymmo
1291 956 1322 993 si
1361 968 1501 992 omnes

183 1021 282 1057 tales
316 1018 475 1068 argucie
509 1018 598 1067 capi
631 1019 776 1054 debent
809 1030 879 1066 per
903 1018 1036 1053 locum
1061 1029 1083 1053 a
1105 1015 1238 1062 simili,
1274 1014 1501 1051 evidencius

183 1078 366 1126 arguitur
399 1078 507 1126 quod
547 1076 801 1112 introduccio
840 1076 1032 1112 falsorum
1072 1075 1241 1111 fratrum
1281 1073 1321 1109 in
1354 1072 1502 1109 Christi

184 1136 394 1173 ecclesiam
419 1134 591 1172 seminat
616 1134 840 1179 mendacia,
875 1133 1014 1182 litigia,
1051 1133 1154 1169 bella
1178 1141 1215 1168 et
1239 1140 1371 1168 cetera
1396 1131 1502 1167 mala

132 1198 167 1230 15
184 1207 261 1244 que
294 1193 542 1242 evangelium
576 1201 759 1229 nostrum
794 1191 999 1237 enunciat3
1033 1203 1127 1228 nam
1161 1203 1183 1227 a
1214 1199 1398 1238 tempore
1421 1202 1501 1237 quo

184 1253 385 1289 intrarunt
408 1261 445 1288 et
461 1255 517 1298 (ut
537 1260 678 1287 notant
698 1250 964 1295 cronicantes)
983 1251 1062 1286 duo
1087 1249 1190 1285 soles
1213 1257 1499 1297 apparuerant,

184 1310 306 1348 crevit
343 1310 434 1347 talis
473 1309 732 1358 perturbacio
771 1308 811 1345 in
852 1308 1020 1345 ecclesia
1063 1307 1273 1343 militante.
1319 1308 1368 1342 Et
1407 1319 1500 1342 con—

184 1370 325 1406 cordat
364 1369 513 1405 factum
552 1368 715 1404 illorum
756 1366 1009 1416 nepharium,
1052 1379 1143 1402 cum
1182 1378 1263 1402 non
1300 1364 1378 1401 sint
1417 1364 1500 1400 sine

185 1427 449 1465 contencione
495 1435 532 1463 et
576 1425 827 1462 emulacione
872 1425 1063 1462 continua
1115 1424 1155 1460 in
1203 1436 1242 1460 se
1287 1422 1383 1471 ipsis
1428 1435 1500 1458 nec

129 1499 169 1520 20
186 1495 342 1523 cessant
380 1497 599 1534 procurare
639 1483 817 1521 divorcia
858 1492 895 1520 et
934 1483 1012 1520 alia
1052 1483 1158 1519 mala
1192 1480 1428 1518 abscondita
1462 1480 1501 1516 in

185 1543 352 1581 brachio
391 1542 581 1589 seculari3
621 1551 658 1578 et
696 1542 791 1578 talia
825 1541 987 1578 indubie
1021 1554 1111 1578 cum
1146 1539 1297 1588 rapinis
1330 1540 1501 1587 pseudo·
1561 1543 1647 1582 They
1670 1545 1744 1570 have

184 1603 354 1639 fratrum
389 1603 436 1638 de
470 1600 714 1649 pauperibus
748 1600 913 1637 ecclesie
939 1599 1112 1636 excitant
1135 1598 1211 1635 ista
1235 1599 1354 1635 mala.
1390 1597 1501 1633 Sicut
1544 1579 1766 1641 ξ’[ῘῙῘῙῂᾞΪῇ-Ηξζ

185 1660 290 1697 enim
324 1659 594 1696 intoxicarunt
622 1668 918 1696 sacramentum
944 1657 1155 1695 eucaristie
1179 1665 1216 1693 et
1239 1657 1500 1704 postmodum
1598 1649 1714 1683 gospcl.

185 1719 404 1755 defendunt
448 1716 709 1766 pertinaciter
748 1718 856 1765 quod
902 1716 951 1753 sit
995 1716 1131 1761 nichil,
1178 1714 1234 1751 sic
1280 1713 1501 1751 intoxicant

128 1779 166 1811 25
183 1777 282 1814 alias
325 1776 512 1813 veritates
557 1774 819 1823 evangelicas,
865 1787 956 1811 suas
1001 1773 1302 1811 antichristinas
1346 1772 1501 1809 fabulas

183 1835 428 1872 extollentes.

240 1896 436 1930 Notarent
470 1905 562 1940 ergo
598 1891 735 1928 mundi
768 1890 970 1940 principes
1004 1891 1210 1939 quomodo
1235 1902 1301 1926 rex
1323 1888 1500 1933 Azarias,
1524 1893 1590 1921 Tm·
1612 1894 1735 1932 qurmy
1756 1895 1786 1921 οι

184 1964 230 1988 eo
270 1952 379 2000 quod
418 1951 571 1987 excelsa
611 1963 692 1986 non
731 1949 910 1995 abstulit,
952 1961 1163 1998 percussus
1203 1957 1260 1985 est
1299 1948 1412 1995 lepra
1444 1950 1501 1991 (ut
1525 1930 1787 1998 1<4ff²1³1¹ss¹1²¹ssuffss²ffig

184 2019 294 2058 patet
322 2010 385 2047 IV.
409 2011 502 2057 Reg.
526 2009 649 2054 XV0);
684 2008 739 2045 ita
772 2007 997 2044 timendum
1029 2007 1187 2044 videtur
1221 2005 1361 2042 mundi
1394 2005 1502 2054 prin·
1527 1997 1783 2068 ἀωὲιῐέωῐὲζῆῑῖιῐίζίὶ

129 2071 169 2104 30
186 2067 340 2116 cipibus
374 2068 483 2116 quod
521 2066 806 2115 percuciantur
838 2067 950 2115 lepra
984 2065 1092 2102 Giezi
1125 2066 1202 2110 (IV.
1237 2067 1330 2113 Reg.
1354 2065 1424 2109 VO)
1459 2075 1502 2099 ex
1559 2055 1699 2106 xxm-nint}
1721 2072 1750 2094 10

185 2128 261 2163 hoc
306 2128 414 2175 quod
456 2125 591 2162 fovent
635 2125 911 2173 symoniacam
961 2123 1198 2173 pravitatem
1250 2132 1287 2159 et
1335 2135 1379 2159 ex
1426 2123 1502 2158 hoc
1589 2111 1721 2138 princes.

185 2186 293 2233 quod
316 2197 397 2221 non
419 2184 604 2221 auferunt
629 2184 783 2220 excelsa
807 2183 965 2220 edificia
983 2181 1214 2231 pharisaica
1233 2190 1502 2225 monstruosa,

184 2256 319 2291 ymmo
359 2255 403 2279 ex
441 2243 517 2278 hoc
557 2243 665 2290 quod
705 2242 858 2278 excelsa
899 2250 1067 2290 peccata
1106 2239 1292 2288 superbie
1332 2252 1354 2276 a
1393 2239 1502 2275 clero

184 2314 264 2337 non
288 2301 473 2338 auferunt
496 2299 622 2337 instar
645 2299 794 2337 Christi
820 2299 1005 2347 (Matthei
1029 2300 1170 2347 XXIO),
1204 2310 1285 2334 non
1317 2296 1502 2334 faciendo

128 2361 167 2394 35
185 2360 292 2396 clero
325 2358 514 2396 iniuriam
550 2360 618 2395 sed
652 2371 722 2407 per
746 2358 999 2395 ablacionem
1023 2370 1189 2394 suorum
1213 2355 1502 2393 benefaciendo

255 2503 274 2522 1.
295 2495 324 2522 A
344 2494 373 2521 in
396 2502 510 2528 marg:
532 2493 556 2521 3.
630 2493 655 2521 3.
677 2494 709 2521 111
733 2502 846 2528 marga
868 2493 958 2520 Nota.
1033 2502 1061 2526 4.
1083 2493 1123 2520 F:
1145 2492 1227 2527 quod
1251 2492 1344 2519 deest.
1415 2491 1439 2518 5.
1462 2491 1500 2517 1³:

184 2529 342 2564 quomodo
363 2529 474 2556 delicit.
549 2537 576 2563 9.
599 2529 638 2556 F:
660 2528 783 2564 incepit.
859 2536 893 2555 11.
914 2529 958 2556 A:
981 2528 1178 2561 insuildatur3
1206 2527 1247 2554 ib.
1270 2528 1314 2554 A:
1338 2527 1400 2553 εἰη·
1423 2526 1500 2552 illos.

186 2573 224 2591 ιι»,
245 2565 289 2591 A:
312 2572 365 2598 pei*
385 2564 486 2590 Iocum
508 2563 609 2596 dec-sn
640 2563 679 2590 ib.
701 2564 745 2590 A:
768 2563 944 2590 cvidencius
965 2562 1063 2589 twice.
1210 2571 1250 2595 it.
1272 2563 1316 2589 A:
1339 2561 1500 2588 seminant.

186 2599 221 2627 15.
236 2600 280 2626 A:
303 2599 477 2626 denunciat.
534 2598 573 2626 25,
590 2599 634 2625 A:
656 2598 875 2633 evangelista-53
898 2598 938 2625 ib.
954 2599 998 2625 A:
1015 2596 1274 2625 antichristianus.
1332 2605 1378 2629 Ἠ),
1394 2595 1440 2623 30.
1456 2596 1499 2622 A:

186 2633 419 2669 principalibus.
493 2631 537 2660 32.
558 2633 599 2660 F:
621 2633 803 2668 phariseica.
878 2632 919 2660 35.
942 2641 1087 2666 su01·u1n;
1109 2632 1202 2659 adde:
1227 2629 1389 2658 bonorum.

262 2717 310 2750 16.
345 2717 397 2749 Cf.
424 2717 507 2749 Dec.
534 2717 638 2759 Greg.
667 2718 720 2756 IX,
749 2717 806 2748 lib.
836 2717 856 2755 1,
891 2718 940 2748 tit.
970 2716 1123 2754 XXXIII,
1151 2717 1234 2758 Cap.
1257 2716 1312 2747 VI.
1348 2715 1501 2747 Solitae:

188 2763 266 2796 fecit
294 2765 387 2795 Deus
415 2764 486 2795 duo
515 2773 640 2805 magna
669 2764 868 2802 luminaria,
904 2763 936 2794 id
965 2771 1026 2803 est,
1064 2764 1149 2794 duas
1184 2772 1328 2801 magnas
1355 2761 1501 2792 instituit

187 2810 386 2851 dignitates,
420 2820 488 2850 que
520 2817 600 2841 sunt
633 2808 840 2852 pontificalis
874 2809 1062 2842 auctoritas
1101 2817 1133 2840 et
1172 2809 1298 2849 regalis
1335 2814 1500 2850 potestas.

192 2857 241 2888 13.
270 2857 297 2888 It
329 2866 446 2888 seems
479 2866 516 2888 as
550 2855 578 2888 if
601 2856 736 2899 Wyclif
764 2856 820 2887 did
857 2863 918 2887 not
951 2856 1059 2886 know
1092 2854 1164 2886 that
1197 2854 1255 2885 the
1292 2854 1433 2884 Azarias
1466 2852 1507 2883 of

187 2903 244 2936 IV.
262 2903 372 2947 KIngs
386 2902 488 2942 XV,5
507 2903 534 2935 is
549 2902 609 2934 the
623 2913 718 2935 same
735 2912 865 2946 person
881 2912 917 2933 as
932 2901 990 2934 the
1008 2901 1114 2933 Ozias
1131 2902 1167 2934 11.
1187 2900 1294 2932 Paral.
1311 2900 1431 2938 XXVI,
1449 2909 1500 2930 21.
