1944 3323
108 261 181 296 180
684 265 908 298 JOHANNIS
928 265 1108 296 WYCLIF
1128 264 1386 297 sERMONUM
1418 250 1569 308 [SERMO
1589 261 1697 289 xxm.

389 368 520 421 potest
564 372 627 408 hic
672 384 756 408 esse
804 372 887 407 sine
933 380 1099 419 peccato
1143 370 1300 416 veniali,
1346 382 1418 406 nec
1457 370 1495 406 in
1538 369 1698 406 mortali

389 430 481 467 licet
533 431 734 467 celebrare
787 430 855 465 sed
906 430 1035 465 solum
1088 441 1160 477 pro
1205 428 1292 476 ipso
1338 427 1698 465 excommunicare.

388 490 533 525 Ymmo
571 488 748 536 prelatus
787 488 959 523 errando
999 486 1039 522 in
1079 486 1154 523 ista
1193 485 1343 523 noticia
1376 494 1560 534 peccaret
1595 498 1699 522 mor—

389 547 523 583 taliter
566 546 667 582 sicut
706 545 856 584 dicunt.
901 546 962 580 Ad
1006 544 1122 581 istam
1177 557 1270 592 ergo
1309 544 1499 581 noticiam
1541 552 1700 592 oportet

390 605 564 653 prelatos
588 603 754 640 omnino
778 604 997 648 attendere,
1028 602 1121 651 quia
1145 602 1259 638 aliter
1281 611 1411 638 totum
1434 615 1536 650 opus
1561 614 1699 638 eorum
1718 605 1734 638 5

391 664 498 711 quod
531 661 673 710 prelati
708 674 750 697 ex
773 669 971 709 potestate
1005 660 1175 697 clavium
1200 660 1351 696 faciunt
1375 669 1432 696 est
1454 669 1699 708 suspectum.

391 722 490 757 Sunt
528 728 661 756 autem
704 719 826 756 multe
866 717 1076 766 opiniones
1116 717 1155 753 in
1195 717 1267 754 ista
1308 718 1489 763 materia,
1536 727 1578 753 ut
1623 717 1700 753 dixi

114 795 133 825 ¹:
156 786 249 814 Some
270 785 357 812 make
391 778 500 815 alias.
551 777 724 823 Quidam
767 776 871 814 enim
905 776 1042 812 dicunt
1076 777 1183 824 quod
1216 788 1286 824 per
1323 775 1617 812 inhabilitatem
1651 776 1701 811 ad

126 821 347 890 ¹g1ffiffit¹2d1gl¹f
390 835 566 884 graciam
599 844 756 883 gratum
781 834 993 871 facientem
1027 833 1282 881 cognoscitur
1305 833 1485 870 mortalis
1519 832 1702 870 carencia

189 887 288 925 graec.
392 903 428 931 et
468 902 650 939 econtra3
691 902 728 929 et
766 893 821 929 sic
855 891 1085 929 differencia
1119 891 1366 940 distinguens
1398 891 1499 927 inter
1533 891 1701 927 mortale
1722 905 1761 926 10

393 961 429 989 et
460 951 613 989 veniale
653 960 710 988 est
747 950 879 999 gracie
917 950 1007 987 talis
1048 950 1231 987 carencia
1263 951 1324 986 vel
1356 949 1514 985 habicio
1548 948 1630 985 eius
1663 948 1703 984 in

393 1010 539 1047 anima.
582 1010 659 1046 Sed
693 1018 832 1046 contra
865 1008 1091 1045 balbuciem
1126 1008 1181 1044 sic
1213 1007 1471 1056 loquencium
1506 1015 1562 1043 est
1595 1007 1703 1055 quod

391 1068 574 1105 nesciunt
612 1066 848 1116 quiditatem
895 1066 1027 1114 gracie
1073 1066 1302 1102 huiusmodi
1346 1077 1586 1113 cognoscere
1630 1076 1704 1101 nee

393 1127 554 1175 quando
588 1126 735 1162 habent
768 1125 897 1173 ipsam
930 1125 991 1161 vel
1023 1124 1110 1172 ipsa
1144 1133 1280 1160 carent
1314 1123 1552 1160 discernere.
1595 1124 1703 1168 Quo-

395 1185 515 1220 modo
555 1196 648 1231 ergo
687 1183 742 1219 sic
774 1181 972 1231 {ignorans
1011 1183 1113 1219 hanc
1147 1181 1419 1218 differenciam
1461 1181 1759 1217 discerneret15

394 1243 441 1278 de
466 1241 651 1278 mortali?
684 1254 776 1278 nam
810 1241 841 1277 si
875 1240 1039 1277 omnino
1073 1240 1277 1288 ignoscam
1313 1241 1449 1276 datum
1484 1238 1702 1284 hominem,

393 1308 615 1348 numquam
639 1300 843 1347 querendo
866 1298 997 1346 ipsum
1022 1300 1070 1335 ab
1095 1298 1182 1334 aliis
1205 1298 1485 1334 discernerem.
1511 1296 1704 1334 Similiter

392 1357 526 1406 gracia
566 1357 737 1394 maxime
776 1357 1004 1405 gratificans
1052 1365 1108 1392 est
1152 1355 1286 1404 gracia
1331 1354 1702 1403 predestinacionis‚

394 1417 461 1452 sed
500 1415 568 1451 illa
606 1424 683 1452 stat
723 1428 812 1451 cum
854 1414 1014 1451 mortali
1047 1423 1126 1450 tam
1163 1413 1347 1462 originali
1381 1425 1500 1462 quam
1541 1412 1701 1457 actuali,

394 1482 437 1510 ut
476 1482 585 1521 patet
624 1475 670 1509 de
710 1472 903 1521 apostolis
942 1472 1051 1520 prius
1091 1471 1338 1520 originaliter
1377 1470 1635 1519 peccantibus
1669 1478 1705 1506 et
1725 1485 1765 1507 20

395 1533 655 1580 postmodum
689 1529 1075 1578 blasphemantibus.

453 1588 658 1635 Similiter,
700 1588 891 1637 quicquid
929 1596 1125 1636 repugnat
1163 1586 1303 1635 gradui
1343 1586 1475 1635 gracie
1512 1594 1707 1634 repugnat

395 1647 541 1696 gracie,
563 1648 630 1683 sed
654 1648 924 1695 quodcunque
946 1654 1156 1694 peccatum
1179 1645 1331 1682 veniale
1349 1645 1492 1681 viantis
1513 1652 1708 1692 repugnat

395 1704 535 1754 gradui
558 1704 702 1753 gracie,
728 1704 821 1753 quia
853 1703 1093 1753 plenitudini
1125 1703 1258 1751 gracie
1291 1704 1472 1739 habende
1500 1702 1540 1738 in
1563 1701 1706 1750 patria,

397 1776 490 1811 ergo
523 1771 597 1799 etc.
631 1762 670 1799 Si
704 1763 809 1799 enim
847 1762 1062 1811 quicquam
1096 1770 1291 1810 repugnat
1326 1760 1458 1809 gracie
1493 1772 1707 1807 consump-
1726 1764 1765 1796 25

398 1830 516 1866 mate,
550 1829 747 1868 repugnat
780 1820 925 1868 gracie.

127 1894 150 1912 2.
174 1886 288 1913 Others
310 1893 363 1925 say
454 1881 508 1914 Ex
541 1878 625 1914 istis
657 1878 813 1915 videtur
851 1877 1051 1926 aliquibus
1085 1879 1192 1926 quod
1236 1877 1309 1913 ista
1343 1875 1572 1912 differencia
1607 1875 1709 1911 inter

111 1921 373 1982 ¹¹5¹S²¹st¹{{}{³¹{{f}{icsl¹ls¹
398 1936 567 1973 mortale
613 1945 649 1972 et
692 1936 844 1972 veniale
890 1944 946 1972 est
984 1935 1228 1972 insufficiens
1268 1943 1305 1971 et
1351 1934 1468 1970 nimis
1508 1933 1707 1981 ambigua.

110 1990 375 2052 ¹gf¹gq⁸l]}}}²ltl}ffi}¹¹
398 1996 490 2031 Ideo
531 1993 693 2030 secundi
734 1994 870 2030 dicunt
909 1995 1016 2042 quod
1061 2006 1134 2041 pro
1178 1992 1288 2029 omni
1336 2000 1502 2040 peccato
1549 1990 1708 2027 mortali

399 2065 469 2101 per
515 2064 555 2088 se
599 2061 656 2088 est
696 2060 883 2100 peccator
916 2051 1185 2099 dampnabilis
1231 2052 1299 2086 sed
1342 2063 1422 2086 non
1460 2062 1533 2098 pro
1573 2049 1707 2097 aliquo
1724 2053 1767 2085 30

398 2109 555 2147 veniali.
602 2111 679 2146 Sed
713 2119 853 2146 contra
885 2109 991 2145 istud
1023 2109 1191 2155 videtur,
1226 2121 1316 2144 cum
1350 2108 1478 2144 solum
1512 2119 1585 2155 pro
1619 2119 1709 2155 pec-

401 2177 490 2204 cato
524 2167 653 2204 finalis
686 2167 969 2216 impenitencie
1000 2167 1049 2203 sit
1073 2168 1196 2203 homo
1220 2166 1361 2214 dignus
1395 2163 1607 2213 dampnari
1639 2177 1709 2212 per

400 2239 453 2271 se,
494 2225 650 2262 videtur
695 2227 803 2274 quod
847 2226 976 2262 solum
1023 2225 1119 2261 illud
1160 2233 1369 2272 peccatum
1410 2223 1460 2259 sit
1497 2231 1708 2271 peccatum

402 2284 571 2320 mortale
604 2292 640 2320 et
674 2296 743 2332 per
777 2295 1024 2332 consequens
1057 2282 1224 2331 quilibet
1256 2281 1385 2319 viator
1409 2280 1563 2317 dubitat
1596 2280 1628 2316 si
1661 2279 1710 2316 sit

401 2342 441 2377 in
473 2350 639 2389 peccato
671 2341 832 2378 mortali
864 2342 924 2377 vel
957 2341 1213 2377 solummodo
1245 2339 1404 2377 veniali.
1727 2342 1766 2375 35

460 2399 664 2445 Similiter,
710 2412 783 2447 pro
829 2399 1008 2447 quolibet
1050 2398 1194 2435 veniali
1234 2406 1591 2446 quantumcunque
1635 2395 1710 2432 levi

402 2457 503 2493 foret
543 2458 664 2493 homo
703 2458 983 2505 dampnandus
1023 2465 1151 2492 stante
1190 2465 1296 2492 statu
1334 2454 1581 2499 innocencie,
1616 2465 1710 2501 ergo

403 2514 574 2561 dignitas
613 2514 918 2562 dampnacionis
951 2514 1131 2562 sequitur
1163 2515 1212 2550 ad
1245 2515 1513 2562 quodcunque
1544 2511 1710 2548 veniale.

403 2571 513 2608 Sicut
546 2572 649 2608 enim
683 2572 754 2608 Dei
786 2572 944 2609 volucio
976 2572 1070 2608 facit
1103 2573 1372 2620 quodcunque
1405 2578 1613 2618 peccatum
1647 2581 1711 2605 ac-

403 2630 579 2666 cusabile
612 2632 719 2678 quod
752 2630 948 2666 delebitur
987 2630 1151 2678 dignum
1190 2629 1317 2675 venia,
1358 2628 1412 2664 ita
1449 2627 1520 2664 Dei
1552 2626 1768 2672 volucio4o

464 2780 502 2814 ’6.
526 2785 618 2813 Cod.:
641 2786 722 2822 qnod
746 2791 785 2813 ut.
866 2786 892 2813 8.
914 2786 946 2813 In
970 2794 1083 2821 marg:
1107 2786 1206 2813 Prima
1227 2785 1351 2821 opinio3
1378 2786 1418 2813 ib.
1440 2785 1534 2813 Cod.:
1556 2785 1592 2812 ad
1614 2785 1708 2812 deest.

403 2822 530 2849 Addidi.
628 2829 664 2848 12.
688 2821 781 2848 Cod.:
806 2821 991 2848 balbucium.
1090 2821 1126 2847 15.
1149 2820 1242 2848 Cod.:
1265 2821 1371 2855 ignora
1392 2820 1448 2847 hac
1468 2820 1653 2847 diflercncia.
1676 2820 1708 2846 In

404 2865 516 2890 marga
539 2864 564 2883 a.
638 2863 680 2882 22.
702 2856 733 2882 In
757 2864 868 2889 marga
892 2856 917 2881 b.
992 2863 1034 2889 27.
1057 2856 1088 2882 In
1111 2864 1223 2890 marg:
1245 2855 1386 2882 Secunda
1406 2854 1521 2889 opinio,
1589 2853 1634 2881 382.
1657 2862 1704 2881 ve-

405 2892 498 2923 nialc;
520 2891 547 2917 in
570 2890 654 2918 θοὰς
678 2890 815 2925 sequitur
834 2896 867 2924 μθ
888 2900 916 2914 z
939 2898 1020 2923 crgo.
