1944 3323
213 262 348 291 SERMO
371 251 482 309 xxn.]
702 263 876 295 TERTIA
903 263 1030 295 1³2st.

211 373 251 409 in
282 372 429 409 tabulis
463 370 632 420 lapideis
667 379 704 407 et
737 382 876 407 omnes
918 368 1226 406 circumstancie
1260 368 1419 417 signant
1453 381 1533 405 ser-

210 431 377 468 vitutem
412 443 458 467 ac
492 428 838 478 corporalitatem,
870 428 926 465 sic
949 429 1010 465 lex
1040 427 1308 477 prescitorum
1333 436 1370 463 et
1394 439 1532 463 eorum

211 488 520 527 circumstancie
552 487 732 524 indicant
756 486 1097 535 dampnacionem
1132 486 1293 523 finalem
1328 494 1365 522 et
1395 498 1535 534 perpe-

210 558 321 586 tuam
361 547 608 584 servitutem.
654 548 702 582 Et
734 545 838 582 sicut
873 545 988 582 dacio
1033 544 1072 581 in
1106 544 1201 582 Sina
1234 544 1363 593 signat
1397 556 1534 593 super-

177 606 319 644 §biam
362 607 582 642 Judeorum
635 617 678 641 ex
728 604 825 652 legis
880 603 1122 652 accepcione
1167 603 1227 640 vel
1272 602 1534 639 rebellionem

211 678 351 703 eorum
393 673 532 701 contra
580 662 675 700 Sina
715 666 806 711 (que
848 661 1138 711 interpretatur
1172 662 1436 707 mandatum),
1479 660 1535 697 sic

211 723 391 760 infideles
415 731 451 759 et
474 720 732 770 singulariter
754 720 842 758 falsi
877 720 1084 757 christiani
1117 721 1185 757 sed
1219 718 1535 768 singularissime

211 782 300 820 falsi
339 780 514 829 religiosi
555 780 767 817 conferunt
805 779 846 815 in
884 792 956 816 sua
995 778 1244 828 professione
1283 778 1395 826 signa
1436 777 1534 814 luci-

212 840 336 878 ferine
376 838 563 888 superbie
601 838 642 875 in
674 851 715 875 se
753 837 863 886 ipsis.
915 836 1103 886 Religiosi
1144 837 1306 886 quidem
1353 836 1534 885 obligant

160 913 195 935 10
211 913 252 937 se
276 897 591 937 contradictorie
615 898 665 934 ad
697 897 786 946 plus
810 898 1046 933 merendum
1076 904 1113 932 et
1137 895 1319 932 sanccius
1342 895 1533 932 viandum

211 971 332 1008 quam
374 956 491 1005 exigit
523 956 691 1004 simplex
723 954 864 1003 religio
908 954 1140 991 christiana.
1190 956 1366 991 Econtra
1399 962 1533 990 autem

212 1026 270 1053 est
303 1017 350 1053 de
382 1017 468 1063 lege
500 1014 633 1064 gracie
668 1015 761 1050 data
794 1012 1062 1050 amicabiliter
1094 1012 1134 1048 in
1167 1021 1303 1048 monte
1337 1016 1393 1058 (ut
1425 1020 1535 1060 patet

211 1074 378 1112 Matthei
416 1072 509 1124 V0);
560 1073 666 1109 unde
710 1071 951 1121 quibusdam
998 1071 1157 1107 videtur
1203 1072 1311 1120 quod
1357 1069 1535 1118 religiosi

211 1133 338 1171 nostri
385 1132 474 1181 plus
524 1130 748 1179 obligantes
799 1143 839 1167 se
884 1142 1005 1179 quam
1052 1129 1219 1177 obligati
1265 1137 1356 1165 sunt
1400 1137 1535 1177 patres

159 1192 309 1241 15legis
353 1189 498 1228 veteris
541 1190 604 1227 vel
643 1202 765 1238 quam
806 1188 1037 1237 obligantur
1077 1200 1120 1224 ex
1160 1187 1354 1236 religione
1388 1186 1536 1224 Christi

213 1250 281 1300 qui
314 1250 542 1287 libertatem
576 1247 732 1285 addidit
764 1259 884 1296 super
917 1247 1045 1295 legem
1078 1254 1252 1283 veterem
1295 1254 1333 1282 et
1366 1245 1536 1282 difficul-

212 1318 337 1346 tatem
370 1307 541 1345 servavit
573 1307 624 1344 ad
653 1305 901 1354 diligendum
926 1308 1055 1342 Deum
1089 1317 1132 1341 ex
1163 1304 1349 1341 omnibus
1372 1303 1535 1350 viribus,

213 1377 305 1405 sunt
336 1367 440 1403 inter
473 1378 613 1403 omnes
646 1364 830 1402 homines
865 1363 991 1413 magis
1025 1363 1150 1409 stulti,
1185 1362 1278 1412 quia
1312 1375 1355 1399 ex
1389 1362 1535 1399 minori

214 1426 457 1464 auctoritate
499 1437 621 1474 quam
660 1431 795 1472 patres
834 1423 932 1471 legis
971 1421 1114 1459 veteris
1154 1421 1334 1470 obligant
1366 1434 1406 1458 se
1439 1421 1536 1457 stul-

158 1485 367 1522 20tissirne
407 1484 495 1533 plus
538 1495 658 1532 quarn
697 1490 879 1530 possunt.
935 1483 1035 1518 Cum
1087 1479 1191 1517 enim
1247 1480 1447 1517 seculares
1494 1492 1537 1516 ex

214 1542 467 1592 obligacione
501 1540 650 1579 Christi
689 1540 922 1589 obligantur
960 1540 1009 1576 ad
1043 1538 1175 1587 ipsum
1211 1538 1460 1587 diligendum
1493 1550 1537 1574 ex

215 1601 401 1640 omnibus
433 1600 584 1638 viribus
623 1598 717 1646 suis,
758 1607 868 1648 patet
901 1598 1008 1647 quod
1048 1596 1112 1633 isti
1152 1609 1222 1646 per
1262 1596 1536 1645 obligaciones

214 1661 391 1698 novellas
429 1672 510 1696 non
550 1657 735 1695 excidunt
773 1658 822 1694 ab
863 1655 1116 1705 obligacione
1154 1655 1229 1692 ista
1269 1668 1346 1704 que
1386 1655 1538 1703 obligat

215 1732 282 1757 eos
316 1726 512 1768 quantum
553 1725 736 1766 possunt.
784 1718 832 1752 Et
866 1728 957 1752 cum
998 1723 1131 1763 preter
1164 1715 1236 1751 hec
1276 1714 1458 1762 obligant
1497 1726 1536 1750 se

158 1780 198 1813 25
215 1780 265 1816 ad
310 1790 400 1814 suas
445 1775 689 1813 tradiciones
734 1773 970 1823 singulares,
1014 1772 1171 1810 videtur
1214 1773 1322 1822 quod
1370 1773 1458 1821 plus
1497 1784 1537 1808 se

216 1836 399 1884 obligant
432 1847 554 1884 quam
588 1842 770 1882 possunt.

273 1896 355 1931 Nec
396 1902 453 1931 est
486 1893 673 1941 fingenda
705 1892 812 1940 fuga,
851 1889 926 1927 nisi
965 1889 1167 1927 incidatur
1199 1889 1239 1926 in
1280 1889 1399 1926 istam
1433 1889 1536 1925 blas-

216 1952 422 2002 phemiam
457 1952 565 2001 quod
606 1963 651 1988 eo
693 1949 780 1998 ipso
815 1962 894 1998 quo
934 1948 990 1986 sic
1028 1948 1259 1997 obligantur
1298 1956 1388 1985 sunt
1429 1947 1537 1984 suffi-

218 2011 437 2049 cienciores
484 2022 604 2059 quam
656 2009 878 2046 secundum
923 2007 1219 2056 obligacionem
1275 2005 1536 2043 christianam

161 2069 442 2118 3osimplicem
489 2076 785 2106 conversantes.
832 2067 910 2103 Sed
954 2067 1162 2115 quomodo
1202 2069 1357 2114 (queso)
1397 2065 1539 2101 lateret

219 2129 426 2178 apostolos
479 2136 517 2164 et
567 2126 668 2163 alios
722 2125 859 2162 fideles
910 2137 1036 2173 usque
1087 2125 1137 2161 ad
1188 2123 1538 2160 introduccionem

219 2187 389 2223 istorum
429 2185 617 2222 ordinum
657 2185 729 2221 hec
775 2183 957 2220 cautela?
1002 2183 1117 2220 Unde
1162 2182 1327 2231 quidam
1369 2181 1541 2218 fideliter

219 2245 294 2282 sibi
333 2253 514 2282 statuunt
547 2256 620 2292 pro
654 2243 790 2291 regula
823 2243 931 2291 quod
970 2254 1050 2277 non
1092 2240 1322 2289 obligantur
1356 2241 1403 2277 de
1436 2252 1540 2276 novo

220 2303 387 2340 ulterius
421 2302 495 2339 nisi
535 2303 756 2339 secundum
791 2301 899 2349 quod
939 2299 1013 2336 sibi
1047 2312 1068 2336 a
1103 2301 1185 2336 Deo
1220 2298 1406 2336 eveniunt
1438 2310 1541 2334 nova

164 2364 202 2398 35
221 2364 341 2399 dona.
375 2361 501 2398 Aliter
540 2360 646 2397 enim
685 2360 788 2396 foret
828 2358 1005 2408 quelibet
1050 2357 1251 2406 obligacio
1292 2356 1541 2394 condicionis

221 2419 407 2469 opposite
440 2419 574 2456 stulta.
608 2420 656 2454 Et
684 2426 796 2466 patet
820 2430 940 2466 quam
976 2416 1135 2465 spissim
1168 2415 1300 2453 vocati
1334 2414 1541 2452 christiani

221 2479 261 2515 in
294 2477 526 2515 servitutem
560 2489 600 2513 se
633 2477 741 2525 ipsos
773 2484 965 2524 generant
998 2483 1036 2511 et
1068 2474 1168 2511 alios
1202 2483 1308 2511 secte
1341 2486 1422 2510 sue.
1464 2474 1541 2510 Sed

221 2538 441 2574 secundum
465 2535 705 2584 Apostolum
729 2534 760 2571 si
785 2534 872 2583 quis
906 2546 972 2570 eos
1004 2532 1043 2569 in
1073 2533 1305 2569 servitutem
1330 2531 1540 2580 redegerit,

222 2594 466 2632 sustinencia
517 2594 618 2630 foret
662 2593 796 2630 stulta.
858 2593 973 2629 Unde
1024 2604 1132 2627 mons
1177 2592 1268 2627 Sina
1320 2591 1540 2628 secundum

162 2667 206 2699 40
222 2654 462 2702 Apostolum
496 2659 551 2688 est
573 2652 608 2688 in
631 2652 777 2687 Arabia
804 2651 896 2699 (que
920 2650 1209 2699 interpretatur
1232 2649 1438 2686 humilitas
1461 2648 1542 2685 sive

223 2711 426 2758 affliccio),
471 2710 573 2747 sicut
610 2718 794 2758 tempore
833 2708 1018 2757 Apostoli
1058 2708 1218 2745 servivit
1262 2716 1428 2756 peccato
1474 2706 1541 2743 illa

335 2835 429 2863 Cod.:
451 2833 586 2870 lapidiis.
662 2832 700 2861 15.
723 2833 819 2861 Cod.:
842 2833 886 2860 vel
909 2841 979 2868 qua.
1053 2831 1098 2859 38.
1121 2831 1215 2859 Cod.:
1241 2831 1393 2866 redigerit.

294 2907 347 2952 39.
376 2908 451 2940 Gal.
479 2907 537 2947 IV,
566 2905 619 2939 25.

1749 255 1820 303 173

1562 726 1654 760 Sigus
1674 726 1710 753 of
1727 727 1813 761 pride

1591 763 1619 789 in
1641 762 1690 788 the
1711 762 1785 789 salse

1609 796 1766 832 religious‚

1626 832 1755 867 binding

1567 868 1752 896 themselves
1775 873 1804 895 to

1572 906 1607 932 be
1628 911 1714 931 more
1737 904 1807 939 holy

1574 941 1647 968 than
1669 938 1802 966 Christ's

1627 973 1756 1009 religion

1610 1009 1773 1039 demands.

1586 1891 1687 1919 There
1708 1892 1733 1920 is
1755 1900 1794 1919 no

1587 1935 1695 1966 escape
1717 1928 1796 1954 from

1582 1963 1631 1989 the
1652 1964 1713 1990 fact
1734 1963 1797 1989 that

1554 1998 1623 2033 they
1642 1998 1681 2025 do
1701 2007 1734 2025 so
1755 1998 1826 2024 bind

1596 2034 1794 2060 themselves.

1565 2478 1647 2507 Such
1670 2477 1824 2505 servitude

1627 2513 1652 2540 is
1673 2514 1761 2549 solly.
