1944 3323
201 237 278 273 316

213 590 451 618 controversie-⁵

195 634 228 652 as
249 631 278 652 to
300 626 387 653 merit
409 627 466 653 and

280 669 378 696 grace.

740 248 961 280 JOHANNIs
982 250 1163 282 WYCLIF
1182 251 1436 284 SERMONUM
1459 237 1608 295 [SERMO
1625 250 1791 279 XXXVIII.

485 357 646 403 quando
691 356 774 391 sine
812 355 945 402 gracia
984 357 1185 392 reddentis
1224 369 1267 393 ex
1306 370 1405 405 pura
1443 357 1600 395 iusticia
1641 361 1788 396 bonum
1807 386 1868 417 Fol

485 412 575 461 equi
605 408 609 465 Ι
637 414 770 449 valens
814 412 887 448 sibi
932 413 1124 454 reddidit:
1178 428 1250 452 nec
1295 415 1593 463 distinguuntur
1636 417 1704 454 illa
1748 431 1791 454 ex
1810 412 1889 475 273ss

484 470 685 518 opposito,
726 483 815 507 cum
858 483 903 507 eo
943 471 1030 519 ipso
1069 474 1177 520 quod
1217 473 1381 521 aliquod
1420 483 1477 510 est
1516 474 1702 511 meritum
1744 477 1791 512 de

484 528 697 576 condigno,
719 538 775 565 est
795 528 981 565 meritum
1002 530 1049 565 de
1068 529 1187 578 digno
1210 532 1270 568 vel
1294 544 1485 578 congruo,
1510 545 1590 569 non
1614 542 1789 570 econtra.

541 588 582 621 In
619 586 694 622 ista
739 595 871 623 autem
918 586 1086 623 materia
1131 601 1221 625 cum
1266 589 1448 625 terminis
1494 591 1823 638 magistralibus5

483 653 601 692 atque
634 644 847 681 sentenciis
879 653 969 680 sunt
1003 645 1116 681 multi
1149 647 1237 694 plus
1261 660 1379 695 quam
1411 648 1567 696 expedit
1595 649 1788 696 intricati3

483 710 519 738 et
553 702 643 738 hinc
676 712 766 738 sunt
799 705 1086 750 respondentes
1120 703 1159 740 in
1190 704 1265 741 ista
1306 706 1474 742 materia
1514 707 1789 755 multipliciter

481 759 635 805 variati,
670 770 712 796 ut
744 760 798 796 hii
832 761 968 797 dicunt
1001 762 1109 809 quod
1141 774 1259 799 nemo
1289 772 1463 799 meretur
1486 764 1787 811 beatitudinem,

482 830 571 853 cum
605 831 703 866 pure
735 818 915 866 graciose
948 832 969 855 a
1004 819 1177 856 Domino
1210 821 1259 856 sit
1292 822 1452 867 donata,
1494 831 1531 858 et
1564 823 1618 858 hii
1651 823 1788 860 dicunt

481 876 705 912 coloracius
756 881 946 924 negantes
999 877 1101 913 hanc
1150 878 1253 914 viam
1301 888 1508 927 tamquam
1555 881 1846 927 hereticam‚1o

481 936 746 971 concedentes
786 936 893 983 quod
932 935 1060 971 viator
1100 945 1274 972 meretur
1315 950 1337 973 a
1378 937 1551 975 Domino
1596 940 1664 975 sed
1707 952 1788 975 non

480 993 527 1028 de
560 992 774 1041 condigno,
808 1002 849 1029 ut
882 993 978 1030 dicit
1000 995 1231 1041 Apostolus,
1264 1007 1400 1042 ymmo
1434 1004 1476 1031 ut
1508 998 1613 1033 Deus
1646 998 1788 1033 doceat

478 1050 679 1087 neminem
715 1052 859 1087 debere
893 1051 1109 1100 quicquam
1133 1053 1282 1089 donare
1306 1053 1419 1089 alteri
1442 1053 1515 1090 nisi
1540 1055 1586 1091 de
1610 1067 1787 1103 congruo

479 1108 602 1156 presit
632 1108 816 1156 dignitas,
851 1109 1011 1146 ordinat
1034 1111 1141 1158 quod
1164 1123 1284 1147 nemo
1307 1111 1472 1148 haberet
1495 1112 1784 1150 beatitudinem

477 1165 552 1202 nisi
586 1176 627 1202 ut
660 1167 861 1215 congruit;
896 1177 933 1203 et
965 1167 1193 1216 quicunque
1225 1169 1415 1206 secularis
1440 1170 1626 1207 dominus
1649 1171 1787 1207 tribuit
1809 1173 1843 1205 15

478 1236 590 1260 servo
623 1237 695 1261 suo
728 1225 879 1274 aliquid
912 1225 996 1262 sine
1029 1226 1103 1262 hoc
1137 1228 1243 1274 quod
1276 1227 1407 1275 primo
1442 1240 1482 1264 se
1504 1228 1634 1276 ipsum
1660 1229 1786 1277 digni-

478 1282 569 1318 ficet
601 1284 651 1319 ad
690 1283 800 1327 illud,
841 1292 877 1319 et
915 1296 986 1332 per
1018 1296 1266 1333 consequens
1300 1295 1512 1331 mereatur,
1548 1286 1714 1323 offendit
1746 1288 1784 1323 in

479 1340 653 1377 divinam
688 1341 903 1382 iusticiam,
944 1353 1034 1378 cum
1067 1351 1227 1390 oportet
1261 1345 1368 1391 quod
1402 1344 1441 1379 in
1474 1344 1584 1380 omni
1616 1345 1785 1381 retribu-

479 1398 592 1434 cione
636 1398 739 1435 iusta
785 1399 959 1435 hominis
1002 1401 1106 1436 Deus
1151 1400 1358 1437 retribuat.
1413 1403 1505 1439 Ideo
1550 1403 1784 1440 modificant

476 1456 607 1504 logici,
632 1467 816 1505 respectu
841 1470 1011 1506 quorum
1045 1467 1103 1494 est
1135 1458 1226 1495 talis
1259 1459 1438 1496 reddicio
1473 1473 1570 1508 pure
1601 1461 1782 1508 graciosa
1800 1473 1842 1495 20

476 1515 536 1550 vel
582 1527 759 1562 congrua
806 1524 842 1551 et
885 1525 1068 1563 respectu
1113 1530 1283 1564 quorum
1330 1526 1387 1553 est
1431 1518 1521 1554 talis
1568 1518 1783 1555 retribucio

477 1584 574 1619 pure
608 1572 723 1609 iusta.
758 1576 806 1609 Et
829 1573 1032 1621 signanter
1056 1574 1151 1610 dicit
1174 1576 1391 1622 Apostolus
1403 1577 1588 1625 futuram
1612 1578 1783 1627 gloriam

476 1631 739 1677 revelandam,
773 1631 866 1680 quia
898 1633 1078 1668 nondum
1114 1632 1229 1669 nobis
1262 1634 1462 1681 apparuit,
1488 1643 1524 1670 et
1548 1648 1637 1671 cum
1662 1648 1784 1683 appa-

476 1688 598 1724 ruerit
632 1689 714 1725 eius
747 1690 993 1738 perpetuitas
1025 1691 1210 1733 revelata,
1244 1692 1347 1728 ultra
1380 1691 1490 1728 illam
1522 1705 1603 1729 non
1626 1702 1785 1742 oportet

476 1755 657 1794 expetere
690 1748 1047 1784 confirmacionem
1081 1749 1140 1784 vel
1172 1748 1453 1786 certitudinem
1477 1763 1547 1798 per
1569 1751 1647 1787 alia
1669 1764 1783 1799 argu-
1801 1753 1839 1785 25

476 1813 622 1841 menta.
658 1807 704 1841 Et
728 1805 767 1841 in
790 1818 859 1854 spe
881 1805 986 1842 illius
1009 1819 1147 1843 omnes
1170 1806 1341 1843 viatores
1363 1807 1515 1844 virilius
1538 1809 1781 1855 laborarent,

475 1875 565 1898 cum
605 1864 702 1899 tales
743 1873 924 1900 creature
956 1864 1107 1900 viantes
1140 1873 1286 1900 statum
1322 1874 1529 1913 expectant
1563 1866 1782 1903 certissime

474 1933 542 1956 sue
576 1921 833 1958 beatitudinis
873 1922 911 1957 in
946 1935 1024 1970 quo
1065 1922 1304 1958 revelabitur
1343 1923 1397 1959 eis
1436 1932 1478 1959 ut
1517 1924 1606 1960 filiis
1640 1925 1709 1961 Dei
1744 1934 1780 1961 et

474 1977 513 2013 in
551 1987 642 2014 actu
681 1988 722 2015 ut
761 1980 840 2015 suis
879 1980 1092 2016 heredibus
1131 1980 1325 2028 quidquid
1366 1981 1482 2018 fuerit
1520 1984 1570 2018 ad
1610 1982 1778 2019 beatitu-

473 2035 605 2072 dinem
630 2037 882 2085 requisitum.
906 2040 1007 2074 Nam
1033 2040 1065 2073 Ia
1085 2038 1277 2074 Johannis
1296 2041 1365 2075 1110
1388 2039 1484 2076 dicit
1506 2040 1777 2088 Evangelista:
1797 2042 1837 2074 30

473 2094 623 2130 Scimus
666 2096 841 2144 quoniam
887 2108 970 2132 cum
1016 2097 1244 2145 apparuerit
1281 2097 1424 2133 similes
1462 2098 1606 2134 erimus
1643 2099 1686 2134 ei.
1732 2101 1779 2135 Et

471 2161 567 2188 nota
601 2155 707 2200 quod
741 2155 862 2190 homo
901 2155 1120 2190 secundum
1162 2156 1364 2202 quandam
1403 2156 1682 2192 excellenciam
1723 2166 1780 2193 est

473 2209 543 2245 Dei
582 2219 776 2257 creatura,
816 2224 905 2248 cum
946 2213 1157 2248 creabatur
1196 2214 1416 2249 secundum
1460 2222 1646 2251 naturam
1693 2227 1778 2251 cor-

471 2280 649 2314 poream,
669 2271 889 2306 secundum
912 2278 1097 2306 naturam
1121 2270 1371 2318 spiritualem
1395 2271 1539 2318 anime,
1559 2274 1776 2309 secundum

472 2326 622 2361 donum
656 2327 789 2374 gracie
822 2337 859 2363 et
892 2329 1111 2364 seeundum
1145 2337 1291 2364 statum
1325 2328 1465 2376 patrie.
1501 2331 1549 2366 Et
1572 2330 1661 2366 ideo
1685 2331 1778 2379 quia
1795 2331 1832 2364 35

470 2396 618 2419 nornen
652 2394 832 2421 creature
865 2385 939 2421 sibi
973 2385 1158 2422 convenit
1191 2387 1503 2437 antonomatice,
1544 2388 1635 2424 hinc
1674 2388 1777 2425 facta

471 2441 758 2479 distribucione
811 2445 871 2479 vel
925 2456 994 2491 per
1046 2455 1086 2479 se
1129 2444 1412 2481 nominacione
1457 2445 1571 2482 huius
1615 2446 1776 2482 termini

469 2507 649 2535 creatura
683 2503 731 2536 ad
765 2501 969 2538 hominem
1004 2510 1210 2550 tamquam
1234 2502 1433 2549 signatum
1458 2503 1651 2540 famosius
1673 2503 1776 2540 limi-

469 2565 588 2602 tatur,
629 2567 671 2594 ut
704 2567 812 2606 patet
846 2571 889 2595 ex
921 2559 1050 2596 verbis
1084 2559 1246 2596 Domini
1279 2560 1447 2596 Matthei
1479 2561 1640 2598 ultimo:
1680 2562 1774 2598 Pre-

470 2615 593 2651 dicate
635 2617 877 2667 evangelium
923 2618 1026 2653 omni
1067 2625 1256 2654 creature.
1301 2617 1350 2654 Et
1394 2618 1656 2656 confirmatur
1699 2619 1775 2656 ista
1789 2628 1832 2660 40

537 2772 563 2801 8.
584 2773 616 2800 In
639 2781 752 2808 marg:
775 2782 794 2801 1.
868 2784 896 2809 9.
917 2775 950 2802 In
973 2783 1087 2809 marg:
1110 2782 1134 2802 2.

539 2866 591 2899 31.
618 2868 641 2899 Ι.
666 2867 746 2899 Joh.
774 2868 829 2907 III,
858 2878 885 2901 2.
977 2869 1029 2911 39.
1056 2868 1176 2901 Matth.
1206 2869 1363 2909 XXVIII,
1394 2880 1443 2913 19,
1472 2879 1527 2902 20.
