1944 3323
229 265 366 295 SERMO
386 254 484 313 xvi]
717 269 778 301 TE
786 269 891 302 RTIA
922 269 1046 301 PARs.

231 376 319 426 quis
344 377 492 425 fingere
515 378 623 426 quod
648 376 829 413 Christus
860 376 1004 414 defecit
1038 377 1219 425 patribus
1252 378 1312 414 vel
1347 378 1549 414 modernis

231 436 281 472 ad
333 435 576 472 firmandum
633 447 744 483 spem
797 436 847 471 ad
897 435 1031 472 taliter
1088 435 1404 481 discertandum,
1458 448 1546 472 cum

231 506 370 530 omnes
403 502 537 542 patres
569 492 750 542 preteriti
775 494 1001 530 habuerunt
1025 493 1339 542 proporcionale
1364 493 1552 530 iuvamen

231 552 281 588 ad
345 560 550 598 nostrum3
624 560 878 588 sacramenta
943 551 1104 600 quidem
1178 552 1349 588 multum
1415 551 1552 589 iuvant

197 617 450 656 §currentes‚
498 610 567 646 sed
610 609 770 646 nonnisi
823 611 871 646 de
916 619 1068 658 quanto
1121 622 1192 658 per
1235 610 1303 647 illa
1348 610 1553 647 confertur

230 667 366 716 gracia
399 680 520 717 quam
555 668 738 704 conferre
771 676 828 704 est
862 670 946 704 Deo
978 668 1095 704 facile
1128 681 1199 717 per
1233 681 1357 705 unum
1392 668 1550 716 signum

1765 266 1835 300 105

1789 293 1807 300 ..a

1585 387 1688 414 Clu-ist
1710 388 1818 421 helped

1619 423 1667 448 llic
1690 425 1726 451 (),
1747 422 1786 450 T.

1638 457 1774 484 Futhcrs.

1586 676 1630 704 He
1651 685 1702 711 gas
1713 687 1726 704 e
1747 678 1829 705 them

1605 714 1807 739 sacramenta}

229 726 291 763 vel
324 725 447 763 aliud.
481 727 575 763 Ideo
606 738 698 763 vere
731 725 827 762 dicit
859 727 1097 775 Apostolus:
1132 727 1234 763 Nolo
1268 739 1335 763 νος
1366 727 1555 777 ignorare
1577 755 1667 781 grace
1689 747 1727 775 bv
1747 749 1835 776 other

220 785 380 834 fratres
411 793 621 833 tamquam
656 785 836 822 carnales
868 785 930 821 vel
963 784 1164 834 sophistas
1196 784 1394 834 scripture
1428 785 1553 822 scien-
1570 779 1843 817 signsthzinours.

232 842 336 880 ciam
375 842 673 892 impugnantes,
714 844 783 880 sed
825 842 998 891 Spiritus
1039 842 1175 880 Sancti
1219 843 1393 891 logicam
1434 852 1553 892 atque

175 920 216 942 10
232 901 479 938 sentenciam
518 903 806 950 approbantes,
847 902 1024 951 quoniam
1064 909 1202 951 patres
1245 902 1371 938 nostri
1413 914 1553 938 omnes

141 958 216 1010 F501·
231 959 299 1009 qui
340 959 450 997 ducti
491 968 606 997 erant
644 959 914 1009 quadraginta
953 959 1067 996 annis
1097 956 1100 1013 Ι
1130 972 1200 1008 per
1240 960 1444 996 desertum
1484 961 1552 996 sub

136 1007 218 1036 ²³²³
231 1019 328 1054 nube
359 1026 484 1066 erant,
517 1031 608 1055 cum
641 1019 767 1055 nubes
799 1017 841 1054 in
874 1018 937 1054 die
960 1018 1051 1055 illos
1075 1017 1248 1067 protexit
1272 1026 1309 1055 et
1333 1019 1551 1067 columpna

230 1076 331 1125 ignis
363 1076 404 1112 in
435 1085 552 1113 nocte
587 1088 654 1113 eos
685 1075 881 1126 precessit
912 1076 1054 1123 (Exodi
1086 1077 1224 1122 X1110).
1269 1078 1351 1113 Nec
1385 1076 1551 1113 dubium

230 1134 328 1184 quin
358 1135 427 1171 illa
461 1135 680 1183 columpna
711 1135 828 1172 nubis
853 1143 891 1172 et
912 1134 1013 1183 ignis
1039 1135 1197 1172 fuerant
1220 1134 1426 1183 baptizati.
1461 1138 1551 1172 Non

176 1193 336 1236 15enim
377 1193 497 1230 refert
530 1195 738 1242 quomodo
778 1194 1020 1230 elementum
1061 1193 1188 1241 tangit
1227 1194 1288 1230 vel
1327 1193 1552 1230 circumdat

230 1251 468 1300 baptizatos,
503 1260 540 1288 et
573 1251 629 1288 sic
660 1260 798 1289 tamen
826 1253 935 1301 quod
959 1251 1132 1301 Spiritus
1155 1252 1339 1288 Sanctus.
1374 1254 1423 1288 Et
1456 1264 1550 1289 con-

228 1309 413 1347 formiter
444 1322 585 1347 omnes
617 1309 675 1346 illi
709 1323 820 1348 mare
852 1310 1099 1348 transierunt
1134 1309 1278 1358 (Exodi
1310 1311 1448 1356 X1110).
1502 1311 1551 1346 Et

227 1381 310 1406 non
341 1369 526 1406 obstante
559 1370 668 1418 quod
707 1381 818 1406 mare
855 1368 930 1406 fuit
967 1368 1045 1406 illis
1084 1381 1157 1417 pro
1197 1381 1314 1405 muro
1348 1381 1371 1405 a
1403 1368 1550 1405 dextris

229 1435 267 1463 et
305 1439 328 1464 a
366 1426 536 1464 sinistris
577 1435 614 1464 et
652 1427 709 1464 sic
747 1440 815 1464 eos
854 1440 937 1465 non
975 1427 1119 1475 tetigit,
1160 1427 1201 1464 in
1239 1429 1376 1475 Moyse
1415 1436 1551 1464 tamen

172 1484 443 1534 20utrobique
484 1485 690 1522 meritorie
728 1486 887 1523 fuerant
926 1485 1132 1534 baptizati.
1179 1487 1272 1522 Ideo
1313 1485 1410 1522 dicit
1443 1487 1550 1534 Apo-

228 1544 355 1581 stolus
388 1545 497 1593 quod
522 1556 653 1581 omnes
675 1544 711 1580 in
735 1545 881 1596 Illoyse
912 1544 1100 1597 baptizati
1129 1551 1217 1580 sunt
1249 1544 1297 1580 in.
1318 1544 1414 1580 nube
1446 1551 1481 1580 et
1513 1544 1549 1580 in

229 1615 341 1639 mart.

286 1661 368 1697 Nec
407 1669 570 1710 oportet
601 1660 642 1697 in
674 1661 751 1697 hoc
784 1660 928 1697 timere
961 1660 1200 1697 ridiculosas
1234 1659 1454 1697 instancias
1487 1673 1550 1697 so—

227 1719 472 1768 phistarum3
527 1727 564 1756 et
609 1720 659 1756 ad
703 1731 863 1755 sensum
917 1718 1167 1755 consimilem
1223 1731 1353 1755 omnes
1402 1719 1461 1754 illi
1502 1720 1550 1755 de

171 1778 211 1811 25
229 1779 378 1814 ducatu
410 1777 538 1825 Moysi
571 1778 730 1814 eandem
771 1790 895 1813 escam
935 1777 1178 1827 spiritualem
1218 1777 1550 1813 manducaverunt

227 1838 285 1882 (ut
317 1844 428 1884 patet
461 1837 510 1873 de
543 1848 691 1872 manna
713 1835 840 1872 Exodi
863 1834 1001 1886 XV10).
1037 1837 1123 1881 Que
1156 1848 1245 1872 esca
1278 1835 1369 1872 ideo
1403 1834 1549 1872 dicitur

227 1893 460 1942 spiritualis,
495 1894 590 1943 quia
622 1906 694 1942 per
727 1894 811 1930 eius
846 1894 1134 1931 miraculosam
1168 1893 1402 1930 missionem
1437 1902 1549 1930 erant

226 1952 490 2001 spiritualiter
522 1951 663 1990 saciati
698 1961 735 1989 et
768 1964 839 2000 per
871 1952 982 1989 illam
1017 1952 1186 2000 figuram
1220 1953 1396 1989 futuram
1431 1953 1549 1989 euka-

226 2010 381 2048 ristiam
416 2019 454 2047 et
486 2010 725 2048 fruicionem
761 2010 910 2047 Christi
943 2010 983 2047 in
1016 2011 1149 2059 patria
1183 2019 1477 2059 cognoverunt3
1512 2020 1549 2047 et

169 2070 210 2103 30
225 2070 274 2106 ad
299 2081 460 2106 sensum
485 2069 735 2106 consimilem
767 2069 927 2106 eundem
952 2076 1087 2119 potum
1116 2069 1330 2118 spiritalem
1361 2069 1549 2115 biberunt,

225 2140 309 2163 cum
350 2129 401 2164 ad
439 2127 599 2165 literam
639 2140 786 2176 aquam
833 2127 1075 2164 miraculose
1115 2128 1304 2164 fluentem
1347 2128 1394 2163 de
1432 2135 1547 2177 petra

224 2188 283 2231 (ut
323 2194 434 2234 patet
466 2186 592 2222 Exodi
631 2187 796 2235 XV110>3
836 2193 953 2236 petra
1000 2193 1128 2222 autem
1162 2187 1247 2234 fnit
1296 2198 1546 2234 consequens

226 2256 292 2281 eos
321 2243 363 2280 in
391 2244 588 2282 memoria
612 2253 649 2281 et
671 2243 934 2293 spiritualiter
961 2244 1035 2280 fuit
1063 2244 1255 2292 Christus,
1285 2256 1375 2281 cum
1400 2256 1547 2292 cogno-

223 2310 366 2339 verunt
409 2302 579 2340 flumina
624 2304 671 2339 de
714 2310 852 2339 ventre
898 2302 1050 2340 exitura
1094 2315 1197 2352 aque
1241 2302 1457 2352 sapiencie,
1499 2303 1546 2339 de

168 2362 208 2395 35
225 2360 368 2409 quibus
408 2361 545 2398 fideles
585 2369 697 2398 erant
729 2360 908 2398 bibituri.
941 2360 984 2398 Si
1017 2373 1110 2409 ergo
1144 2363 1250 2398 Deus
1284 2361 1465 2410 patribus
1499 2362 1547 2397 de

1584 1142 1662 1170 This
1683 1143 1822 1178 explains

1574 1178 1644 1204 how
1665 1178 1736 1214 they
1758 1187 1837 1206 were

1574 1213 1713 1248 baptized
1735 1213 1765 1240 in
1788 1215 1836 1240 the

1591 1248 1681 1275 cloud
1704 1249 1764 1275 and
1786 1249 1816 1276 iu

1636 1283 1685 1310 the
1707 1292 1770 1310 sea.

1600 1667 1667 1695 The
1688 1677 1801 1697 manna

1577 1711 1641 1730 was
1663 1712 1679 1730 a
1699 1708 1770 1740 tvpe
1791 1705 1826 1732 of

1577 1738 1626 1765 the
1645 1736 1821 1767 Eucharist.

1575 2358 1643 2385 (jod
1666 2358 1735 2385 who
1757 2359 1827 2387 thus

1609 2392 1718 2428 helped
1739 2393 1789 2421 the

224 2418 310 2473 lege
341 2419 466 2456 veteri
499 2419 539 2456 in
571 2419 806 2456 necessariis
839 2432 911 2456 suo
944 2419 1146 2457 iuvamine
1178 2432 1261 2456 non
1295 2418 1439 2456 defecit
1470 2431 1543 2455 nec
1562 2427 1678 2455 fathers
1699 2429 1759 2455 will
1783 2434 1835 2457 not

224 2476 368 2525 potuit,
403 2477 603 2526 peridem
637 2477 677 2514 in
701 2478 786 2526 lege
819 2477 952 2526 gracie
985 2486 1093 2515 recte
1126 2477 1378 2515 currentibus
1411 2486 1449 2514 et
1472 2490 1545 2525 pro

224 2548 345 2572 causa
374 2548 446 2572 sua
474 2535 779 2584 agonizantibus
807 2549 890 2573 non
917 2545 1049 2585 potest
1073 2536 1257 2573 deficere.
1290 2535 1428 2573 Faciat
1451 2548 1545 2584 ergo

222 2593 352 2630 viator
379 2593 576 2631 instanter
605 2595 714 2643 quod
749 2594 824 2631 sibi
860 2594 1003 2632 attinet
1035 2603 1073 2632 et
1105 2608 1188 2631 non
1217 2603 1374 2632 tantum
1405 2593 1546 2630 timeat

164 2665 208 2696 40
224 2653 272 2688 de
310 2651 461 2689 influxu
494 2651 666 2701 Spiritus
699 2652 850 2699 Sancti,
890 2661 1087 2702 quantum
1120 2653 1280 2690 timeret
1316 2654 1364 2689 de
1401 2651 1545 2700 spiritu

293 2786 331 2815 13.
349 2786 444 2815 Cod.:
465 2786 566 2814 Exodi
580 2786 634 2814 Vo.
691 2787 736 2815 16.
759 2787 951 2823 baptizatos;
974 2786 1070 2815 Cod.:
1094 2787 1224 2823 bapticie.
1246 2787 1305 2815 ib.:
1328 2787 1430 2823 quod3
1452 2787 1545 2814 addc:

223 2822 322 2850 detur.
395 2820 442 2856 34.
465 2821 560 2849 Cod.:
582 2822 699 2850 exitura
721 2822 822 2851 twice.

293 2917 324 2949 7.
351 2906 361 2938 l
391 2907 471 2939 Cor.
498 2906 540 2946 X,
564 2917 588 2938 1.
666 2916 717 2939 21.
745 2906 756 2938 1
784 2906 864 2939 Cor.
893 2906 934 2946 X,
963 2916 997 2938 2.
1075 2917 1128 2948 24.
1155 2907 1199 2940 ib.
1227 2907 1258 2948 3,
1283 2919 1315 2949 4.

1641 2463 1690 2490 fail
1715 2472 1760 2491 us.
