1944 3323
141 264 217 299 310

162 558 388 596 Uuluwsulness

193 596 220 619 01
246 597 361 627 prnate

196 627 352 662 religions.

142 963 209 990 The
230 961 338 989 orders
360 961 414 988 rob

160 997 310 1024 churches
331 996 390 1022 aud

167 1032 285 1058 desame
305 1031 392 1058 those

177 1067 247 1093 who
269 1066 308 1093 do
329 1070 382 1092 not

145 1102 254 1136 belong
273 1106 302 1128 to
322 1101 414 1127 them.

195 2003 261 2030 The
285 2011 380 2039 popes

166 2043 296 2073 support
319 2039 411 2065 them.

689 269 913 300 JOllANNlS
934 268 1117 300 WYCIAF
1137 267 1394 299 sERMONUM
1415 254 1565 311 [SERMO
1582 264 1735 292 XXXVII-

426 385 519 412 tunc
560 377 740 423 imponet
779 374 950 422 sigillum
999 373 1164 410 victorie
1210 382 1246 410 et
1291 373 1416 409 tercio
1464 372 1651 409 solidabit
1696 373 1735 408 in

426 434 569 482 patria,
615 433 777 481 quando
826 444 908 468 non
954 431 1027 468 erit
1072 444 1193 479 vagus
1244 443 1355 468 error
1398 432 1465 467 sed
1520 439 1735 479 perpetuus

428 492 579 528 fructus
611 490 790 536 victorie,
826 502 919 537 ergo
953 489 996 525 fit
1028 489 1114 525 laus
1146 488 1234 537 ipsi.

486 549 601 586 Circa
641 549 758 584 istam
793 547 1004 595 epistolam
1045 547 1251 584 dubitatur
1283 552 1340 592 (ut
1379 549 1488 594 sepe)
1520 555 1654 582 utrum
1688 546 1736 582 sit

428 607 581 643 licitum
632 606 865 653 religionem
918 604 1117 653 privatam
1170 617 1259 641 cum
1310 604 1600 640 tradicionibus
1657 604 1736 640 suis

428 663 633 713 perpetuis
673 676 793 712 supra
826 663 1061 711 religionem
1096 662 1245 699 Christi
1285 670 1471 707 statuere,
1513 671 1551 698 et
1582 662 1738 698 videtur

429 724 537 771 quod
575 735 669 767 non,
710 721 804 769 quia
843 722 993 757 nullam
1034 720 1266 768 religionem
1301 720 1393 756 licet
1425 719 1631 756 intendere
1664 719 1738 756 nisi

429 792 505 829 que
556 780 596 815 in
647 779 913 815 humilitatem
966 780 1038 815 sub
1089 778 1243 826 potenti
1295 790 1414 814 manu
1456 779 1547 814 Jesu
1591 777 1738 814 Christi

429 837 580 879 sonuit;
627 839 694 873 sed
741 837 796 873 sic
841 850 921 873 non
965 845 1080 873 sonat
1118 835 1209 873 talis
1252 836 1408 872 novella
1453 835 1604 883 religio,
1644 847 1737 884 ergo

432 895 651 932 conclusio.

488 956 599 999 Item,
638 965 681 989 ex
721 952 797 988 fine
836 952 952 988 huius
990 951 1157 1000 epistole
1191 951 1371 988 Christus
1412 950 1604 999 perficiet,
1646 963 1738 987 con-

431 1011 607 1048 firmabit
646 1020 684 1047 et
723 1009 993 1046 consolidabit
1033 1018 1182 1046 statum
1228 1009 1509 1056 religiosorum
1555 1021 1655 1056 quos
1700 1009 1739 1045 in

430 1082 542 1106 suam
577 1068 786 1106 ecclesiam
820 1067 1052 1113 introduxit,
1087 1069 1154 1103 sed
1187 1066 1332 1104 novelli
1365 1067 1525 1103 ordines
1554 1067 1740 1103 laborant

431 1128 480 1164 ad
525 1127 771 1175 oppositum,
818 1139 911 1174 ergo
958 1126 1081 1167 male;
1126 1138 1219 1161 nam
1266 1138 1346 1162 non
1389 1126 1518 1161 solum
1565 1124 1739 1173 spoliant

432 1184 619 1222 ecclesias
651 1184 928 1233 particulares,
963 1184 1163 1232 privantes
1196 1195 1260 1219 eas
1300 1182 1513 1231 temporali
1552 1182 1741 1231 suffragio

433 1256 511 1291 quo
545 1243 723 1280 officium
750 1241 928 1278 debitum
962 1241 1200 1290 perficerent
1223 1240 1287 1277 hic
1319 1241 1359 1277 in
1382 1240 1456 1285 via,
1490 1242 1558 1276 sed
1591 1249 1738 1277 statum

433 1314 571 1338 earum
623 1300 834 1348 denigrant
885 1309 922 1336 et
976 1299 1167 1336 blasfeme
1219 1312 1334 1335 suum
1388 1299 1593 1344 extollunt,
1649 1311 1739 1335 cum

434 1358 614 1395 Christus
667 1367 814 1397 statum
863 1357 1039 1406 priorem
1087 1357 1339 1393 confirmavit
1384 1365 1420 1392 et
1464 1356 1740 1403 consolidavit,

435 1417 545 1453 cuius
597 1415 954 1453 confirmacionem
1008 1424 1044 1451 et
1095 1414 1462 1452 consolidacionem
1514 1427 1596 1451 non
1650 1415 1741 1451 licet

1758 906 1796 928 10

1761 1187 1797 1219 15

434 1474 659 1522 infringere.
718 1474 865 1510 Dicunt
915 1473 1019 1510 enim
1074 1472 1307 1520 regulariter
1354 1474 1461 1521 quod
1513 1481 1638 1509 status
1682 1472 1741 1509 sui
1759 1486 1799 1507 20

435 1532 586 1570 ordinis
626 1541 684 1568 est
723 1533 829 1580 apud
863 1533 990 1568 Deum
1030 1530 1251 1579 perfeccior
1284 1543 1402 1579 quam
1443 1530 1585 1578 aliquis
1618 1539 1742 1567 status

435 1590 601 1627 ecclesie
640 1591 893 1635 antecedens,
934 1602 1023 1626 cum
1063 1589 1179 1625 aliter
1210 1601 1289 1625 non
1329 1597 1432 1625 esset
1465 1589 1576 1624 color
1603 1584 1608 1642 Ι
1637 1588 1743 1625 licite
1760 1569 1805 1599 Fo

435 1649 691 1685 introducere
729 1656 876 1684 statum
917 1660 1052 1687 suum:
1093 1659 1172 1696 quo
1212 1648 1306 1683 dato
1344 1645 1526 1694 implicat
1566 1659 1745 1682 commu-

436 1707 539 1742 niter
562 1708 669 1754 quod
702 1705 830 1742 rarius
864 1714 901 1741 et
934 1704 1193 1741 excellencius
1227 1704 1509 1741 beatificantur
1542 1717 1661 1752 quam
1697 1706 1743 1740 de

1762 1618 1839 1657 272⁰

438 1764 629 1812 religione
668 1763 841 1812 simplici
881 1763 1110 1799 christiana.
1157 1762 1196 1798 Si
1237 1762 1341 1798 enim
1382 1762 1437 1798 ita
1476 1762 1800 1798 communiter25

439 1832 475 1858 et
513 1831 595 1858 tam
635 1823 713 1858 alte
752 1821 1081 1858 beatificarentur
1120 1820 1303 1856 homines
1356 1828 1463 1856 extra
1508 1820 1742 1867 religionem

438 1893 550 1916 suam
575 1880 676 1916 sicut
708 1879 811 1915 infra
845 1891 945 1925 eam,
980 1879 1019 1915 in
1043 1891 1121 1927 quo
1154 1887 1276 1915 staret
1310 1877 1508 1926 perfeccio
1541 1878 1744 1926 religionis

439 1938 584 1974 huius?

496 1998 544 2032 Et
583 1994 845 2032 confirmacio
884 1994 1000 2030 huius
1040 2003 1096 2030 est
1136 1994 1313 2042 practica
1350 2006 1547 2041 paparum
1588 1993 1654 2042 qui
1695 1995 1744 2030 ad

440 2053 673 2102 religionem
700 2053 891 2089 alciorem
917 2065 963 2089 ac
986 2052 1207 2089 arceiorem
1232 2053 1449 2088 secundum
1480 2052 1607 2099 legem
1632 2064 1743 2088 suam

440 2111 664 2157 licenciant,
698 2124 777 2147 non
811 2119 993 2155 econtra3
1028 2112 1135 2158 quod
1167 2123 1249 2146 non
1282 2111 1446 2146 haberet
1471 2110 1645 2146 colorem
1670 2109 1745 2145 nisi

441 2179 566 2207 status
606 2168 807 2216 religionis
849 2168 938 2205 talis
972 2169 1073 2205 foret
1106 2181 1180 2216 pro
1214 2167 1463 2204 beatitudine
1497 2168 1746 2216 adquirendo

442 2227 614 2264 labilior.
650 2229 850 2263 Concessa
881 2239 974 2274 ergo
1004 2226 1079 2262 ista
1107 2224 1310 2263 sentencia
1332 2225 1489 2262 videtur
1513 2227 1620 2273 quod
1645 2238 1747 2274 pape

443 2295 479 2322 et
514 2285 719 2321 christiani
754 2284 919 2332 quilibet
953 2284 1019 2332 qui
1060 2284 1098 2319 in
1138 2285 1235 2320 tales
1275 2283 1451 2331 privatos
1491 2283 1650 2319 ordines
1690 2283 1747 2319 in-

442 2343 638 2379 troierunt
677 2345 783 2390 (nam
825 2354 964 2378 omnes
1010 2342 1145 2378 fideles
1193 2350 1274 2378 tam
1320 2341 1452 2377 clerici
1492 2354 1611 2388 quam
1656 2340 1747 2377 laici

443 2401 681 2449 perficerent
706 2400 776 2436 Dei
807 2399 1115 2447 beneplacitum)
1146 2401 1252 2447 quod
1282 2407 1362 2435 tam
1389 2398 1558 2435 faciliter
1586 2407 1748 2446 possent

443 2459 624 2506 implere,
669 2470 761 2494 nam
808 2459 855 2494 de
900 2457 1012 2493 laicis
1058 2466 1094 2493 et
1139 2456 1292 2493 clericis
1335 2458 1603 2505 quodcunque
1648 2469 1747 2504 opus

444 2516 608 2552 fecerint
631 2524 797 2564 possunt
831 2528 926 2561 esse,
960 2516 1101 2551 fratres
1132 2515 1193 2551 vel
1224 2514 1383 2560 femine,
1418 2523 1454 2550 et
1488 2527 1577 2550 cum
1612 2514 1748 2550 matri-

445 2573 624 2610 monium
665 2574 714 2609 sit
752 2573 952 2609 laudabile
991 2585 1036 2609 ac
1070 2572 1319 2609 meritorium
1355 2571 1594 2608 conveniens
1627 2571 1747 2608 statui

1763 2056 1803 2087 30

1766 2345 1803 2377 35

447 2631 694 2677 innocencie,
735 2643 816 2667 non
849 2630 1005 2667 videtur
1037 2630 1128 2666 ideo
1162 2642 1284 2679 quare
1322 2642 1403 2666 non
1436 2630 1527 2666 licet
1560 2629 1748 2666 fratribus
1762 2643 1806 2674 40

444 2689 623 2736 uxorari3
675 2688 1021 2737 dispensacionem
1074 2688 1178 2724 enim
1232 2687 1426 2724 maiorem
1472 2700 1592 2736 quarn
1638 2687 1748 2724 illam

513 2832 542 2856 4.
563 2824 596 2851 In
618 2831 731 2862 marg:
753 2822 900 2850 Dubium.
923 2831 943 2850 1.
1051 2831 1076 2857 7.
1099 2822 1195 2850 Cod.:
1216 2822 1378 2850 intencere.
1480 2831 1512 2849 11.
1534 2823 1566 2849 In
1589 2830 1700 2856 marg:
1722 2829 1747 2848 2.

447 2866 484 2886 12.
506 2858 600 2885 Cod.:
623 2862 726 2885 statim
748 2858 962 2892 religiosorum
1007 2865 1070 2884 uas.
1138 2864 1180 2884 22.
1202 2857 1296 2884 Cod.:
1322 2858 1405 2884 color
1426 2857 1523 2885 twice.
1588 2864 1635 2890 24.
1657 2864 1747 2891 quam

447 2893 655 2920 beatificantur
674 2893 703 2920 in
725 2892 793 2919 cod.
866 2891 912 2926 34.
934 2891 978 2919 Co
1005 2901 1027 2919 .:
1051 2891 1197 2927 privatas.
