1944 3323
142 223 223 269 466

147 347 194 374 To
217 348 334 374 redcem
358 347 406 375 [lle

154 382 227 409 time
248 391 292 409 we
315 388 397 410 must

152 417 218 451 give
239 418 396 444 oursclves

182 456 211 477 to
233 452 371 487 spiritual

220 488 334 521 things.

139 694 206 722 The
228 695 397 734 important

166 730 251 764 point
273 739 298 757 1s
319 731 382 757 that

155 773 213 792 our
233 766 393 792 atl'ectious

191 800 301 827 should
325 801 359 827 be

154 834 267 870 rightly
287 835 391 869 placed

155 869 184 896 in
206 871 256 898 the
277 871 334 897 law
356 871 390 898 of

232 905 312 941 God,

142 1514 193 1537 not
215 1510 346 1544 trusting
367 1510 395 1536 in

213 1546 325 1572 human

147 1581 312 1616 prudence,
336 1580 388 1607 but

146 1615 388 1648 understanding

174 1653 269 1679 God's
291 1652 362 1679 will.

128 2032 187 2061 We
208 2039 291 2061 must
314 2034 347 2061 be
362 2043 400 2060 011

175 2077 231 2096 our
251 2070 346 2104 guard

206 2105 326 2138 agairist

152 2138 376 2166 druukeuness.

138 2380 197 2409 &Vc
218 2382 328 2409 should
353 2383 386 2409 bc

138 2416 215 2443 filled
238 2417 310 2456 κγίζῐ]
333 2418 381 2444 1110

213 2457 311 2487 spmt,

731 232 956 265 JOHANNIS
975 231 1157 265 WYCLIF
1176 232 1437 265 sERMONUM
1492 217 1642 277 [SERMO
1664 229 1742 258 LIV-

432 339 587 376 cautela
625 352 701 387 que
740 339 970 387 pacificaret
1017 338 1226 376 ecclesiam
1269 340 1404 388 quoad
1450 338 1574 387 litigia
1621 349 1739 389 atque

430 410 600 445 pugnas:
627 410 714 433 cum
741 406 873 433 autem
895 397 1053 434 malicia
1079 410 1221 445 magna
1242 397 1451 433 hominum
1473 398 1599 434 multo
1618 398 1740 435 instat

429 457 635 492 retrahens
668 468 690 491 a
724 467 938 502 progressu
971 457 1021 491 ad
1054 455 1240 503 patriam,
1275 464 1312 492 et
1343 468 1386 492 ex
1410 456 1566 492 cautela
1591 455 1741 493 diaboli

429 513 655 550 lubrificata
699 522 736 549 et
780 515 986 549 tenebrata
1033 522 1092 549 est
1137 512 1198 550 via
1241 513 1456 559 viai-icium,
1502 513 1592 550 ideo
1632 514 1740 551 racio

429 571 545 619 exigit
561 572 669 619 quod
686 570 933 618 diligencius,
951 570 1132 607 stabilius
1152 580 1188 607 et
1204 571 1445 608 cautelosius
1467 572 1737 613 a1nbulemus;
1758 577 1772 608 5

428 629 518 665 ideo
552 628 647 665 dicit
679 629 896 676 Apostolus
929 629 1105 677 quoniam
1141 629 1220 665 dies
1252 630 1347 665 mali
1376 636 1474 665 sunt.

486 688 586 723 Cum
620 695 753 722 autem
788 699 856 734 pes
891 686 1066 722 hominis
1099 686 1148 723 sit
1181 699 1250 723 sua
1285 687 1464 737 affecci07
1497 696 1607 736 patet
1631 689 1739 736 quod

426 744 465 780 in
518 744 708 780 firmitate
760 744 865 780 illius
919 744 1031 792 pedis
1091 746 1213 781 homo
1265 744 1473 793 potissime
1526 746 1738 783 stabilitur.

426 803 583 839 Habeat
622 815 715 849 ergo
755 803 876 838 homo
916 802 1177 839 affeccionem
1218 804 1268 839 ad
1307 803 1433 850 legem
1474 812 1510 839 et
1543 805 1738 840 honorem

426 860 497 896 Dei
538 866 748 909 (quantum
783 859 945 911 sufficit>
984 861 1237 897 exaltandum
1274 870 1310 897 et
1343 862 1477 909 quoad
1509 863 1614 898 bona
1647 875 1738 910 pro—
1759 876 1796 897 10

426 917 512 966 pria
555 918 616 954 vel
658 917 815 966 privata
859 931 932 966 pro
978 918 1093 955 bonis
1139 918 1317 955 caritatis
1362 918 1563 967 prioribus
1608 921 1738 968 depri-

426 977 571 1012 menda
617 984 653 1012 et
698 975 738 1011 in
787 975 954 1013 caritate
998 976 1093 1024 legis
1134 976 1297 1013 Domini
1336 977 1456 1013 stabit
1490 977 1600 1014 fixus.
1646 979 1738 1015 Ideo

426 1034 584 1070 Psalmo
624 1035 798 1080 XXXW,
839 1044 882 1070 12
929 1043 1018 1071 orat
1062 1036 1278 1083 propheta:
1325 1035 1411 1071 Non
1459 1036 1582 1072 veniat
1626 1037 1742 1072 miclzi

420 1105 490 1141 pes
533 1092 714 1141 superbie
756 1099 791 1128 et
835 1105 971 1129 manus
1009 1093 1228 1142 peccatoris
1274 1105 1345 1129 non
1387 1101 1537 1129 moveat
1570 1107 1638 1130 me.
1685 1097 1739 1131 Ex

424 1150 612 1198 superbia
664 1149 826 1198 quidem
884 1163 962 1199 qua
1013 1151 1177 1198 propria
1227 1150 1466 1188 excellencia
1509 1151 1794 1190 inordinate15

424 1208 639 1256 appetitur,
674 1207 844 1255 insurgit
867 1208 1020 1256 primus
1054 1208 1224 1245 insultus
1248 1209 1411 1256 diaboli,
1438 1222 1480 1245 ex
1504 1223 1583 1258 quo
1608 1223 1739 1247 arma-

424 1274 513 1302 tura
555 1265 690 1302 militis
731 1265 879 1302 Christi
919 1275 955 1302 et
989 1266 1216 1314 specialiter
1251 1266 1341 1303 fidei
1374 1267 1599 1304 vecorditer
1631 1268 1738 1316 proi-

423 1323 526 1360 citur
565 1332 601 1360 et
639 1336 854 1372 oppressus
897 1324 1059 1361 cuilibet
1099 1325 1235 1361 manui
1274 1324 1425 1361 inimici
1458 1326 1736 1363 substernitur.

424 1384 464 1417 In
512 1381 596 1418 istis
642 1395 735 1430 ergo
781 1381 920 1418 diebus
967 1383 1080 1419 malis
1126 1384 1238 1419 daret
1289 1396 1453 1430 operam
1500 1385 1549 1420 ad
1594 1386 1735 1432 pedem

422 1439 650 1476 affcccionis
710 1440 944 1488 impetuosis
999 1441 1317 1477 desiderantibus
1369 1441 1627 1489 infigendum.
1690 1445 1794 1480 Et20

422 1497 515 1545 quia
567 1498 742 1535 stulticia
796 1507 933 1534 nostra
980 1498 1104 1547 magis
1158 1499 1337 1535 consistit
1391 1499 1428 1535 in
1484 1500 1733 1537 confidencia

422 1556 595 1592 humane
636 1556 853 1604 prudencie
894 1569 970 1604 quc
1010 1565 1065 1593 est
1106 1557 1223 1593 fallax
1267 1557 1502 1605 regulariter
1536 1558 1736 1594 contrarie

420 1613 679 1660 nominanda,
726 1614 816 1650 ideo
860 1614 955 1650 dicit
988 1616 1225 1663 Apostolus:
1261 1616 1474 1664 Propterea
1507 1617 1622 1652 nolite
1640 1617 1739 1666 fieri

420 1672 683 1720 imprudentes
720 1674 787 1708 sed
819 1673 1078 1722 intelligentes
1116 1685 1186 1721 que
1225 1674 1272 1709 sit
1316 1675 1492 1709 voluntas
1523 1675 1609 1720 Dei,
1642 1687 1735 1711 nam

420 1729 487 1777 qui
521 1730 687 1766 desertis
721 1730 808 1766 aliis
843 1730 1026 1766 innititur
1061 1730 1221 1767 Domini
1255 1732 1452 1768 voluntati
1486 1731 1568 1768 sine
1602 1745 1736 1768 errore
1754 1739 1792 1770 25

421 1787 706 1825 declinacionis
749 1788 910 1825 habebit
950 1790 1059 1837 quod
1101 1788 1267 1838 appetit,
1314 1791 1381 1825 sed
1429 1791 1603 1827 humana
1643 1803 1736 1838 pru-

420 1846 562 1882 dencia
601 1859 693 1894 sepe
733 1846 886 1883 inducit
927 1847 1173 1894 oppositum,
1215 1847 1305 1883 ideo
1345 1847 1624 1895 imprudencia
1658 1848 1735 1884 dici

419 1905 548 1940 debet.
604 1907 644 1939 In
689 1905 774 1951 lege
827 1914 960 1941 autem
1008 1905 1079 1941 Dei
1130 1905 1329 1942 rectitudo
1381 1906 1599 1942 voluntatis
1653 1906 1735 1942 eius

419 1961 667 2009 exprimitur,
692 1962 781 1998 ideo
800 1963 926 1998 fidelis
950 1963 1138 1999 continue
1163 1963 1424 2000 meditabitur
1447 1963 1563 2000 istam
1590 1964 1733 2012 legem.

476 2021 553 2056 Sed
585 2019 677 2068 quia
707 2020 746 2055 in
770 2020 1018 2057 vescibilium
1050 2021 1367 2069 intemperancia
1398 2021 1581 2058 consistit
1605 2022 1734 2058 maior
1753 2027 1791 2058 30

418 2090 510 2124 pars
544 2077 763 2114 insolencie
797 2080 1109 2121 mundanorum,
1144 2079 1234 2115 ideo
1269 2079 1470 2126 subiungit
1494 2081 1731 2127 Apostolus:

417 2135 560 2178 Nolite,
593 2135 734 2183 inquit,
769 2136 955 2172 inebriari
985 2137 1068 2172 vino
1103 2146 1176 2172 etc.
1213 2137 1384 2173 Luxuria
1410 2137 1571 2185 quidem
1607 2138 1732 2185 magis

417 2193 655 2229 silvestr-icat
710 2202 745 2229 et
790 2194 1049 2229 furibundum
1104 2195 1196 2231 facit
1249 2204 1284 2230 et
1330 2195 1458 2231 vivere
1514 2195 1732 2232 bestialiter

415 2250 623 2287 viatorem.
670 2253 762 2288 Ideo
808 2264 897 2287 cum
947 2251 1100 2288 luxuria
1145 2253 1193 2288 sit
1242 2252 1279 2288 in
1329 2253 1521 2290 ebrietate
1565 2254 1645 2290 vini
1690 2263 1731 2289 ut

416 2321 548 2355 causa,
583 2308 839 2357 singulariter
872 2310 1099 2346 annectitur
1133 2312 1239 2359 quod
1273 2312 1309 2346 in
1345 2312 1428 2347 vino
1462 2319 1515 2347 est
1549 2312 1787 2356 luxuriam&

416 2366 527 2403 cuius
560 2367 721 2404 occasio
755 2377 812 2404 cst
836 2370 1024 2405 cavenda.
1060 2370 1137 2404 Sed
1171 2369 1310 2416 pocius
1335 2370 1479 2405 debent
1502 2369 1729 2417 spirituales

413 2425 551 2474 spiritu
584 2426 752 2475 impleri,
792 2435 832 2462 ut
873 2426 911 2462 in
952 2427 1028 2463 isto
1071 2428 1264 2475 loquentes
1303 2429 1495 2463 audacter
1528 2427 1600 2463 sibi
1634 2427 1728 2476 ipsis

415 2491 449 2518 ct
490 2482 578 2519 aliis
618 2484 653 2518 in
688 2485 853 2532 psalmis
892 2483 974 2535 (qui
1015 2486 1064 2520 ad
1106 2486 1205 2520 bene
1246 2486 1495 2532 operandum
1539 2484 1726 2536 movent),

413 2540 448 2575 in
480 2542 646 2591 ympnis
684 2541 763 2589 (qui
806 2543 964 2578 laudem
1002 2542 1069 2578 Dei
1113 2541 1284 2593 sonant),
1334 2543 1369 2578 in
1414 2543 1571 2578 canticis
1613 2544 1726 2592 spiri-

482 2694 500 2713 1.
523 2686 617 2714 Cod.:
641 2695 698 2721 que
719 2688 812 2714 deest.
887 2695 930 2714 ao.
953 2689 1153 2722 i1npetuosis3
1176 2689 1204 2715 in
1230 2689 1418 2723 pet1·osis(2²).
1494 2688 1537 2716 36.
1561 2689 1656 2717 Cod.:
1679 2698 1725 2716 ca·

412 2722 552 2748 vendam.
628 2721 671 2755 37.
695 2722 790 2749 Cod.:
813 2723 949 2758 spiritus.

481 2804 510 2836 ὁ.
539 2804 626 2847 Eph.
649 2806 687 2843 V,
720 2805 767 2837 15.
874 2806 925 2837 23.
954 2807 997 2839 ib.
1023 2817 1071 2848 17.
1183 2807 1237 2839 32.
1264 2806 1307 2839 ib.
1341 2807 1389 2838 18.
1495 2807 1537 2838 38
1564 2815 1596 2839 et
1625 2818 1723 2850 seqq.

410 2849 453 2881 ib.
486 2851 535 2889 18,
570 2862 619 2894 19,
648 2861 703 2883 20.
