1944 3323
155 229 236 275 478

178 350 231 377 Nix
253 350 352 385 pieccs
373 355 403 377 ot

225 393 352 412 armour

172 419 348 446 mentioned
372 420 409 456 by

188 454 236 480 the
257 455 384 489 apostle.

180 531 199 549 1.
218 522 286 550 The
305 523 401 557 girdle

170 558 206 585 of
220 557 353 593 chastity
373 563 404 585 to

153 592 264 621 rofi-ain
280 593 329 619 the
341 593 427 621 ssesh.

153 1679 238 1715 They
256 1680 324 1706 who
341 1688 425 1706 serve

156 1715 204 1740 the
225 1714 299 1741 tlesh
320 1715 360 1741 do
375 1719 427 1741 not

184 1749 271 1775 stand
293 1750 321 1775 iu
343 1749 393 1776 the

242 1785 334 1811 [ruth.

743 239 964 270 JOHANNIS
984 239 1164 270 WYCLlF
1183 238 1441 271 SERMONUM
1517 224 1668 283 [SERMO
1689 235 1752 264 LV.

444 344 530 380 illas
569 354 729 392 oportet
769 344 935 391 intelligi
977 344 1129 381 mistice
1169 354 1205 380 et
1238 344 1500 393 spiritualiter
1533 346 1750 381 secundum

443 403 550 450 quod
599 402 860 450 spiritualiter
908 402 1072 438 interior
1125 404 1246 439 horno
1300 402 1478 438 induitur
1530 404 1750 438 secundum

443 459 621 508 dispares
654 460 859 508 potencias
894 461 961 496 has
994 459 1172 496 virtutes.

501 518 634 554 Prima
667 531 760 566 ergo
793 526 999 554 armatura
1032 531 1152 566 quam
1186 518 1330 554 Paulus
1364 526 1657 555 commemorat
1697 527 1753 554 est

443 588 542 612 zona
581 575 848 612 sanctimonie
883 589 961 625 qua
1000 588 1145 624 corpus
1184 575 1316 624 primo
1355 575 1535 612 omnium
1575 584 1632 612 est
1673 576 1752 612 cin-

442 635 636 681 gendum3
660 633 750 670 ideo
775 633 871 670 dicit
894 635 1129 682 Apostolus:
1155 635 1260 669 State
1282 645 1381 684 ergo
1403 634 1587 670 succincti
1607 634 1754 670 lumbos

445 700 591 728 vestros
613 692 649 728 in
674 692 846 728 veritate.
882 694 968 728 Stat
1000 700 1133 728 autem
1169 691 1235 740 qui
1269 704 1508 729 conservans
1543 691 1751 728 caritatem

444 749 654 786 insultibus
689 749 838 786 diaboli
872 763 951 786 non
983 749 1222 795 succumbit,
1263 751 1421 786 lumbos
1454 749 1598 786 mentis
1631 749 1752 797 cingit

444 808 639 844 castitatis
692 821 793 844 zona
845 807 912 856 qui
966 809 1185 844 secundum
1239 808 1425 844 virtutem
1478 807 1752 856 temperancie

442 866 599 914 stringit
633 866 764 902 debite
797 866 955 902 lumbos
989 865 1147 911 mentis,
1181 865 1248 901 ubi
1272 874 1381 914 patet
1404 867 1512 914 quod
1535 866 1751 914 Apostolus

442 924 621 972 loquitur
654 925 701 960 de
735 923 935 972 spirituali
959 932 1166 960 armatura
1188 936 1269 959 non
1293 923 1488 972 corporis,
1523 937 1612 960 cum
1637 923 1752 960 aliter

442 981 560 1018 istam
599 995 742 1018 zonam
783 991 875 1018 ante
914 991 1164 1018 armaturam
1214 981 1438 1029 cingentem
1487 981 1751 1030 premitteret.

444 1040 579 1076 Primo
612 1049 749 1077 tamen
783 1041 899 1076 debet
932 1040 1097 1076 interior
1130 1041 1253 1076 homo
1286 1041 1440 1076 hostem
1476 1053 1590 1076 suum
1616 1041 1753 1076 dome-

1771 582 1786 613 5

1773 881 1810 901 10

442 1097 586 1134 sticum
622 1098 836 1144 refrenare,
871 1098 965 1146 quia
997 1110 1067 1146 per
1106 1098 1219 1134 illum
1260 1097 1531 1135 communiter
1570 1097 1769 1148 diabolus

442 1155 591 1192 invadit
624 1156 792 1201 forcius;
826 1156 916 1192 ideo
950 1157 1055 1192 Luce
1087 1157 1190 1202 X110,
1219 1156 1264 1192 35
1303 1156 1399 1192 dicit
1431 1155 1631 1192 Christus:
1666 1156 1749 1191 Sint

442 1215 562 1250 lumbi
592 1215 712 1250 vestri
742 1223 816 1250 etc.
851 1217 931 1250 Nec
966 1214 1135 1250 refertur
1166 1215 1227 1250 vel
1260 1214 1533 1250 contrariatur
1566 1213 1641 1250 ista
1664 1226 1752 1250 sen-

444 1272 574 1308 tencia
613 1272 742 1308 verbis
781 1271 977 1320 Apostoli,
1019 1284 1107 1308 cum
1147 1272 1373 1308 succinccio
1412 1271 1634 1320 corporalis
1672 1284 1752 1307 non

441 1331 543 1366 valet
581 1330 655 1366 nisi
695 1329 827 1378 primo
867 1329 1088 1377 originetur
1127 1329 1166 1365 in
1200 1338 1332 1366 mente
1367 1338 1404 1366 et
1437 1329 1510 1365 nisi
1544 1329 1751 1377 precingat

442 1388 640 1424 indebitos
674 1389 785 1423 luxus
819 1387 1020 1435 corporis:
1062 1388 1150 1424 ideo
1190 1387 1228 1423 in
1268 1387 1413 1423 lumbis
1448 1387 1628 1435 corporis
1660 1396 1750 1423 sunt

441 1455 520 1481 tam
554 1458 665 1482 renes
690 1459 809 1494 quam
835 1445 1016 1493 corporis
1040 1445 1264 1482 crassitudo
1288 1449 1344 1490 (ut
1367 1454 1481 1482 notat
1505 1445 1748 1492 Gregorius),

442 1513 477 1539 et
512 1504 600 1540 ideo
635 1504 730 1540 dicit
755 1506 893 1540 Petrus
918 1507 948 1539 ΙΠ
976 1504 1077 1539 Petri
1106 1506 1153 1549 10,
1186 1504 1228 1539 13
1261 1512 1426 1553 propter
1449 1504 1549 1551 quod
1570 1503 1753 1539 succincti

442 1563 590 1598 lumbos
623 1563 757 1598 mentis
792 1570 928 1605 vestre,
960 1562 1080 1597 salu-ii
1107 1562 1281 1610 perfecte
1312 1569 1466 1610 sperate
1498 1562 1532 1596 in
1566 1574 1647 1597 eam
1681 1573 1752 1610 que

443 1621 606 1668 Qffertm·
641 1621 744 1656 valvis
775 1621 968 1670 graciam.

504 1678 559 1713 Illi
599 1687 732 1714 autem
774 1679 840 1726 qui
881 1677 1094 1713 infideliter
1132 1677 1307 1713 serviunt
1348 1676 1457 1713 carni
1500 1678 1561 1713 vel
1604 1676 1750 1713 femine

443 1745 533 1771 sunt
573 1749 594 1772 a
633 1737 798 1772 veritate
838 1735 1048 1771 falsissime
1088 1735 1275 1782 elongati,
1317 1747 1406 1770 cum
1446 1735 1523 1770 sint
1555 1736 1748 1782 ydolatre‚

445 1795 622 1830 colentes
668 1807 829 1830 carnem
877 1794 937 1830 cui
979 1793 1145 1829 subiecti
1185 1802 1275 1829 sunt
1314 1802 1521 1841 tamquam
1564 1792 1748 1837 domino;

442 1852 531 1888 ideo
579 1852 674 1887 dicit
717 1853 934 1900 Apostolus
974 1853 1079 1899 quod
1128 1859 1258 1887 venter
1299 1852 1529 1901 gulosorum
1571 1859 1625 1886 est
1660 1862 1750 1886 suus

442 1911 561 1951 Deus,
616 1919 651 1946 et
705 1910 795 1946 hinc
847 1909 1016 1957 precipit
1066 1910 1172 1957 quod
1222 1909 1358 1944 fideles
1406 1917 1509 1945 stent
1556 1907 1749 1944 succincti

443 1969 600 2003 lumbos
635 1968 672 2003 in
705 1968 870 2004 veritate
904 1977 939 2003 et
973 1981 1051 2002 non
1091 1967 1304 2002 infideliter
1342 1968 1605 2003 succumbant
1646 1965 1747 2002 hosti

442 2035 521 2061 tam
557 2025 699 2072 fragili.
747 2027 860 2062 Unde
894 2025 986 2074 quia
1026 2027 1101 2061 hoc
1140 2033 1348 2072 peccatum
1391 2024 1521 2060 carnis
1562 2033 1618 2060 est
1657 2028 1780 2072 sepe?

443 2084 736 2127 absconditum,
778 2083 1010 2119 lubrilicans
1049 2084 1109 2119 vel
1143 2084 1377 2118 humectans
1411 2083 1644 2118 exteriorem
1681 2083 1749 2118 ho-

446 2141 590 2177 minem
641 2150 884 2189 cooperante
933 2141 1108 2183 diabolo,
1158 2140 1253 2176 dicit
1297 2142 1369 2175 Job
1415 2142 1516 2185 xls‘,
1559 2142 1624 2176 16:
1674 2140 1749 2175 Sub

442 2200 576 2234 umbra
611 2200 752 2234 dormit
786 2208 859 2235 etc.
896 2198 952 2234 Illi
977 2199 1138 2246 quidem
1163 2198 1292 2245 gulosi
1316 2198 1354 2233 in
1380 2197 1522 2246 quibus
1546 2199 1749 2234 habundat

442 2257 648 2293 lubricitas
683 2258 812 2293 carnis
846 2257 974 2293 iacent
1006 2256 1043 2292 in
1076 2256 1228 2292 luxuria
1251 2256 1475 2292 absconditi
1499 2256 1599 2292 sicut
1624 2255 1748 2303 porci,

442 2317 509 2350 sed
543 2324 702 2362 oportet
736 2316 842 2363 quod
883 2315 922 2350 in
962 2314 1037 2349 illis
1076 2314 1123 2349 sit
1164 2314 1394 2359 humiditas,
1435 2313 1535 2349 sicut
1569 2326 1749 2349 commu-

441 2373 544 2409 niter
577 2382 632 2409 est
666 2373 703 2408 in
737 2373 871 2409 radice
904 2372 1061 2408 calami.

501 2433 547 2466 Et
580 2431 635 2467 sic
669 2440 725 2467 est
748 2430 877 2478 prima
901 2439 1106 2467 armatura
1130 2429 1331 2476 cingulum
1357 2428 1564 2473 castitatis,
1589 2428 1750 2475 cingens

443 2498 523 2524 tam
560 2488 790 2525 interiorem
826 2488 1028 2524 hominem
1064 2500 1182 2535 quam
1219 2487 1468 2529 exteriorem,
1502 2500 1550 2523 ne
1576 2486 1750 2534 profluat

444 2546 482 2581 in
515 2546 719 2582 libidinem
755 2548 822 2582 sed
855 2559 935 2582 non
970 2546 1059 2582 ficte
1091 2545 1192 2581 sicut
1225 2545 1330 2581 fatue
1362 2544 1532 2592 virgines
1563 2545 1750 2579 habentes

512 2701 540 2725 4.
562 2693 594 2719 Iu
617 2700 729 2727 marg:
760 2700 778 2717 1.
894 2700 918 2726 7.
942 2690 1034 2719 Coti:
1065 2696 1122 2718 stat
1143 2696 1241 2717 autem
1264 2691 1357 2725 quod.
1467 2698 1508 2725 ¹9·
1530 2689 1624 2716 Cod.:
1652 2689 1749 2715 luxos

443 2734 484 2753 22.
507 2728 600 2754 Cod.:
624 2727 734 2753 sobrie.

515 2810 545 2841 6.
585 2810 674 2852 Eph.
704 2810 760 2849 Vl,
792 2820 841 2850 ¹4-
986 2819 1039 2840 ρο.
1079 2811 1112 2840 S.
1147 2808 1307 2849 Gregorii
1348 2808 1383 2839 ln
1427 2807 1554 2846 [ἔνεπε.
1595 2806 1669 2838 Lib.
1710 2806 1748 2837 ll.

448 2857 551 2888 Hom.
578 2857 682 2888 XXII.
711 2856 804 2898 Opp.
833 2865 916 2888 tom.
946 2856 970 2895 Ι,
996 2865 1074 2898 pag.
1100 2855 1195 2887 1535.
1295 2865 1346 2896 27.
1375 2853 1461 2884 Phil.
1490 2854 1544 2893 111,
1571 2863 1619 2895 19.

1773 1160 1809 1192 ῐ5

1767 1460 1808 1480 20

1768 1739 1806 1770 25
