1944 3323
208 252 344 281 SERMO
364 240 458 300 Lix.]
698 251 874 284 TERT1A
900 250 1026 283 PARS.

210 364 366 412 lapsum
398 361 534 398 fuisset
562 359 764 396 virtuosus
795 367 832 395 et
862 371 931 407 per
955 369 1203 405 consequens
1227 357 1358 393 nullus
1382 356 1520 393 iustus.

212 425 296 470 lpse
330 433 423 468 ergo
456 418 718 455 rectificando
753 430 868 454 ovem
903 429 1023 465 quam
1058 416 1233 464 ponebat
1274 414 1313 451 in
1347 415 1523 451 humeris

210 482 332 525 (Luce
369 479 487 523 XVO),
536 475 767 512 iustificavit
807 488 921 511 ovem
962 474 1236 519 centesimam,
1284 482 1320 509 et
1359 474 1408 510 ad
1447 474 1522 509 hoc

210 546 327 574 sonat
366 536 482 573 dacio
521 534 617 582 legis
651 533 890 581 evangelice,
931 542 1016 569 tota
1048 531 1307 569 conversacio
1341 531 1523 568 humani-

178 595 304 633 §tatis
349 607 419 631 sue
464 602 500 630 et
545 591 703 629 iusticia
747 591 786 627 in
833 591 940 628 finali
986 590 1149 636 iudicio,
1204 591 1367 639 quando
1413 589 1524 626 dabit

213 654 427 702 unicuique
461 650 615 689 homini
638 649 1048 699 proporcionabiliter
1081 657 1122 685 ut
1147 648 1289 696 dignus
1323 647 1409 684 erit.
1444 650 1524 684 Nec

211 713 340 749 solum
375 709 646 748 continebitur
679 707 836 745 iusticia
869 721 940 745 sua
973 707 1077 744 intra
1112 706 1258 743 limites
1296 715 1400 742 terre
1441 718 1524 742 mo-

212 770 421 815 riencium,
455 770 524 805 sed
547 767 729 816 prosiliet
761 779 886 815 usque
916 767 965 803 ad
988 775 1137 802 terram
1160 764 1399 809 vivencium,
1434 777 1523 800 cum

213 828 400 865 omnibus
434 826 560 864 beatis
585 825 696 862 dabit
727 825 918 873 gaudium
953 833 990 861 et
1013 823 1205 872 quicquid
1238 822 1385 859 fuerint
1416 821 1524 870 digni

158 900 196 921 ιο
213 886 404 935 recipere,
438 898 575 934 ymmo
608 892 944 932 supereroganter
967 895 1038 931 per
1061 894 1172 918 suam
1198 880 1523 917 incarnacionem

213 945 424 982 accibilem
459 942 750 980 beatitudinem
784 940 1022 978 cumulabit.

270 1006 318 1039 Et
351 1002 445 1051 quia
477 1003 527 1038 ad
560 1013 694 1049 regern
727 999 899 1048 pertinet
923 997 1162 1047 potestative
1186 1009 1322 1045 regere
1346 1009 1525 1044 regnum,

213 1062 303 1098 ideo
346 1070 455 1097 sexto
500 1058 755 1107 subiungitur
799 1059 1006 1106 quomodo
1051 1069 1219 1104 regnum
1260 1054 1408 1092 Christi
1455 1054 1527 1091 erit

213 1129 293 1156 tam
348 1119 389 1155 in
431 1118 493 1154 via
539 1130 660 1166 quarn
706 1116 837 1165 patria
883 1116 1121 1163 regulatum.
1167 1115 1209 1149 In
1257 1114 1388 1150 diebus
1439 1113 1528 1158 illis,

161 1180 195 1212 15
211 1177 354 1226 iuquit,
377 1176 594 1213 salvabitur
614 1175 715 1210 Juda
739 1181 774 1210 et
797 1175 921 1210 Israel
943 1173 1126 1209 habitabit
1148 1172 1395 1222 coifidenter.
1427 1172 1527 1207 Cum

213 1244 345 1272 autem
370 1236 471 1270 Juda
495 1233 782 1281 interpretatur
811 1233 1006 1282 confitens,
1039 1239 1149 1279 patet
1178 1242 1299 1278 quam
1328 1228 1530 1277 signanter

213 1294 343 1342 signat
395 1304 536 1330 omnes
584 1300 690 1328 recte
742 1290 979 1327 confitentes
1026 1290 1242 1326 adventum
1289 1287 1437 1324 Christi
1491 1287 1530 1322 in

216 1364 391 1389 carnem.
427 1353 483 1387 De
516 1350 662 1387 talibus
693 1349 799 1385 enim
833 1348 980 1385 dicitur
1015 1348 1118 1393 (Joh.
1144 1349 1194 1392 10,
1226 1349 1305 1390 12):
1337 1347 1531 1395 Quotquot

215 1418 340 1446 autem
394 1415 623 1458 receperunt
670 1416 744 1444 etc.
798 1409 846 1443 Et
891 1407 966 1443 ista
1010 1414 1067 1442 est
1113 1403 1311 1441 confessio
1358 1405 1405 1440 de
1452 1416 1531 1452 qua

157 1471 346 1514 20(Rom.
369 1469 437 1514 XO,
470 1470 531 1513 10)
558 1465 654 1502 dicit
676 1465 912 1514 Apostolus:
953 1464 1031 1500 Ore
1062 1470 1188 1499 autem
1222 1471 1296 1499 etc.
1330 1464 1422 1499 Ideo
1455 1461 1531 1510 sig-

214 1535 358 1563 nanter
383 1525 529 1562 dicitur
552 1537 626 1573 pro
659 1522 942 1572 predestinatis
966 1521 1166 1559 viantibus
1200 1522 1309 1569 quod
1341 1521 1376 1556 in
1401 1520 1531 1556 diebus

213 1585 290 1621 illis
323 1592 412 1629 etc.‚
447 1583 539 1632 quia
574 1583 609 1618 in
638 1582 770 1632 patria
803 1582 1002 1631 absterget
1023 1581 1132 1616 Deus
1163 1588 1252 1624 etc.‚
1287 1586 1322 1615 et
1354 1591 1426 1615 non
1460 1578 1532 1615 erit

213 1643 380 1693 amplius
404 1650 476 1678 etc.
514 1643 572 1687 (ut
596 1640 743 1677 dicitur
764 1641 889 1688 Apoc.
913 1637 1051 1688 XXIO).
1086 1639 1134 1673 Et
1167 1636 1238 1673 filii
1262 1637 1332 1674 Dei
1365 1644 1532 1685 possunt

214 1701 254 1738 in
287 1700 444 1750 premio
476 1700 554 1736 isto
578 1698 793 1744 confidere,
819 1697 913 1746 quia
935 1698 969 1734 si
988 1696 1178 1746 suntfilii,
1201 1703 1289 1732 tunc
1311 1696 1530 1732 secundum

157 1759 455 1807 25Apostolum
494 1765 582 1794 sunt
619 1758 780 1793 heredes
820 1765 857 1793 et
896 1768 967 1804 per
1006 1766 1256 1802 consequens
1296 1753 1533 1790 confitenter

215 1826 384 1866 possunt
409 1816 540 1853 dicere
564 1824 601 1852 et
624 1827 759 1852 orare:
792 1814 982 1851 Adveniat
1010 1825 1175 1863 regnum
1204 1820 1322 1848 tuum.
1358 1814 1405 1848 Et
1438 1820 1533 1847 nota

216 1877 324 1925 quod
357 1875 459 1912 sicut
489 1875 613 1911 Jacob
648 1882 685 1910 et
717 1873 838 1910 Israel
870 1871 944 1908 fuit
977 1872 1116 1908 eadem
1156 1882 1329 1918 persona
1368 1869 1424 1907 sic
1463 1882 1534 1918 per

216 1934 398 1971 ordinem
425 1932 646 1978 nominata,
682 1931 737 1968 ita
765 1932 905 1968 eadem
930 1942 1102 1978 persona
1135 1928 1300 1965 ecclesie
1334 1937 1390 1965 est
1423 1927 1533 1976 prius

215 1993 339 2029 Jacob
374 2001 410 2028 et
443 2000 535 2039 post
557 1990 690 2035 Israel,
725 2002 815 2026 cum
838 1990 911 2026 Job
934 1989 1055 2033 X1X0‚
1081 1997 1131 2035 27
1166 1986 1371 2023 scribitur:
1411 1987 1532 2036 Quem

161 2054 202 2086 30
220 2051 373 2087 visurus
393 2062 476 2086 sum
507 2062 580 2100 ego
608 2049 688 2098 ipse
721 2056 794 2084 etc.
829 2049 922 2084 Post
954 2047 1107 2083 luctum
1141 2057 1234 2093 ergo
1268 2058 1358 2081 cum
1392 2045 1533 2093 angelo

217 2108 443 2146 videbimus
477 2110 604 2144 Deum
638 2107 757 2143 clare.

276 2166 457 2215 Septimo
491 2165 722 2213 adiungitur
754 2164 849 2201 unio
879 2161 1098 2199 divinitatis
1131 2171 1167 2198 et
1201 2160 1463 2198 humanitatis
1497 2161 1535 2196 in

220 2225 393 2270 Christo,
429 2236 519 2261 cum
554 2223 719 2260 dicitur:
766 2223 818 2258 Et
857 2223 927 2257 hoc
965 2228 1020 2257 est
1059 2233 1193 2256 nomen
1234 2228 1307 2256 etc.
1349 2221 1421 2256 Per
1460 2220 1535 2255 hoc

219 2292 353 2320 autem
387 2284 495 2331 quod
528 2281 674 2318 dicitur
707 2282 815 2329 quod
849 2281 924 2316 hoc
964 2287 1020 2315 est
1052 2290 1201 2315 nomen
1241 2287 1277 2315 et
1316 2290 1395 2313 non
1428 2279 1536 2326 quod

166 2344 202 2376 35
220 2342 297 2378 hoc
340 2340 427 2386 erit,
473 2339 663 2377 eternitas
704 2339 852 2376 Christi
898 2336 1147 2386 exprimitur,
1196 2349 1286 2373 cum
1332 2335 1400 2372 diu
1446 2344 1535 2384 post

219 2398 434 2436 jeremiam
475 2398 548 2434 fuit
589 2397 771 2434 Christus
810 2405 927 2433 natus
972 2395 1219 2440 humanitus,
1266 2403 1302 2430 et
1345 2406 1416 2442 per
1460 2395 1536 2430 hoc

221 2458 329 2506 quod
375 2458 422 2493 de
467 2457 600 2492 futuro
647 2455 881 2504 exprimitur
921 2455 1029 2502 quod
1068 2454 1269 2490 vocabunt
1308 2464 1413 2497 eum,
1454 2451 1536 2488 eius

222 2514 426 2551 mutabilis
459 2513 688 2551 humanitas
728 2513 968 2561 designatur„
1015 2511 1166 2548 scilicet
1203 2522 1274 2559 per
1313 2511 1388 2546 hoc
1428 2511 1534 2557 quod

222 2573 386 2610 dicitur:
422 2572 596 2609 Habebit
618 2584 769 2608 nomen
793 2570 947 2607 domini
970 2570 1063 2606 iusti
1096 2568 1234 2605 nostri.
1270 2569 1348 2604 Sed
1373 2567 1534 2604 habebit

162 2645 206 2676 40
221 2640 416 2680 perpetuo
449 2629 772 2679 inseparabiliter
804 2629 902 2665 illud
935 2641 1095 2673 nomen,
1120 2628 1228 2675 quod
1252 2639 1341 2663 cum
1376 2638 1456 2661 non
1488 2625 1537 2661 sit

293 2761 329 2780 12.
346 2753 378 2780 Iu
396 2761 508 2787 marg:
527 2752 554 2779 6.
594 2752 638 2779 30.
656 2752 749 2779 Cod.:
766 2752 889 2778 luctam.
930 2749 1019 2778 3211]
1037 2758 1151 2785 marga:
1167 2758 1193 2785 7.
1231 2748 1275 2777 38.
1293 2748 1387 2776 Cod.:
1404 2748 1456 2775 sed
1473 2756 1534 2783 per.

300 2847 348 2878 14.
368 2838 434 2868 Jer.
454 2836 575 2875 XXIII,
594 2834 626 2867 6.
717 2845 770 2875 24.
797 2835 899 2866 Rom.
920 2835 1007 2874 vul,
1034 2844 1082 2877 ¹7·
1181 2831 1233 2864 26.
1262 2832 1382 2864 Matth.
1404 2832 1463 2869 VI,
1486 2842 1537 2863 10.

226 2894 278 2927 29.
305 2884 380 2916 Job.
480 2882 532 2914 33.
560 2883 625 2914 Jer.
654 2882 776 2922 XXIII,
803 2881 834 2913 ὁ.

1336 2935 1407 2969 33*

1731 242 1805 276 515

1542 1001 1570 1028 s).
1585 1001 1642 1028 His
1666 1000 1815 1035 kingdom

1564 1036 1638 1063 shall
1661 1035 1738 1062 exist
1759 1043 1798 1061 on

1586 1071 1670 1098 earth
1691 1079 1724 1097 as
1745 1070 1774 1097 iu

1620 1106 1746 1133 heaven.

1575 2173 1600 2200 7.
1621 2164 1689 2191 The
1710 2164 1801 2191 rinion

1572 2200 1606 2227 of
1623 2199 1726 2226 divine
1747 2199 1806 2226 and

1611 2234 1724 2261 human
1747 2234 1772 2260 is

1581 2269 1745 2303 expressed
1767 2269 1796 2295 in

1588 2304 1676 2332 ‘This
1697 2304 1722 2331 is
1743 2304 1790 2330 his

1600 2348 1689 2367 name
1710 2339 1776 2366 etc.'
