1944 3323
95 260 148 292 44
688 255 912 286 JOHANNis
933 256 1114 286 wretir
1133 257 1389 288 seamouuu
1466 241 1616 298 [sERMO
1637 253 1690 280 vi.

384 373 504 408 quam
531 360 753 407 baptismus
778 374 944 407 persone
969 360 1091 396 laice?
1127 361 1441 397 Deliramentum
1467 363 1566 398 soret
1590 362 1690 398 sicut

384 426 420 453 et
443 417 701 453 observancia
718 431 795 465 qua
819 417 994 453 creditur
1010 420 1116 466 quod
1141 432 1295 466 pannus
1318 419 1407 455 talis
1430 432 1452 455 a
1475 420 1560 455 solo
1584 433 1690 467 pres-

384 477 521 522 bytero
555 476 670 511 debet
703 475 814 511 solvi.
850 477 896 511 Et
920 475 1024 511 idem
1059 485 1115 512 est
1149 476 1338 512 iudicium
1375 478 1421 512 de
1454 490 1691 525 quacunque

383 533 641 568 absolucione
665 532 886 580 presbiteri,
912 532 950 569 in
974 546 1052 581 qua
1075 543 1232 581 oportet
1256 536 1475 571 concedere
1499 535 1689 582 Spiritum

383 592 572 626 Sanctum
616 590 699 626 dari
740 603 852 638 eque,
893 590 994 627 sicut
1034 590 1063 626 si
1110 605 1213 639 papa
1253 605 1274 628 a
1313 592 1479 628 crimine
1518 592 1586 628 tali
1626 594 1725 629 zib—'3‘

383 649 564 684 solveret.
620 648 822 696 Numquid
873 649 1072 684 credimus
1122 658 1176 685 est
1215 663 1475 698 personarum
1520 651 1694 699 (πει-θροῶ

383 707 488 753 apud
524 707 645 740 Deum
681 707 786 753 quod
821 706 1091 743 communicet
1131 716 1327 754 potestate
1361 708 1481 744 dandi
1516 708 1691 755 graciam

384 763 599 799 abiecciori
630 776 701 799 suo
732 763 914 799 ministro
944 773 979 800 et
1010 766 1058 800 ab
1088 765 1311 812 aceepciori
1343 766 1535 802 subtraxit
1560 766 1692 801 huius—

383 821 490 856 modi
516 822 780 868 potestatem?
817 823 963 858 Revera
994 835 1074 857 non
1100 823 1199 858 foret
1224 823 1332 859 racio
1355 823 1429 859 nisi
1454 832 1495 859 ut
1518 824 1692 871 prelatus

383 880 532 914 mundo
566 878 749 925 superior
781 880 881 915 foret
914 880 1098 915 venditor
1131 880 1261 916 carior
1295 881 1588 923 columbarum,
1623 882 1689 917 sed
1713 897 1750 916 10

381 938 571 972 debemus
596 937 770 973 recolere
796 939 903 985 quod
928 938 1132 979 (johannis
1151 941 1215 982 110,
1238 940 1298 983 16)
1322 938 1464 985 legitur
1488 940 1692 987 quomodo

381 993 561 1029 Christus
600 995 672 1029 hiis
711 995 775 1041 qui
813 996 1020 1031 vendebant
1058 996 1254 1032 columbas
1287 997 1387 1032 dixit
1419 996 1691 1044 singulariter:

382 1052 542 1100 Auferte
589 1052 659 1087 ista
706 1052 792 1088 ltine
836 1060 871 1088 et
915 1054 1029 1089 nolite
1061 1054 1204 1101 facere
1248 1055 1402 1089 domum
1448 1055 1578 1090 Patris
1622 1055 1696 1089 mei

381 1110 534 1145 domum
569 1110 861 1159 negociacionis.
899 1112 997 1146 (jum
1034 1111 1136 1147 enim
1173 1111 1345 1159 Spiritus
1370 1115 1538 1148 Sanetus
1571 1125 1693 1159 appa-

380 1167 457 1202 ruit
503 1167 541 1203 in
593 1168 777 1204 columbe
827 1168 959 1215 speeie
1008 1169 1179 1205 Domino
1236 1169 1438 1217 baptizato
1483 1176 1538 1213 (ut
1585 1174 1749 1217 patetib

382 1227 485 1260 Luce
519 1227 622 1272 1110),
664 1239 733 1272 per
772 1226 1000 1262 columbam
1044 1226 1214 1274 Spiritus
1255 1229 1424 1263 Sanctus
1461 1227 1693 1274 intelligitur

381 1282 417 1318 in
458 1283 669 1330 scriptura,
711 1293 746 1319 et
787 1293 1075 1331 consequenter
1117 1298 1184 1332 per
1218 1286 1424 1321 columbas
1458 1285 1693 1332 intelligitur

380 1341 584 1387 septuplex
615 1341 697 1376 eius
729 1342 890 1377 donum.
927 1342 983 1377 llli
1017 1351 1150 1378 autem
1184 1345 1401 1379 seeundum
1428 1343 1689 1390 Augustinum

379 1400 553 1434 vendunt
605 1399 825 1439 columbas,
881 1399 944 1447 qui
1000 1409 1164 1447 propter
1216 1402 1483 1448 quodcunque
1542 1402 1689 1436 donum

382 1455 448 1491 Dei
502 1455 708 1503 spirituale
758 1457 894 1492 volunt
940 1457 1050 1504 quasi
1103 1471 1144 1493 ex
1191 1459 1324 1494 debito
1369 1459 1427 1494 rel
1479 1458 1690 1505 temporali
1709 1473 1750 1493 20

380 1513 625 1550 commercio
666 1515 811 1550 habere
844 1515 1153 1551 retribucionem
1196 1516 1371 1564 aliquam
1407 1516 1691 1563 temporalem;

385 1573 491 1619 quod
527 1571 722 1607 Dominus
755 1571 916 1608 indubie
951 1574 1120 1608 multum
1155 1574 1251 1610 odit.

439 1631 483 1664 Et
529 1638 636 1677 patet
681 1629 833 1666 solucio
880 1630 986 1666 dubii
1034 1633 1239 1679 quomodo
1283 1632 1340 1667 vel
1384 1633 1499 1667 debet
1540 1631 1689 1676 negari,

378 1688 579 1735 loquendo
612 1687 773 1734 proprie
808 1689 854 1723 de
886 1688 1020 1735 gracia
1054 1697 1089 1724 et
1123 1690 1316 1731 conferre,
1351 1690 1409 1725 vel
1444 1690 1690 1725 extendendo

378 1744 553 1788 nomina,
584 1746 842 1781 concedendo
872 1747 977 1793 quod
1011 1746 1099 1782 laici
1130 1747 1338 1783 conferunt
1368 1746 1542 1794 graciam
1570 1747 1689 1782 modo
1708 1751 1745 1781 ε’)

377 1815 462 1843 suo,
501 1804 568 1838 sed
607 1802 647 1838 in
685 1803 852 1839 ecclesia
891 1803 1092 1850 primitiva
1132 1813 1243 1840 erant
1277 1817 1473 1852 pauperes
1512 1803 1689 1851 episcopi

379 1859 505 1907 magis
529 1860 668 1896 sancti.
703 1862 795 1896 Ideo
821 1860 876 1896 illi
902 1861 995 1897 dicti
1021 1870 1111 1897 sunt
1135 1875 1156 1898 a
1181 1862 1413 1899 doctoribus
1437 1862 1689 1909 singulariter

377 1917 554 1965 graciam
589 1918 817 1954 contulisse.

130 1987 320 2020 Suspensum
436 1975 653 2023 Supposito
692 1985 823 2012 autem
865 1977 942 2012 hoc
982 1989 1099 2013 sensu
1140 1979 1397 2013 scrutandum
1435 1986 1491 2013 est
1526 1977 1689 2014 ulterius

95 2023 354 2084 ‘2'JJ‡d¹;}g[]}'''ffi'¹
378 2035 584 2080 quomodo
623 2033 801 2081 episcopi
841 2043 876 2070 et
916 2034 991 2070 alie
1030 2047 1198 2082 persone
1242 2035 1408 2071 ecclesie
1440 2045 1530 2071 sunt
1563 2049 1584 2071 a
1617 2048 1688 2070 suo
1706 2038 1747 2069 30

99 2092 344 2139 suspended-the
378 2090 601 2127 ministerio
640 2092 928 2139 suspendendi3
976 2101 1011 2128 et
1052 2092 1182 2140 primo
1222 2094 1443 2129 notandum
1485 2102 1540 2129 est
1581 2094 1687 2141 quod
1725 2132 1729 2136 ,

151 2127 297 2154 ‘mmmm'
377 2150 460 2184 Deo
489 2146 492 2201 Ι
523 2158 579 2184 est
612 2149 821 2196 proprium
856 2163 925 2197 per
957 2162 997 2186 se
1030 2150 1161 2198 primo
1195 2152 1437 2198 suspendere
1471 2131 1787 2207 quemlibetgog]¹

375 2207 713 2253 suspendendum.
756 2206 863 2242 Nihil
903 2207 1007 2243 enim
1048 2208 1247 2244 infidelius
1281 2221 1401 2256 quam
1436 2211 1542 2256 quod
1581 2209 1687 2244 solus
1727 2188 1746 2217 4

375 2264 550 2310 prelatus
575 2264 748 2300 cesarius
772 2273 813 2300 ut
836 2278 941 2312 papa
962 2266 1023 2301 vel
1052 2265 1261 2313 episcopus
1290 2266 1494 2314 suspendit
1524 2266 1685 2314 dignum

375 2321 582 2368 suspendi3
616 2335 751 2368 ymmo
785 2322 1032 2370 impossibile
1064 2332 1122 2359 est
1150 2323 1280 2371 ipsum
1311 2337 1553 2372 quemquam
1587 2323 1688 2359 iuste
1704 2327 1744 2359 35

374 2380 628 2426 suspendere,
651 2379 727 2415 nisi
749 2382 853 2416 Deus
879 2380 988 2428 prius
1010 2381 1138 2428 ipsum
1163 2381 1426 2429 suspenderit,
1457 2381 1551 2429 quia
1574 2381 1687 2417 aliter

374 2436 474 2472 foret
490 2436 575 2483 ipse
592 2438 696 2473 Deus
713 2449 829 2485 quern
849 2439 943 2474 deus
961 2439 1126 2474 deorum
1143 2448 1460 2486 presupponeret
1475 2439 1514 2474 in
1530 2438 1686 2474 iusticia

374 2495 613 2541 exequenda.
661 2496 775 2531 Unde
818 2496 936 2540 (Osee
971 2497 1054 2538 ΙΨ),
1091 2498 1129 2542 6)
1177 2496 1364 2532 scribitur
1406 2497 1686 2544 suspendendo

374 2552 622 2599 presbytero:
655 2553 752 2596 Quia
786 2560 824 2587 tu
856 2554 1056 2589 scienciam
1093 2554 1280 2602 repulisti,
1313 2555 1396 2590 ideo
1429 2562 1463 2590 te
1485 2554 1685 2603 repellam,

444 2681 462 2699 1.
484 2674 528 2699 A:
552 2673 724 2708 baptimus:
746 2674 785 2700 ib.
802 2674 842 2700 1³:
865 2675 942 2701 sicut
962 2675 1059 2702 twice.
1122 2676 1138 2701 δ’
1164 2677 1207 2702 Α;
1231 2675 1423 2702 subieeeiori.
1482 2684 1520 2709 11-
1543 2676 1582 2703 F:
1603 2676 1682 2702 euim

374 2708 467 2733 deest.
532 2707 567 2734 15.
589 2709 632 2734 A:
656 2708 802 2742 Baptisto.
868 2711 906 2735 ιδ’.
929 2709 968 2736 F:
991 2710 1131 2744 simplex.
1194 2718 1238 2736 20.
1260 2711 1303 2737 A:
1325 2710 1486 2745 spirituali.
1549 2718 1584 2744 2‘)
1611 2711 1682 2737 Ain

374 2750 485 2776 marg:
508 2741 653 2769 Dubium.
726 2741 769 2769 32.
791 2743 830 2769 F:
854 2744 1012 2778 quomodo
1033 2745 1110 2771 licet.
1183 2743 1226 2772 33.
1248 2745 1288 2772 F:
1311 2745 1392 2779 quod
1415 2745 1508 2772 deest.
1582 2744 1622 2772 35.
1645 2745 1683 2772 1³:

372 2785 478 2811 ymmo
498 2776 590 2803 deest.
666 2775 710 2811 ΒΤ.
732 2778 776 2803 A:
798 2777 863 2812 ipse
885 2778 967 2805 Deus
988 2779 1115 2805 deorum
1137 2783 1174 2805 et.

449 2857 495 2890 18.
525 2860 558 2890 S.
587 2859 734 2899 August.
764 2859 844 2902 Opp
886 2867 970 2892 tom.
999 2861 1055 2899 IV,
1084 2871 1159 2902 pag,
1188 2860 1283 2902 1463.
