1944 3323
171 240 306 270 SERMO
327 230 436 290 Lm]
663 245 836 278 TERTiA
865 246 989 279 PARS.

169 352 230 389 vel
273 361 366 389 ante
412 352 551 389 mundi
597 353 932 390 constitucionem
977 367 999 390 a
1046 356 1128 391 Deo
1175 354 1345 402 eligitur,
1392 365 1486 393 tunc

170 409 260 447 talis
292 412 415 448 homo
449 419 507 448 est
540 411 770 448 eternaliter
793 420 830 448 et
855 420 946 448 ante
970 412 1109 448 mundi
1134 412 1484 450 constitucionem.

170 470 247 505 Sed
281 470 352 506 hec
385 482 487 506 vana
521 469 731 506 contencio
766 482 836 518 per
870 471 946 506 hoc
980 470 1212 507 dissolvitur
1246 472 1355 520 quod
1388 485 1486 520 qua-

77 561 100 593 F
132 562 140 593 l
169 539 325 576 cunque
359 536 542 564 creatura
575 526 731 576 signata
765 529 1067 565 concedendum
1104 538 1161 565 est
1186 530 1261 565 hoc
1286 542 1369 566 esse
1392 539 1485 566 ante

73 571 307 640 gffossmundi
354 585 690 623 constitucionem
740 595 777 622 et
822 586 1066 632 eternaliter,
1109 586 1203 635 quia
1231 583 1235 640 Ι
1265 589 1485 624 secundum

169 656 254 680 esse
285 656 400 680 suum
432 645 586 692 ydeale,
620 645 840 681 secundum
877 646 986 693 quod
1021 654 1078 681 est
1102 645 1377 682 essencialiter
1401 646 1485 695 ipse

169 703 295 743 Deus:
331 711 369 738 et
400 711 537 739 tamen
569 704 797 751 negandum
833 712 890 739 est
924 703 1101 751 aliquam
1138 712 1365 741 creaturam
1400 717 1484 741 esse

170 759 400 796 eternaliter
432 761 493 797 vel
526 760 750 810 quamlibet
782 761 1062 809 temporaliter
1097 774 1180 798 esse
1204 763 1346 809 Deum,
1380 763 1485 799 unde

169 822 227 863 (ut
266 827 376 866 patet
415 818 527 867 alibi)
571 828 627 856 est
671 819 929 867 turpissimus
974 819 1271 868 paralogismus
1321 829 1486 869 propter

115 876 440 913 10variacionem
475 877 787 926 supposicionis,
828 877 860 913 si
900 878 975 914 hoc
1018 886 1075 914 est
1109 880 1215 914 Deus
1249 887 1285 915 et
1319 880 1394 916 hoc
1428 889 1485 916 est

168 934 243 971 ista
267 944 464 981 creatura,
489 944 584 972 tunc
608 935 683 972 ista
709 944 893 973 creatura
918 945 974 972 est
998 938 1116 973 Deus.
1148 937 1325 973 Concedi
1349 946 1485 974 tamen

168 994 286 1029 debet
325 995 434 1042 quod
472 993 545 1030 iste
585 995 707 1030 homo
749 1003 805 1031 est
844 993 884 1030 in
918 996 1002 1030 Deo
1040 995 1101 1031 vel
1139 996 1359 1031 secundum
1402 1008 1485 1032 esse

167 1064 282 1088 suum
328 1052 468 1099 ydeale
505 1053 586 1088 vita
626 1061 762 1089 eterna
802 1061 839 1089 et
878 1054 997 1089 Deus.
1043 1054 1092 1088 Et
1136 1054 1187 1089 ad
1234 1053 1482 1090 conformem

167 1109 522 1158 equivocacionem
563 1110 731 1147 concedi
772 1119 916 1158 potest,
952 1112 1060 1159 quod
1093 1110 1169 1147 ista
1203 1121 1389 1148 creatura
1421 1113 1484 1148 vel

115 1167 149 1198 15
167 1167 242 1204 iste
272 1169 395 1204 homo
419 1167 492 1204 fuit
524 1169 673 1205 electus
697 1181 719 1205 a
743 1171 827 1205 Deo
851 1177 943 1205 ante
966 1168 1105 1205 mundi
1131 1169 1482 1216 constitucionem,

168 1238 259 1262 cum
305 1228 411 1262 Deus
461 1226 593 1275 ipsum
647 1226 765 1275 elegit
816 1235 908 1263 ante
960 1227 1099 1263 mundi
1145 1227 1481 1265 constitucionem

168 1285 389 1320 secundum
430 1297 513 1321 esse
551 1286 693 1333 ydeale
732 1285 794 1321 vel
834 1284 1106 1322 intencionale
1139 1285 1224 1332 Dei,
1272 1295 1309 1323 et
1347 1295 1483 1323 tamen

167 1355 249 1379 non
287 1342 361 1378 fuit
399 1351 491 1380 ante
533 1343 672 1380 mundi
706 1343 1057 1389 constitucionem,
1091 1343 1184 1392 quia
1218 1354 1311 1381 tunc
1344 1345 1483 1382 fuisset

166 1400 207 1436 in
252 1413 336 1437 esse
381 1414 452 1438 suo
497 1400 734 1438 individuali
780 1410 871 1438 ante
916 1410 1088 1450 tempus,
1131 1404 1239 1451 quod
1284 1413 1483 1452 repugnat

108 1467 151 1489 20
168 1458 259 1495 fidei
305 1460 353 1495 de
397 1459 577 1508 quolibet
621 1473 723 1509 puro
764 1459 939 1506 homine,
987 1461 1062 1497 hoc
1102 1470 1172 1506 est,
1214 1462 1262 1498 de
1303 1461 1483 1510 quolibet

167 1516 233 1565 qui
266 1530 348 1553 non
381 1526 439 1554 est
472 1517 550 1555 alia
582 1527 729 1555 natura
762 1531 883 1567 quam
917 1518 1160 1555 humanitas.

224 1576 300 1611 Sed
354 1575 519 1613 dimissa
573 1576 649 1613 ista
703 1576 966 1613 contencione
1010 1577 1231 1625 sophistica
1276 1577 1483 1614 dubitatur

164 1642 298 1669 utrum
333 1642 516 1682 potentes
549 1634 672 1672 seculi
703 1636 874 1672 debeant
897 1635 1039 1671 fratres
1072 1644 1110 1672 et
1142 1635 1241 1672 alios
1275 1636 1482 1673 mendicos

162 1691 316 1728 validos
348 1692 589 1740 generaliter
621 1693 840 1742 hospitare.
874 1695 922 1729 Et
953 1693 1111 1730 videtur
1144 1695 1252 1743 quod
1285 1694 1354 1740 sic,
1388 1694 1483 1743 quia

106 1749 145 1781 25
164 1751 239 1786 hoc
278 1750 380 1786 foret
420 1751 661 1799 generaliter
708 1764 809 1800 opus
855 1751 1131 1788 misericordie
1176 1761 1212 1789 et
1251 1752 1291 1788 in
1333 1752 1482 1789 sanctis

164 1807 398 1844 mulieribus
438 1821 510 1857 per
543 1810 713 1846 Paulum
753 1809 792 1846 in
832 1809 907 1846 ista
947 1809 1118 1858 epistola
1157 1812 1480 1848 commendatur.

221 1867 298 1903 Sed
332 1876 484 1903 certum
520 1877 576 1904 est
600 1869 709 1917 quod
741 1869 818 1905 hoc
851 1877 908 1904 est
932 1868 1155 1905 hereticum
1190 1878 1227 1905 et
1262 1870 1480 1905 multorum

163 1924 408 1961 discolorum
450 1925 491 1962 in
530 1926 698 1963 ecclesia
737 1926 988 1974 gignitivum,
1029 1926 1123 1975 quia
1168 1927 1224 1964 sic
1264 1927 1407 1964 fratres
1446 1936 1483 1964 et

163 1983 296 2019 cuncti
343 1984 517 2020 mendici
560 1985 682 2021 validi
728 1993 896 2033 possunt
942 1984 1049 2021 licite
1094 1985 1219 2022 ociari
1265 1995 1302 2022 et
1345 1998 1483 2022 secure

104 2039 145 2072 30
163 2041 310 2077 habere
348 2054 419 2078 sua
459 2042 650 2079 alimenta
690 2051 727 2079 et
765 2051 997 2091 tegumenta
1030 2056 1052 2080 a
1086 2043 1206 2080 divite
1240 2057 1484 2093 quocunque

162 2111 279 2147 quem
326 2100 525 2136 voluerint
568 2101 749 2145 visitare;
800 2103 869 2138 sed
916 2100 1011 2149 quid
1058 2101 1185 2150 magis
1232 2102 1480 2138 contrarium

161 2157 340 2194 racioni?
372 2167 467 2195 tunc
489 2158 529 2195 in
554 2159 662 2196 brevi
686 2159 828 2196 fierent
851 2159 1109 2207 impotentes,
1145 2169 1181 2197 et
1204 2161 1310 2197 ultra
1333 2169 1480 2197 statum

160 2214 395 2252 innocencie
435 2217 803 2266 multiplicarentur
842 2219 893 2254 ad
932 2226 1093 2267 tempus
1139 2218 1283 2255 discoli
1329 2218 1483 2255 mendi-

160 2282 309 2310 cantes.

102 2331 142 2363 35
217 2331 424 2378 Similiter,
470 2333 612 2371 fratres
653 2348 743 2372 cum
791 2336 942 2371 habent
990 2335 1158 2384 propria
1204 2335 1399 2372 alimenta
1445 2344 1482 2372 et

158 2398 404 2437 tegumenta,
443 2391 575 2428 forent
614 2394 664 2429 ad
704 2393 821 2430 istam
861 2394 1039 2441 regulam
1076 2393 1266 2442 precipue
1300 2393 1479 2441 obligati,

159 2449 226 2483 sed
266 2457 423 2485 constat
462 2452 571 2498 quod
610 2463 682 2487 nec
722 2451 761 2487 in
801 2451 1077 2499 hospitalitate
1115 2464 1189 2488 nec
1234 2451 1273 2487 in
1319 2451 1479 2488 cibariis

159 2505 383 2554 suscipiunt
416 2509 485 2544 sed
518 2508 580 2544 vix
613 2509 755 2546 fratres
790 2510 836 2545 de
870 2509 1012 2546 ordine
1044 2509 1225 2557 proprio,
1260 2522 1349 2546 cum
1385 2509 1478 2546 alie-

1693 254 1773 291 497

1523 1585 1591 1612 The
1611 1585 1743 1622 wealthy

1544 1620 1655 1648 should
1678 1626 1731 1648 not

1513 1655 1649 1682 harbour
1668 1656 1761 1682 friars

1504 1698 1539 1717 or
1558 1690 1647 1717 other
1667 1691 1774 1727 sturdy

1568 1725 1708 1760 begsars.

1511 2342 1616 2370 Friars
1636 2350 1686 2370 are
1708 2347 1759 2369 not

1525 2378 1697 2412 liospitable
1718 2382 1748 2404 to

1537 2413 1609 2440 each
1631 2413 1728 2439 other.

159 2563 324 2611 nigenas
353 2566 401 2601 de
433 2578 505 2602 suo
538 2567 679 2603 ordine
704 2567 855 2603 faciunt
879 2568 1032 2604 solvere
1058 2568 1148 2616 plus
1171 2580 1292 2616 quam
1318 2568 1476 2604 debent.
1500 2563 1580 2590 Pom·
1602 2571 1669 2590 men
1692 2571 1760 2589 ’ΝΥ

99 2633 143 2664 40
161 2623 260 2658 Cum
297 2634 390 2670 ergo
423 2623 503 2660 vita
543 2637 681 2661 eorum
726 2626 843 2661 debet
886 2638 969 2661 esse
1010 2626 1213 2674 exemplar
1253 2625 1341 2662 aliis
1381 2638 1477 2674 pau-

160 2679 386 2727 perioribus
425 2681 464 2717 in
503 2683 651 2728 seculo,
692 2683 849 2719 videtur
883 2685 991 2732 quod
1034 2685 1232 2720 seculares
1266 2692 1345 2720 tam
1382 2697 1478 2731 pau-

230 2856 272 2876 22.
294 2849 326 2876 In
350 2857 464 2883 marg:
494 2849 639 2877 Dubium.
757 2860 798 2887 Ξῖ.
823 2852 852 2878 ln
877 2861 989 2887 marga
1018 2853 1049 2879 In
1073 2854 1264 2888 oppositum.
1380 2854 1424 2881 28.
1446 2853 1477 2880 Iu

161 2892 276 2918 marg:
305 2893 324 2911 ι.
399 2883 441 2912 35.
465 2885 496 2911 ln
519 2893 634 2920 marg:
664 2894 688 2912 2.

1519 2599 1586 2625 take
1607 2595 1749 2632 example

1534 2633 1613 2659 from
1638 2633 1732 2659 them.
