1944 3323
151 248 287 276 samio
309 239 462 297 xrvm]
634 253 811 285 TERTIA
840 254 965 286 PARS.

150 358 276 394 stolus
309 358 513 406 specificet
545 371 617 396 suo
650 359 853 396 auditorio
895 372 1018 408 opera
1054 359 1198 401 carnis.
1233 370 1274 396 ut
1307 360 1469 397 caucius

152 425 381 463 caveantur,
430 426 590 454 enarrat
628 417 917 466 septemdecim
957 426 994 454 et
1035 419 1294 466 postmodum
1327 418 1468 471 [iuxta-

152 474 265 522 ponit
305 487 429 523 opera
468 475 682 512 duodecim
722 475 886 524 spiritus
920 488 1010 512 cum
1045 475 1274 525 spirituales
1308 476 1469 513 racione

150 532 276 568 fulciti
309 545 433 581 opera
465 532 648 581 preciosa
681 533 835 570 avidius
868 535 1161 583 amplexantur.

117 592 132 624 5
209 590 389 627 Primum
443 600 577 628 autem
629 604 797 639 operum
853 592 1075 629 carnalium
1131 602 1187 629 est
1230 593 1469 642 fornicarii»,

149 649 257 696 quod
303 661 393 685 cum
439 649 489 685 sit
533 649 732 696 sensibile,
779 659 835 687 est
880 651 1029 687 noticie
1077 651 1250 688 carnalis
1296 650 1470 687 hominis

149 706 419 743 manifestum.
454 709 522 744 Est
555 716 689 744 autem
713 708 934 745 fornicacio
967 709 1234 757 corporaliter
1267 709 1470 746 intellecta

148 774 359 812 peccatum
403 766 564 802 carnale
597 765 700 803 inter
733 767 908 804 solutum
944 776 980 803 et
1014 768 1202 804 solutam.
1238 769 1466 804 Secundum

147 835 249 870 opus
273 822 404 860 carnis
429 832 486 860 est
509 824 741 861 i'nmnndzcia
773 834 915 862 contra
939 834 1056 862 natut
1061 838 1124 862 am
1149 826 1208 862 iel
1231 838 1470 874 quecunque

51 860 132 948 ¹1⁰¹„
148 880 379 918 1n01dlnata
412 882 605 929 pollucis).
628 883 817 920 Tercium
852 896 953 932 opus
982 882 986 934 Ι
1017 883 1147 920 cainis
1182 893 1238 920 cst
1262 884 1468 933 impudicit

52 926 75 938 ⁸
147 938 186 974 in
226 948 337 976 tactu
377 948 414 976 et
452 940 613 977 osculis.
660 943 858 987 Quaitum
900 954 1001 990 opus
1041 941 1173 978 carnis
1215 951 1270 978 cst
1305 942 1467 978 imm-iz

146 997 387 1044 geneialiter
427 998 502 1035 ista
545 1011 729 1047 sequens.
771 1000 988 1045 Quodlibet
1030 999 1134 1036 enim
1177 1000 1296 1036 trium
1334 1012 1467 1048 picce-

147 1055 331 1092 dencium
373 1056 475 1093 sicut
516 1058 641 1093 multa
679 1057 827 1094 similia
872 1066 1039 1106 possunt
1078 1057 1156 1094 dici
1196 1058 1364 1095 luxuria.
1414 1060 1466 1094 Ex

146 1113 232 1150 istis
264 1122 398 1150 autem
433 1115 606 1163 pullulat
629 1116 840 1167 ydolatria
877 1118 934 1163 (ut
968 1125 1078 1164 patet
1112 1118 1386 1164 111.ch.Xl⁰
1421 1118 1468 1152 dc

93 1176 129 1208 15
147 1172 382 1218 Salomone)
435 1182 472 1209 et
525 1173 616 1210 ideo
659 1174 882 1226 ydolorum
927 1175 1094 1211 servitus
1137 1174 1371 1211 nominatur
1419 1176 1468 1211 ab

147 1231 357 1278 Apostolo.
393 1231 587 1276 Quintum
621 1244 722 1280 opus
755 1231 886 1269 carnis
919 1241 957 1269 et
989 1242 1140 1270 sextum
1176 1242 1266 1269 sunt
1291 1233 1468 1283 veneficia

146 1301 223 1336 que
251 1297 343 1325 sunt
366 1289 585 1337 sortilegia,
610 1302 686 1339 que
716 1290 816 1327 fiunt
847 1291 1120 1327 communiter
1143 1293 1191 1328 ad
1217 1293 1466 1340 querendum

146 1347 341 1383 honorem
376 1347 651 1394 libidinosum,
692 1357 729 1384 et
771 1361 860 1385 cum
895 1362 1014 1386 omne
1051 1349 1202 1387 animal
1238 1350 1465 1398 prolilicuin

145 1413 329 1453 tempore
373 1405 502 1442 coitus
547 1406 597 1442 sit
641 1406 877 1443 bellicosum
916 1411 974 1453 (ut
1019 1407 1158 1444 dicunt
1204 1408 1467 1457 philosophi),

87 1479 129 1500 20
145 1472 255 1511 patet
280 1465 389 1512 quod
422 1476 466 1501 ex
499 1464 691 1513 predictis
724 1465 888 1501 luxuriis
921 1474 1082 1515 oportet
1114 1467 1329 1514 septimum
1366 1479 1467 1514 opus

145 1521 275 1558 carnis
314 1521 467 1559 scilicet
512 1523 735 1560 inimicicias
780 1523 924 1560 exoriri
964 1527 1021 1569 (ut
1061 1533 1171 1572 patet
1211 1527 1259 1561 de
1300 1525 1465 1561 historia

143 1581 188 1617 II.
223 1582 315 1628 Reg.
349 1581 457 1617 X1110
491 1581 540 1617 de
562 1581 742 1618 Absolon
776 1591 916 1619 contra
938 1583 1099 1628 Amon).
1134 1584 1330 1620 Octavum
1365 1597 1466 1631 opus

145 1637 277 1674 carnis
311 1640 536 1686 procedens
569 1652 591 1676 a
615 1639 818 1688 prioribus
852 1649 943 1677 sunt
976 1641 1240 1678 contenciones
1273 1641 1310 1677 in
1336 1642 1465 1678 verbis

143 1697 394 1743 clamorosis,
435 1710 516 1734 non
555 1699 685 1734 solum
719 1698 759 1735 in
792 1698 886 1735 viris
918 1700 985 1735 sed
1021 1699 1192 1745 feminis,
1227 1712 1299 1736 nec
1333 1700 1463 1736 solum

87 1760 126 1792 25
143 1754 250 1791 circa
283 1755 481 1792 luxuriam
513 1757 583 1792 sed
616 1756 723 1793 circa
756 1758 861 1794 bona
886 1757 1044 1793 fortune
1079 1766 1115 1793 et
1146 1758 1293 1795 famam
1321 1758 1465 1806 quibus

141 1812 298 1850 luxuria
331 1822 388 1850 est
420 1814 585 1851 nutrita.
619 1817 780 1851 Nonum
806 1827 907 1864 opus
937 1815 1068 1852 carnis
1093 1825 1185 1852 sunt
1209 1817 1466 1853 emulaciones

142 1870 181 1907 in
220 1871 351 1908 verbis
391 1871 607 1920 pungitivis
648 1875 697 1910 ab
737 1872 887 1910 invidia
926 1875 1205 1922 procedentes.
1253 1875 1461 1911 Decimum

141 1942 242 1978 opus
277 1929 409 1966 carnis
442 1939 500 1967 est
532 1931 591 1966 ira
615 1944 736 1980 quam
770 1944 933 1969 necesse
967 1941 1024 1968 est
1060 1944 1103 1969 ex
1136 1933 1339 1981 prioribus
1372 1946 1464 1982 sepe

141 1989 374 2036 procedere,
421 2001 511 2025 cum
562 1998 645 2026 tam
694 2002 737 2026 ex
782 1990 897 2027 factis
942 2003 1062 2039 quam
1102 1991 1232 2027 verbis
1273 1991 1464 2040 predictis

86 2045 330 2085 3oirascitur
362 2048 485 2084 homo
516 2047 584 2096 qui
616 2060 657 2084 se
690 2057 851 2096 reputat
884 2048 1143 2097 vilipensum3
1179 2058 1216 2086 et
1250 2049 1463 2087 manifesta

141 2104 255 2152 signa
293 2104 385 2141 talis
424 2104 635 2142 iracundie
673 2116 871 2156 apparent
911 2107 1046 2143 statim
1090 2107 1128 2143 in
1168 2107 1282 2145 facie.
1331 2109 1462 2145 Unde-

142 2162 291 2199 cimum
325 2175 426 2211 opus
460 2163 591 2200 carnis
623 2173 715 2201 sunt
739 2165 827 2202 rixe
849 2178 925 2214 que
956 2174 1048 2202 sunt
1072 2165 1301 2203 inordinate
1335 2166 1463 2214 appli-

141 2220 326 2257 caciones
365 2221 457 2258 irati
497 2221 537 2258 in
574 2222 705 2259 verbis
751 2224 813 2260 vel
852 2223 1106 2261 sermonibus
1152 2224 1462 2273 preparantibus

140 2280 190 2315 ad
214 2278 447 2316 vindictam.
479 2280 775 2318 Duodecimum
799 2294 900 2330 opus
925 2281 1056 2319 carnis
1080 2291 1171 2319 sunt
1195 2283 1463 2328 dissensiones,

83 2345 122 2377 35
140 2337 333 2385 quoniam
373 2337 571 2387 incipiunt
610 2339 696 2375 fieri
737 2349 871 2388 partes
911 2341 961 2376 ad
1002 2349 1229 2388 pretcnsam
1272 2340 1459 2377 iniuriam

140 2395 348 2443 reciproce
383 2396 687 2434 vindicandum.
733 2398 944 2434 Decimum
985 2398 1154 2435 tercium
1196 2412 1298 2447 opus
1332 2399 1462 2436 carnis

141 2462 233 2489 sunt
272 2463 392 2499 secte,
434 2454 537 2491 sicut
574 2464 709 2503 partes
749 2468 792 2492 ex
826 2456 1029 2504 prioribus
1062 2457 1238 2505 peccatis
1272 2466 1363 2494 sunt
1398 2459 1461 2493 lir-

142 2520 261 2548 mate.
303 2514 351 2548 Et
390 2512 548 2549 videtur
586 2513 685 2550 mihi
725 2515 832 2562 quod
873 2527 1015 2551 omnes
1055 2514 1268 2562 religiones
1308 2515 1461 2563 private

140 2569 301 2618 sapiunt
351 2572 657 2619 quodammodo
711 2573 809 2608 tales
860 2581 1008 2615 sectas;
1063 2574 1167 2609 unde
1223 2573 1260 2609 in
1307 2573 1461 2610 actibus

79 2643 124 2674 40
140 2629 419 2676 apostolorum
477 2639 673 2666 vocantur
723 2640 829 2667 secte
880 2630 1022 2679 religio
1081 2631 1359 2679 phariseorum
1424 2641 1461 2668 et

141 2685 468 2724 christianorum.
503 2689 603 2725 Cum
628 2687 668 2725 in
691 2689 881 2725 omnibus
905 2688 1053 2725 talibus
1077 2689 1194 2726 sectis
1219 2690 1261 2726 fit
1285 2691 1457 2738 quedam

141 2744 283 2781 divisio
323 2745 361 2781 in
402 2746 714 2783 conversacione
753 2747 916 2784 humani
957 2747 1133 2795 generis;
1175 2748 1266 2785 ideo
1300 2757 1459 2796 oportet

211 2883 227 2914 5
258 2890 289 2914 et
316 2893 415 2927 seqq.
444 2884 521 2916 Gal.
541 2884 583 2924 V,
615 2895 666 2928 19,
695 2896 747 2917 20.

1686 254 1754 299 215

1497 596 1563 624 'llic
1586 603 1747 625 scit-utun

1514 633 1615 660 wurlxs
1636 638 1665 660 υἱ
1689 635 1736 660 llic

1583 668 1676 701 Ursini
