1944 3323
184 246 322 276 samio
343 234 441 292 vm]
671 245 845 277 TERTlA
878 244 1000 275 PARS.
1740 231 1786 267 55

195 356 279 391 Vidi
315 356 416 391 celos
453 366 582 390 novos.
629 353 693 388 Sic
735 364 827 399 crgo
868 350 1125 399 plicabuntur
1165 349 1203 385 in
1249 357 1396 385 statum
1443 348 1499 384 in-

188 412 445 450 mortalitatis
485 419 689 460 perpetue,
731 411 798 446 sed
840 408 1029 446 eternitas
1068 417 1136 444 tua
1176 416 1233 443 est
1276 405 1499 450 inmobilis3

186 471 276 508 ideo
300 471 340 507 in
363 472 447 507 Deo
470 478 561 507 sunt
584 468 690 505 idem
715 480 842 505 annus
876 468 971 511 dies,
1007 475 1043 503 et
1077 465 1228 502 instans
1262 463 1498 504 eternitatis.

187 539 223 566 et
254 538 364 578 patet
398 527 637 566 excellencia
661 526 807 563 Christi
843 538 964 573 supra
997 524 1095 561 alias
1130 532 1346 560 creaturas.
1382 525 1499 559 Istam

153 592 319 624 §autem
355 586 566 635 epistolam
607 594 643 621 et
685 584 767 621 eius
809 583 1058 632 evangelium
1109 583 1148 618 In
1183 581 1377 631 principio
1417 589 1501 617 erat

189 646 344 682 verbum
390 657 471 681 non
516 642 673 691 expedit
719 642 831 678 laicis
876 640 1175 690 particulariter
1214 651 1392 675 reserare
1433 640 1499 675 sed

186 703 318 740 dicere
350 702 426 739 illis
460 702 499 738 in
534 701 777 748 compendio
801 702 909 748 quod
942 709 1158 747 utrumque
1192 697 1358 734 istorum
1386 710 1501 733 evan-

186 761 383 810 geliorum
429 759 570 797 diffuse
615 759 794 795 declarat
838 767 880 794 ut
920 758 1039 794 fidem
1082 757 1190 805 quod
1232 755 1414 792 Christus
1454 754 1502 791 sit

187 820 416 856 eternaliter
459 830 574 855 verus
614 819 719 853 Deus
764 825 801 853 et
841 817 948 864 quod
989 816 1128 852 eadem
1170 826 1343 862 persona
1383 813 1503 849 fiebat

132 894 170 915 10
187 890 230 914 ex
274 887 456 926 tempore
502 888 544 912 ex
590 877 706 912 beata
747 874 898 923 virgine
943 886 1056 910 verus
1104 874 1239 922 homo,
1284 873 1351 907 sed
1398 871 1541 908 circa·

187 936 304 973 istam
348 935 559 984 epistolam
611 933 796 970 dubitant
844 942 880 969 et
929 931 1085 968 variant
1136 930 1249 967 multi
1301 929 1503 966 scolastici
1534 934 1772 972 bonbtsmised

187 1004 319 1030 utrum
346 993 493 1030 Christi
524 991 754 1028 humanitas
787 990 837 1028 sit
870 990 975 1026 idem
1007 991 1112 1026 Deus
1146 988 1212 1037 qui
1247 996 1303 1024 est
1325 987 1504 1024 Trinitas
1563 977 1749 1030 C⁰(¹;¹1f.²s5¹2{3‡'³⁴

186 1061 223 1089 et
256 1062 390 1088 utrum
424 1052 509 1100 ipsa
543 1050 772 1087 humanitas
804 1049 853 1085 sit
886 1057 928 1084 ut
953 1047 1134 1084 Christus
1158 1046 1359 1083 infinitum
1385 1047 1502 1091 bona,
1569 1037 1740 1073 humanity.

186 1110 287 1147 sicut
311 1110 468 1147 videtur
491 1108 705 1157 epistolam
730 1107 848 1144 istam
872 1107 1051 1144 innuere.
1087 1108 1135 1141 Et
1165 1105 1357 1141 musitant
1388 1103 1503 1140 multi

134 1168 371 1206 &infatuati
407 1167 589 1204 moderni
623 1167 831 1215 quomodo
864 1165 939 1202 ista
979 1163 1207 1200 humanitas
1248 1163 1350 1199 foret
1384 1164 1503 1207 Deus,

186 1226 260 1263 nisi
298 1227 400 1263 foret
431 1225 607 1262 Trinitas
646 1234 683 1261 et
720 1224 807 1273 ipsa
846 1222 1032 1260 divinitas
1071 1232 1108 1258 et
1148 1234 1218 1270 per
1257 1233 1505 1269 consequens

188 1284 389 1321 inlinitum
409 1286 515 1321 bona
532 1293 575 1320 ut
592 1285 709 1329 Deus,
734 1284 802 1319 sed
825 1282 961 1318 fideles
985 1280 1167 1317 derident
1182 1280 1301 1316 istum
1328 1291 1504 1315 errorem

189 1352 226 1379 et
258 1342 354 1379 istas
387 1342 569 1391 argucias
602 1341 876 1390 sophistarum
908 1341 1174 1376 concedentes
1199 1351 1289 1374 cum
1314 1338 1505 1374 Anselmo

189 1401 228 1438 in
262 1403 318 1438 De
352 1401 640 1438 Incarnacione
673 1401 794 1448 quod,
835 1398 937 1435 sicut
976 1411 1055 1434 una
1094 1406 1239 1434 natura
1280 1396 1414 1432 divina
1449 1404 1505 1432 est

133 1475 173 1495 20
190 1460 312 1496 multe
332 1472 514 1508 persone,
539 1459 594 1495 sic
619 1458 751 1494 media
774 1469 947 1506 persona
968 1455 1101 1492 divina
1125 1464 1181 1492 est
1202 1455 1326 1490 multe
1348 1463 1504 1498 nature,

188 1517 281 1566 quia
314 1518 592 1566 temporaliter
625 1515 855 1552 humanitas
890 1524 926 1551 et
960 1513 1190 1550 eternaliter
1224 1512 1423 1549 divinitas.
1459 1513 1507 1547 Et

188 1585 244 1612 est
268 1576 418 1624 paritas
442 1575 660 1612 solucionis
685 1573 900 1622 utrobique
919 1574 1053 1622 quoad
1078 1571 1328 1620 silogismum
1353 1569 1506 1618 exposi-

187 1634 336 1670 torium
371 1644 407 1670 et
440 1634 539 1671 alios
573 1632 881 1682 paralogismos.
927 1633 975 1667 Et
1010 1631 1063 1667 ita
1095 1639 1263 1678 negatur
1296 1638 1504 1677 tamquam

187 1692 435 1740 impossibile
459 1694 567 1741 quod
601 1690 830 1728 humanitas
856 1689 1003 1727 Christi
1037 1689 1085 1725 sit
1119 1687 1318 1732 divinitas,
1343 1686 1435 1723 licet
1457 1686 1507 1722 sit

131 1755 169 1786 25
187 1750 453 1798 personaliter
476 1751 559 1799 ipse
585 1753 710 1795 Deus3
745 1761 816 1785 nec
851 1757 908 1784 est
940 1748 1026 1795 ipsa
1051 1745 1280 1783 humanitas
1304 1745 1504 1781 infinitum
1530 1747 1649 1787 ¹which
1671 1747 1695 1774 i>
1717 1752 1769 1774 not

186 1809 304 1851 bona,
338 1808 430 1846 licet
462 1809 512 1845 sit
545 1809 667 1845 homo
702 1807 769 1856 qui
804 1816 860 1843 est
893 1805 1094 1843 infinitum
1129 1806 1251 1841 homo
1285 1806 1403 1847 Deus,
1438 1804 1506 1839 sed
1529 1783 1676 1817 “mmmm
1697 1782 1788 1817 3⁰⁰oe

187 1866 289 1903 sicut
327 1866 393 1904 ille
432 1868 554 1904 horno
596 1875 652 1903 est
694 1865 836 1902 melior
870 1866 992 1901 homo
1026 1876 1146 1912 quam
1188 1862 1302 1907 alius,
1343 1861 1397 1898 sic
1437 1874 1507 1897 sua

189 1925 418 1962 humanitas
441 1935 498 1961 est
524 1925 666 1962 melior
691 1937 811 1973 quam
836 1923 991 1972 reliqua
1015 1931 1212 1959 creatura.
1242 1923 1323 1957 Nec
1347 1928 1507 1968 oportet

189 1983 501 2032 proporcionem
537 1983 782 2020 racionalem
819 1990 1014 2030 expetere,
1039 1980 1140 2017 sicut
1169 1992 1241 2016 nec
1272 1977 1507 2027 proporcio-

131 2046 172 2078 30
188 2054 279 2078 nem
314 2041 485 2079 aliarum
519 2041 745 2090 graciarum
781 2040 991 2077 hominum
1027 2048 1063 2075 et
1096 2037 1229 2087 gracie
1263 2035 1436 2073 unionis.

681 2176 875 2217 SERMO
909 2176 1016 2216 VIII.

253 2274 407 2322 Quanto
447 2282 619 2323 tempore
657 2273 769 2309 heres
804 2272 997 2321 parvulus
1035 2278 1104 2315 est,
1150 2270 1267 2305 nichil
1311 2269 1440 2318 dg‘ffert
1484 2281 1505 2303 α

188 2346 315 2378 serm),
348 2345 432 2369 cum
466 2333 514 2369 sit
546 2332 722 2367 dominus
755 2330 921 2366 omnium
957 2329 1043 2365 Gal.
1080 2330 1162 2373 IVO,
1195 2341 1225 2363 1.

249 2393 289 2427 In
322 2390 397 2427 ista
431 2390 600 2439 epistola
632 2389 809 2426 declarat
832 2388 1050 2436 Apostolus
1083 2386 1308 2422 libertatem
1344 2383 1507 2421 ecclesie
1528 2386 1595 2414 Tm-
1618 2389 1739 2428 1³²¹,1‘2111c1
1762 2391 1792 2413 0¹

135 2454 173 2486 ‘55
190 2448 229 2485 in
246 2450 421 2498 quadam
445 2447 719 2493 similitudine,
744 2460 790 2483 eo
816 2447 923 2495 quod
946 2445 1115 2482 liberata
1139 2453 1196 2480 est
1219 2456 1289 2492 per
1305 2442 1508 2480 Christum
1552 2423 1777 2484 xi¹j¹1⁹flffii¹2¹¹1¹ffi¹5¹¹2

191 2509 240 2544 ab
279 2506 540 2544 observancia
579 2505 767 2554 legalium
809 2514 846 2542 et
888 2514 929 2540 ut
963 2505 1076 2540 heres
1116 2503 1155 2539 in
1195 2511 1299 2538 etate
1339 2500 1509 2549 pleniori

263 2640 282 2658 1.
306 2631 344 2658 F:
367 2630 469 2665 igitur.
560 2638 589 2662 4.
610 2628 650 2656 F:
674 2636 775 2663 super.
869 2635 895 2662 7.
917 2627 961 2654 A:
983 2631 1155 2660 utramque.
1249 2633 1281 2652 11.
1304 2625 1346 2651 A:
1371 2623 1510 2656 xvi-iwani:

193 2667 231 2694 ib.
254 2667 281 2694 A
302 2666 332 2693 in
354 2672 466 2699 marg-z
490 2664 635 2691 Dubium.
730 2670 768 2690 12.
789 2663 834 2689 A:
857 2670 917 2697 qua
937 2666 991 2688 est.
1085 2662 1126 2687 16,
1147 2660 1186 2687 F:
1208 2659 1314 2686 deitas.
1401 2658 1443 2686 23.
1465 2658 1508 2684 A:

194 2701 416 2737 perlogistuos;
438 2699 477 2727 F:
500 2698 718 2734 perlogismos.
793 2705 837 2733 27.
859 2698 904 2724 A:
926 2695 1035 2723 melior
1055 2695 1145 2728 hom3
1176 2694 1217 2721 ib.
1240 2693 1279 2721 F:
1303 2702 1394 2729 quam
1417 2694 1510 2720 deest.

271 2795 296 2817 1.
315 2784 484 2824 Vulgate:
512 2783 558 2814 Et
583 2782 657 2814 vidi
683 2783 794 2814 celum
824 2790 963 2813 novum.
1091 2788 1139 2821 ¹9·
1166 2777 1218 2810 Cf.
1246 2777 1296 2809 De
1325 2775 1511 2808 Benedicta

195 2829 452 2870 Incarnacione,
472 2839 550 2872 pag.
566 2839 639 2870 ¹44-
661 2828 818 2860 Anselm.
838 2828 887 2858 De
905 2827 1036 2859 Incarn.
1054 2825 1171 2856 Verbi.
1191 2825 1228 2862 II,
1255 2822 1310 2855 88.
1385 2822 1439 2854 32.
1459 2822 1510 2855 Cf.

198 2877 357 2921 Wyclif's
385 2876 566 2916 Sermons,
593 2875 649 2907 ed.
676 2874 721 2918 by
749 2873 893 2913 Arnold,
921 2873 960 2913 11,
986 2882 1064 2915 pag.
1094 2870 1288 2910 238-240.
