1944 3323
169 259 304 287 SERMO
326 246 434 304 xm]
652 258 826 289 TERTIA
856 256 981 288 PARS.

165 370 271 419 quod
314 381 394 404 non
428 368 620 404 debemus
659 365 777 402 alicui
823 372 1008 400 creature
1042 362 1098 399 sic
1130 361 1295 398 obedire
1328 369 1369 397 ut
1403 362 1487 396 Deo

166 426 323 476 spiritui
357 426 553 462 faciamus
586 423 806 462 contrarie:
841 435 933 459 nam
970 423 1045 458 hoc
1070 420 1253 457 faciendo
1286 419 1487 456 occideret

168 488 289 522 homo
325 483 509 533 spiritum
546 482 771 531 proprium,
808 494 897 517 cum
933 480 1007 516 sibi
1042 479 1246 527 obligatur
1280 478 1318 515 in
1352 476 1488 514 debito

167 542 327 580 maiori.

133 605 148 636 5
225 604 273 638 Et
312 601 351 637 in
390 611 526 637 errore
570 597 733 636 confinii
779 596 1000 634 solucionis
1040 595 1165 633 debiti
1211 594 1319 633 carni
1368 603 1490 643 atque

167 659 325 709 spiritui
350 658 532 695 consistit
558 670 747 705 magnum
774 656 1013 705 periculum,
1031 654 1134 691 sicut
1158 663 1195 691 et
1221 654 1261 690 in
1283 653 1491 691 solucione

169 718 292 755 debiti
323 716 489 754 domino
522 715 738 765 temporali
773 713 1186 763 proporcionabiliter
1220 714 1268 750 ad
1305 714 1377 749 hec
1399 711 1490 748 tria.

169 778 262 813 Ideo
303 775 400 812 dicit
440 783 589 821 textus3
635 774 677 810 Si
715 775 811 809 enim
851 773 1059 809 secundum
1099 784 1255 808 carnem
1301 770 1492 813 vixeritis,

169 834 396 880 moriemini,
428 834 462 870 si
492 841 618 869 autem
657 832 796 882 spiritu
824 832 944 881 facta
984 830 1112 867 carnis
1152 828 1494 880 71107·tg‘ficavet·1'ti5‚

116 894 314 930 mvivetis.
349 894 398 929 Et
430 892 612 940 loquitur
643 891 863 939 Apostolus
896 889 935 925 in
968 888 1253 938 proposicione
1287 887 1412 937 priori
1447 887 1495 923 de

169 952 250 989 vita
279 964 469 1000 suprema
500 950 540 987 in
564 949 740 995 homine,
773 961 861 985 cum
888 948 1103 995 analogum
1130 960 1200 996 per
1222 959 1263 983 se
1286 954 1493 995 sumptum

170 1012 287 1048 debet
322 1009 425 1046 sumi
464 1021 538 1058 pro
577 1007 807 1053 famosiori3
848 1015 884 1043 et
919 1007 1283 1054 correspondentes
1315 1004 1495 1053 loquitur

170 1071 219 1106 de
258 1077 389 1105 morte
430 1066 644 1116 spirituali,
686 1079 775 1103 cum
819 1063 974 1101 medius
1014 1064 1082 1114 qui
1122 1073 1180 1101 est
1225 1063 1361 1101 anima
1400 1062 1495 1099 vivit

171 1140 215 1165 ex
249 1130 332 1164 Deo
373 1139 444 1175 per
483 1125 674 1176 graciam,
713 1124 814 1160 sicut
855 1122 950 1160 vivit
990 1135 1138 1171 corpus
1172 1135 1215 1159 ex
1249 1122 1325 1159 isto
1361 1121 1494 1158 medio

118 1185 315 1236 15spiritu
349 1197 419 1234 per
451 1193 653 1221 naturam.

231 1247 279 1281 Et
321 1252 432 1293 patet
471 1242 679 1292 quomodo
713 1239 867 1277 domini
907 1239 1154 1288 temporales
1188 1248 1225 1276 et
1257 1238 1401 1288 prelati
1435 1249 1496 1275 ec-

174 1302 293 1340 clesie
326 1315 407 1339 non
431 1302 577 1338 debent
599 1301 648 1337 ab
683 1299 848 1336 homine
873 1298 1066 1347 quicquid
1100 1297 1253 1345 exigere
1287 1297 1364 1334 nisi
1389 1297 1496 1346 quod

173 1363 290 1398 debet
323 1361 545 1397 secundum
570 1361 698 1395 Deum
731 1357 809 1395 vite
842 1356 1006 1406 spiritus
1039 1356 1266 1403 convenire,
1301 1355 1357 1393 sic
1389 1355 1498 1393 vide-

173 1420 278 1466 licet,
303 1420 412 1468 quod
436 1416 629 1468 quicquid
655 1417 757 1453 foret
781 1428 1004 1463 congruum
1035 1414 1194 1464 spiritui
1223 1414 1498 1451 subiectorum

118 1491 159 1512 20
173 1488 216 1515 ut
250 1481 334 1515 Deo
368 1478 456 1526 plus
495 1477 652 1525 placeat
693 1484 730 1512 et
763 1474 889 1522 magis
922 1473 1099 1519 obediat,
1134 1474 1280 1510 debent
1313 1472 1377 1510 isti
1410 1485 1500 1521 pre-

175 1536 296 1586 positi
330 1535 534 1585 requirere
567 1547 589 1571 a
623 1533 825 1570 subiectis.
869 1534 970 1570 Cum
1006 1545 1099 1580 ergo
1133 1531 1291 1580 spiritui
1325 1530 1500 1568 hominis

176 1609 197 1633 a
231 1598 315 1632 Deo
350 1593 568 1631 commissa
600 1592 650 1629 sit
683 1591 820 1640 regula
853 1603 922 1628 sue
956 1590 1101 1636 carnis,
1142 1599 1253 1639 patet
1286 1602 1329 1626 ex
1363 1589 1500 1626 debito

176 1653 273 1702 legis
321 1652 392 1690 Dei
445 1652 652 1701 quomodo
705 1650 841 1687 anima
892 1648 1068 1686 hominis
1120 1650 1302 1697 regulare
1358 1649 1502 1685 debeat

178 1721 322 1749 cuncta
345 1723 470 1760 opera
503 1722 572 1747 sue
605 1709 749 1746 carnis.
785 1710 886 1745 Cum
921 1720 1014 1756 ergo
1047 1706 1186 1744 omnia
1218 1719 1343 1756 opera
1365 1706 1502 1743 vitalia

121 1773 161 1805 25
179 1770 309 1808 carnis
344 1769 518 1807 hominis
552 1769 779 1817 procedunt
811 1767 861 1803 ab
894 1766 1042 1812 anima,
1076 1774 1171 1803 tunc
1205 1765 1503 1802 mortificantur

179 1829 266 1878 ipsa
306 1828 522 1864 intrinsece
563 1835 780 1875 antequam
814 1824 952 1873 genita
985 1824 1065 1861 sint
1098 1825 1147 1861 ad
1182 1833 1303 1870 extra,
1339 1824 1502 1873 quando

180 1887 290 1924 racio
329 1895 442 1923 actus
480 1885 571 1922 illos
611 1886 662 1922 ad
701 1883 807 1920 intus
852 1882 1009 1932 genitos
1050 1882 1106 1919 sic
1146 1882 1353 1931 extinguit,
1395 1883 1502 1931 quod

179 1959 261 1983 non
300 1945 524 1994 procedant
564 1943 603 1980 in
642 1955 743 1991 opus
784 1942 1065 1979 extrinsecum.
1112 1942 1218 1978 Mala
1259 1950 1393 1978 autem
1427 1952 1504 1989 que

182 2013 314 2041 mente
357 2002 611 2051 concipimus
650 2000 790 2050 apcius
832 2000 1144 2046 mortificantur,
1185 2012 1234 2036 ne
1280 2000 1505 2048 procedant

124 2063 221 2099 3oin
267 2074 367 2110 opus
413 2060 696 2106 extrinsecum,
746 2059 1042 2096 considerando
1083 2059 1130 2094 de
1175 2057 1381 2095 soliditate
1424 2057 1504 2094 vite

180 2130 293 2170 petre
338 2119 494 2156 iusticie
538 2118 646 2156 iuxta
690 2117 789 2154 illud
823 2116 972 2154 Psalmi
1005 2117 1233 2162 CXXXVIO,
1270 2129 1313 2164 9:
1361 2116 1506 2152 Beatus

181 2179 244 2228 qui
276 2178 413 2215 tenebit
445 2185 479 2213 et
511 2177 645 2214 allidet
673 2177 865 2226 parvulos
897 2187 985 2211 suos
1017 2176 1068 2211 ad
1094 2183 1263 2224 petram.

240 2239 289 2273 Et
333 2244 444 2285 patet
483 2236 591 2284 quod
645 2235 743 2271 utile
795 2243 853 2271 est
899 2232 1053 2270 homini
1099 2234 1294 2270 adherere
1342 2231 1504 2269 Christo

185 2294 436 2343 cogitacione
469 2302 506 2330 et
531 2293 766 2339 dileccione‚
801 2292 895 2341 quia
928 2304 1000 2340 per
1033 2292 1109 2328 hoc
1141 2300 1255 2328 actus
1289 2289 1422 2327 anime
1455 2291 1504 2326 ab

127 2353 270 2402 nfiipsa
308 2352 433 2401 geniti
470 2361 678 2401 tamquam
720 2350 877 2399 parvuli
916 2349 957 2386 in
996 2361 1091 2386 casu
1132 2362 1212 2398 quo
1258 2348 1336 2385 sint
1375 2347 1504 2384 illiciti

185 2411 418 2448 mortificati
459 2419 564 2457 sunt,
604 2412 698 2447 dum
741 2410 791 2446 ad
830 2409 942 2445 illum
982 2408 1159 2456 lapidem
1192 2406 1427 2452 alliduntur,
1469 2415 1507 2443 et

184 2470 222 2506 in
256 2482 351 2506 casu
375 2481 455 2518 quo
488 2468 566 2505 sint
589 2468 684 2506 boni
718 2480 789 2517 per
812 2466 1063 2504 acuicionem
1099 2467 1149 2502 ad
1182 2465 1295 2502 illum
1328 2464 1506 2513 lapidem

184 2528 223 2564 in
256 2541 358 2576 opus
393 2527 662 2564 extrinsecum
696 2525 915 2564 virtuosius
949 2525 1244 2573 producuntur.
1281 2524 1374 2560 Ideo
1410 2522 1507 2559 dicit

186 2585 418 2623 psalmista:
453 2586 553 2621 Mihi
583 2593 709 2622 autern
740 2585 934 2621 adherere
956 2584 1040 2619 Deo
1072 2584 1210 2619 bonum
1244 2589 1309 2618 est.
1344 2583 1393 2618 Et
1417 2594 1507 2618 curn

124 2658 168 2688 40
185 2654 315 2681 totum
357 2643 529 2692 capitale
570 2643 748 2692 regimen
787 2651 866 2680 stat
904 2641 944 2678 in
983 2641 1116 2690 primo
1156 2640 1314 2690 spiritu,
1348 2652 1510 2676 necesse

256 2786 284 2808 Ο.
304 2778 399 2806 Cod.:
422 2777 583 2806 mortifico.
665 2777 702 2805 15.
725 2782 886 2811 namrann
909 2776 996 2804 cod.:
1018 2758 1080 2803 nciim
1155 2774 1198 2803 23.
1220 2775 1316 2802 Cod.:
1339 2775 1441 2810 regula
1462 2774 1508 2801 de.

187 2821 231 2850 27.
254 2811 350 2842 cm:
378 2813 447 2841 iilis.
520 2812 567 2841 30.
590 2812 762 2845 solidita103
790 2813 876 2839 c‹›d.:
905 2812 997 2839 solite.

260 2898 293 2930 8.
323 2899 426 2930 Rom.
449 2898 534 2938 VIll,
568 2898 616 2930 13.
716 2896 767 2940 39.
797 2897 923 2928 psalm.
952 2896 1087 2935 LXXII,
1117 2894 1171 2927 28.

1331 2953 1370 2984 23

1698 242 1773 278 353

1542 598 1696 633 iniliculty
1716 601 1747 624 01

1531 632 1688 665 adjusting
1708 633 1757 659 the

1515 669 1625 695 claims
1646 672 1674 694 oi
1698 667 1772 694 flesti

1554 704 1612 730 and
1638 703 1735 738 spirit.

1552 1238 1660 1267 Rulers
1681 1246 1752 1275 may

1518 1274 1639 1310 require
1660 1275 1790 1309 nothing

1512 1310 1576 1337 that
1598 1310 1623 1336 is
1644 1314 1788 1345 contrary

1540 1350 1570 1372 10
1591 1345 1640 1372 the
1662 1345 1712 1372 life
1732 1346 1767 1371 ot'

1566 1381 1616 1407 the
1637 1380 1736 1415 spirit.

1560 2235 1586 2262 It
1605 2242 1651 2261 we
1671 2234 1760 2262 dwell

1526 2270 1599 2297 with
1622 2270 1726 2297 Christ
1747 2269 1797 2296 the

1556 2305 1621 2332 sou!
1644 2305 1704 2332 will
1727 2305 1762 2331 be

1547 2340 1657 2375 helped
1679 2344 1710 2366 to
1731 2339 1770 2366 do

1598 2375 1719 2410 rightly.
