1944 3323
113 226 186 262 160

125 464 215 491 Since
236 463 354 498 charity

106 500 210 533 begins
229 503 258 525 at
277 499 377 530 home,

140 535 187 561 the
209 534 339 568 prelatos

184 570 294 597 should

106 605 369 632 excommunicate

107 640 290 666 themselves
303 640 376 667 first.

108 1624 240 1650 Prolatos
261 1628 374 1650 cannot

143 1660 188 1685 tell
212 1659 347 1685 whether

134 1694 213 1720 their
233 1702 354 1720 excom-

142 1728 347 1756 mnnications

141 1764 250 1790 accord
273 1763 346 1790 with

144 1797 241 1824 God's
263 1798 336 1825 will.

686 233 907 265 JOHANle
930 233 1110 265 WYCLIF'
1129 234 1383 267 SERMONUM
1462 221 1613 279 {SERMO
1635 233 1698 261 XX-

394 348 501 375 extra
538 351 781 387 synagogam
822 339 953 384 fieret;
994 351 1065 376 nec
1103 339 1218 376 video
1259 353 1301 377 ex
1334 354 1411 389 qua
1450 341 1528 378 alia
1567 341 1700 378 radice

393 396 467 433 ista
501 396 869 433 excommunicacio
902 396 951 433 sit
985 397 1203 434 fundanda.

452 457 563 500 Item,
598 468 688 491 cum
722 467 802 490 non
827 455 969 490 debent
994 455 1341 492 excommunicare
1370 456 1445 492 nisi
1470 469 1512 493 ex
1535 456 1701 493 caritate

394 516 449 558 (ut
483 525 525 548 ex
566 512 641 548 fide
675 512 737 548 hic
771 512 942 560 capitur)
976 521 1012 549 et
1045 522 1205 561 oportet
1238 515 1345 562 quod
1378 514 1427 550 sit
1461 515 1605 551 caritas
1638 527 1701 550 or-

394 570 529 606 dinata
553 571 775 618 procedens
799 583 819 606 a
844 570 1053 607 caritativo
1078 580 1114 607 et
1130 571 1209 608 suis
1225 572 1454 608 domesticis
1479 574 1528 609 ad
1549 572 1700 609 alienos
1719 578 1734 609 5

394 627 648 673 extrinsecos,
670 627 825 664 videtur
842 630 947 676 quod
973 629 1116 676 prelati
1140 638 1176 665 et
1200 629 1259 665 sui
1284 629 1453 666 ministri
1478 630 1534 666 rei
1558 631 1701 666 debent

394 686 525 734 primo
571 685 919 722 excommunicare
963 698 1003 722 se
1050 686 1156 734 ipsos
1197 696 1234 724 et
1273 697 1563 736 consequenter
1603 687 1702 724 alios

395 743 537 791 quibus
576 744 705 779 minus
745 756 788 780 ex
828 743 995 781 caritate
1036 744 1170 781 debita
1209 745 1450 793 obligantur.
1497 745 1563 782 Sic
1597 745 1701 782 enim

396 801 657 849 impetrantes
681 801 977 838 defamaciones
1001 802 1350 840 excommunicant
1379 803 1510 851 primo
1533 816 1573 840 se
1596 803 1703 851 ipsos

395 859 425 895 si
458 859 535 895 sint
568 859 623 895 rei
657 859 835 896 criminis
868 861 916 896 de
949 872 1028 908 quo
1062 869 1255 909 appetunt
1287 873 1327 897 se
1360 861 1534 909 purgari.
1569 863 1702 906 Quare
1725 877 1761 898 10

396 929 489 964 ergo
522 930 603 953 non
635 916 843 965 increpant
873 917 1052 966 episcopi
1085 917 1204 954 istum
1239 920 1403 955 modum
1438 919 1478 955 in
1510 918 1621 956 laicis
1643 919 1703 955 vel

395 976 608 1011 observant
647 974 776 1023 ipsum
817 975 856 1011 in
894 988 935 1012 se
973 975 1083 1023 ipsis,
1128 976 1160 1012 si
1206 976 1324 1013 fuerit
1363 989 1433 1025 per
1472 989 1512 1013 se
1551 976 1702 1013 iustus?

396 1035 443 1068 Et
483 1032 744 1069 confirmacio
785 1046 930 1081 magna
970 1042 1027 1070 est
1065 1035 1173 1082 quod
1213 1034 1394 1071 Christus
1443 1047 1524 1071 non
1569 1043 1702 1083 posset

396 1091 746 1127 excommunicare
785 1090 884 1127 alios
924 1091 1020 1140 quin
1057 1092 1266 1140 supposito
1307 1105 1378 1129 suo
1416 1101 1530 1129 reatu
1569 1105 1612 1129 ex
1644 1092 1702 1128 in-

394 1148 570 1185 vincibili
602 1148 759 1186 iusticia
793 1149 1255 1186 excommunicacionem
1288 1151 1397 1198 prius
1426 1150 1568 1187 inferat
1592 1150 1632 1186 in
1663 1162 1704 1186 se
1725 1155 1759 1188 15

399 1206 543 1254 ipsum.
578 1207 618 1243 Si
653 1219 746 1255 ergo
780 1220 919 1244 omnes
953 1207 1158 1244 christiani
1192 1209 1336 1245 debent
1365 1208 1476 1257 sequi
1500 1208 1703 1245 Christum

396 1274 589 1313 quantum
629 1264 845 1311 sufficiunt,
880 1278 1003 1314 quare
1040 1265 1183 1314 prelati
1214 1266 1341 1302 nostri
1373 1279 1454 1303 non
1492 1267 1705 1302 observant

396 1324 485 1368 hoc,
526 1335 615 1359 cum
650 1322 918 1360 communiter
957 1323 1034 1359 sint
1072 1332 1154 1360 tam
1189 1323 1271 1360 rei?
1302 1325 1363 1360 vel
1395 1324 1603 1372 supposita
1635 1336 1705 1360 sua

396 1380 631 1417 innocencia
653 1393 734 1417 non
757 1380 921 1417 dubium
946 1381 1041 1430 quin
1065 1383 1170 1418 Deus
1199 1381 1446 1419 condicionis
1475 1381 1703 1418 huiusmodi

397 1440 643 1483 recordatur,
684 1438 740 1474 sic
782 1438 967 1475 videlieet
1012 1441 1120 1487 quod
1164 1439 1309 1476 iniuste
1354 1439 1704 1476 excommunicans
1721 1455 1762 1476 20

397 1496 765 1533 excommunicetur
803 1509 824 1533 a
858 1498 941 1533 Deo
981 1496 1112 1545 primo
1152 1506 1189 1534 et
1221 1497 1497 1546 principaliter
1529 1506 1565 1534 et
1598 1505 1705 1545 post-

398 1555 562 1591 modum
597 1567 619 1590 a
651 1566 691 1590 se
724 1553 824 1602 ipso.

456 1615 566 1657 Item,
600 1624 719 1648 nemo
744 1613 860 1649 debet
885 1611 1116 1649 difformare
1149 1613 1395 1650 voluntatem
1430 1626 1543 1650 suam
1568 1613 1705 1649 volun-

397 1669 469 1706 tati
495 1669 625 1706 divine
659 1671 726 1706 sed
760 1683 996 1718 presumens
1029 1671 1104 1707 hoc
1137 1670 1177 1706 in
1209 1670 1283 1707 sibi
1316 1670 1513 1720 ambiguis
1537 1679 1707 1719 temptat

398 1729 538 1764 Deum.
586 1728 663 1764 Sed
696 1727 862 1776 quilibet
901 1729 1076 1776 prelatus
1117 1729 1291 1765 cesarius
1331 1737 1388 1765 est
1427 1728 1635 1777 ambiguus
1676 1728 1763 1765 si25

399 1788 504 1822 Deus
538 1785 929 1823 excommunicatum
971 1799 1085 1822 suum
1122 1786 1454 1832 excommunicet,
1489 1799 1582 1835 ergo
1616 1799 1704 1823 cum

394 1843 470 1879 ista
502 1843 737 1891 ignorancia
770 1844 845 1880 hoc
878 1843 1111 1880 diffiniendo
1144 1852 1315 1892 temptat
1338 1847 1465 1881 Deum
1498 1853 1705 1893 tamquam

396 1901 593 1937 hereticus
638 1910 675 1937 et
720 1902 990 1949 blasphemus.
1037 1901 1100 1937 Sic
1140 1902 1245 1937 enirn
1280 1903 1418 1938 Petrus
1452 1902 1545 1951 quia
1578 1902 1706 1938 noluit

397 1958 599 1994 Christum
630 1960 856 2006 precedere,
880 1959 982 1996 sicut
1011 1972 1091 1996 non
1121 1968 1261 1996 curant
1294 1960 1706 1996 excommunicatores

396 2015 472 2058 isti,
525 2025 691 2052 vocatus
744 2026 801 2053 est
854 2018 902 2054 ab
955 2017 1042 2065 ipso
1095 2018 1282 2054 sathanas
1335 2023 1391 2063 (ut
1444 2026 1552 2066 patet
1605 2020 1705 2054 Mat-
1723 2022 1765 2053 30

396 2073 476 2109 thei
499 2075 619 2120 XVI‘'‚
656 2075 747 2122 23):
790 2074 903 2121 Vade,
937 2075 1078 2123 inquit,
1107 2083 1196 2125 post
1229 2088 1288 2111 me
1318 2083 1467 2123 satana,
1507 2076 1592 2124 quia
1634 2088 1705 2111 non

395 2132 498 2180 Sapis
530 2144 599 2180 que
622 2132 699 2168 Dei
726 2140 825 2169 sunt.
860 2135 907 2168 Et
940 2132 1032 2169 hinc
1065 2132 1160 2169 dicit
1194 2134 1331 2169 beatus
1363 2135 1502 2169 judas:
1538 2133 1708 2169 Michael

397 2202 468 2225 non
501 2191 665 2226 audebat
697 2191 877 2226 iudicium
910 2191 1143 2240 blasphemie
1174 2191 1322 2238 inferre
1350 2191 1514 2227 diabolo.
1549 2192 1707 2236 Quanta

398 2259 491 2294 ergo
524 2248 781 2295 presumpcio
814 2247 853 2283 in
877 2248 1041 2296 prelatis
1074 2248 1236 2284 cesariis
1259 2248 1404 2285 inferre
1438 2247 1708 2284 excommuni-

398 2304 605 2341 cacionem
638 2305 677 2341 in
712 2305 985 2353 predestinato
1010 2305 1172 2342 Domini
1196 2314 1232 2342 et
1257 2307 1395 2342 electo.
1431 2308 1519 2342 Non
1543 2305 1707 2342 dubium
1726 2309 1765 2342 35

398 2362 494 2410 quin
533 2371 622 2399 sunt
663 2363 807 2400 medici
840 2363 1088 2409 Antichristi‚
1130 2377 1221 2400 cum
1259 2376 1339 2400 non
1378 2372 1533 2400 tanturn
1568 2372 1708 2400 curant

399 2421 446 2456 de
479 2420 612 2457 anima
636 2430 829 2469 quantum
865 2421 1044 2458 medicus
1079 2421 1300 2469 corporalis
1334 2430 1446 2458 curat
1470 2422 1516 2457 de
1540 2433 1709 2469 corpore

400 2477 604 2525 pacientis.

457 2537 511 2570 Ex
550 2535 633 2571 istis
674 2535 837 2573 eliciunt
875 2536 1038 2585 quidam
1080 2536 1267 2573 catholici
1313 2537 1419 2584 quod
1468 2535 1707 2572 christianus

399 2605 478 2629 non
511 2594 627 2629 debet
660 2595 709 2630 ad
743 2594 1205 2630 excommunicacionem
1240 2595 1360 2630 talem
1395 2595 1600 2630 attendere
1632 2593 1705 2630 nisi
1721 2606 1765 2637 40

468 2748 492 2776 3.
514 2750 546 2777 In
568 2758 681 2785 marg:
703 2749 812 2777 Tereia
833 2751 925 2778 racio.
1000 2749 1041 2778 23.
1063 2751 1095 2777 In
1119 2758 1232 2784 marga
1257 2751 1373 2785 Quarta
1394 2751 1486 2777 racio.

469 2843 524 2877 32.
552 2845 661 2876 Judae
688 2855 719 2888 9.
