1944 3323
125 241 205 285 4413
710 247 932 279 JOHANNIS
951 247 1134 279 wvcrir
1154 247 1409 279 SERMONUM
1502 232 1652 290 [SERMO
1672 244 1720 272 ω.

411 366 491 390 non
524 362 657 390 tamen
690 353 846 390 videtur
881 353 1000 390 michi
1035 355 1141 402 quod
1172 355 1291 390 habet
1321 353 1373 389 ibi
1405 353 1717 390 divisibilitatem

412 411 733 459 quantitativum,
779 411 871 460 quia
919 425 998 448 non
1046 413 1165 448 habet
1212 411 1265 447 ibi
1315 412 1625 460 corporeitatem
1673 413 1720 447 de

411 482 554 516 genere
587 469 835 518 quantitatis,
872 470 989 506 habet
1023 478 1157 506 tamen
1190 469 1243 505 ibi
1277 469 1480 506 racionem
1515 469 1720 506 divisibili-

411 527 502 563 tatis
536 527 575 563 in
614 540 704 564 suas
744 536 877 575 partes
911 527 1168 576 qualitativas
1208 537 1243 564 et
1277 527 1549 576 quiditativas‚
1590 537 1626 564 et
1665 527 1720 563 sic

412 598 556 633 corpus
589 585 736 622 Christi
770 594 827 622 cst
860 585 914 621 ibi
946 599 1027 623 non
1059 585 1284 622 formaliter
1317 585 1600 634 quantitative;
1640 598 1718 621 non
1739 599 1754 630 5

411 653 544 679 tamen
578 653 635 679 est
668 643 911 680 indivisibile
945 643 1221 692 quantitative,
1254 645 1362 692 quod
1396 652 1452 680 est
1484 644 1650 690 falsum;
1684 652 1720 679 et

410 710 519 749 patet
561 701 713 738 falsitas
758 701 863 738 illius
909 704 1016 750 quod
1064 715 1209 750 corpus
1257 711 1314 738 est
1360 702 1414 737 ibi
1460 701 1720 750 septipedale‚

409 759 464 795 sic
509 761 615 808 quod
661 759 962 808 septipedalitas
1007 760 1055 796 sit
1099 760 1253 796 inclusa
1297 760 1398 796 infra
1444 760 1615 796 hostiam
1660 760 1721 796 vel

408 819 627 853 secundum
668 818 789 854 aliam
830 817 913 854 eius
958 827 1113 866 partem
1159 818 1198 854 in
1244 817 1374 854 hostia
1419 827 1455 854 et
1499 819 1718 854 secundum

409 875 529 911 aliam
564 877 615 912 ad
649 885 756 912 extra
788 876 828 912 in
861 889 964 913 aere.
1740 900 1779 921 10

120 942 391 981 Nonseusetalkcd
468 935 580 970 Patet
626 934 751 971 eciam
792 935 900 983 quod
939 934 1015 970 alie
1056 933 1257 971 sentencie
1296 934 1529 982 blaspheme
1569 933 1659 970 ficte
1699 946 1721 969 a

175 978 212 1012 ω
234 980 333 1004 ῘΓΜῙἯ·
409 991 597 1028 fratribus
630 1001 721 1029 sunt
753 992 850 1029 false
875 994 982 1041 quod
1005 1001 1173 1040 possunt
1196 1004 1345 1041 ponere
1369 1001 1497 1028 totum
1526 993 1718 1028 mundum

409 1059 636 1088 manentem
683 1051 755 1087 sub
796 1051 928 1100 equali
969 1050 1192 1099 quantitate
1231 1063 1351 1099 quam
1390 1050 1463 1086 fuit
1503 1049 1542 1086 in
1582 1049 1720 1085 mundi

409 1108 609 1157 principio
650 1109 689 1145 in
721 1108 801 1145 suis
835 1109 971 1145 oribus
1005 1121 1093 1145 cum
1128 1108 1215 1145 aliis
1248 1108 1359 1145 vanis
1393 1107 1720 1144 conclusionibus

407 1165 616 1203 similibus.
664 1169 764 1203 Nam
806 1167 1109 1204 fundamentum
1157 1167 1362 1215 putridum
1408 1166 1532 1214 gignit
1577 1167 1776 1212 multaslff,

407 1236 528 1261 vanas
563 1225 786 1262 sentencias
821 1234 1123 1274 consequenter,
1163 1237 1236 1261 nec
1269 1225 1446 1261 delector
1478 1225 1720 1272 respondere

409 1283 456 1318 ad
491 1284 590 1319 tales
614 1283 853 1320 subtilitates
877 1283 1037 1320 frivolas
1062 1292 1277 1331 antequam
1302 1295 1472 1331 arguens
1496 1282 1720 1319 fundaverit

410 1340 528 1377 fidem
583 1354 693 1378 suam
749 1343 796 1377 de
841 1341 1038 1389 quiditate
1083 1341 1199 1377 huius
1244 1341 1486 1378 sacramenti
1532 1340 1626 1389 quid
1671 1339 1719 1376 sit

410 1399 646 1436 naturaliter
693 1408 728 1435 et
767 1399 863 1447 quid
908 1399 957 1435 sit
1001 1407 1311 1435 sacramentum.
1365 1401 1413 1434 Et
1457 1407 1567 1447 patet
1612 1399 1718 1446 quod

409 1466 514 1494 stant
548 1457 712 1506 antique
745 1457 948 1493 sentencie
981 1457 1261 1505 philosophice
1295 1458 1342 1493 de
1375 1457 1490 1505 panis
1523 1456 1720 1505 quiditate
1738 1480 1778 1500 20

410 1517 456 1551 ad
512 1515 682 1552 aliorum
739 1515 1012 1552 accidencium
1067 1515 1222 1563 passive
1271 1528 1359 1551 cum
1409 1514 1497 1551 aliis
1545 1513 1719 1562 antiquis

410 1573 642 1610 veritatibus
689 1573 726 1609 in
771 1583 913 1610 nature
958 1573 1175 1609 visceribus
1221 1573 1442 1619 reservatis,
1483 1572 1576 1621 quia
1618 1572 1719 1608 absit

410 1633 516 1680 quod
541 1640 837 1668 sacramentum
862 1631 1040 1668 veritatis
1067 1631 1260 1668 interimit
1282 1631 1505 1677 veritatem,
1538 1631 1605 1666 sed
1630 1643 1716 1666 cum

409 1689 593 1726 illusione
627 1703 813 1726 sensuum
848 1699 927 1726 tam
955 1690 1104 1738 patitur
1127 1702 1217 1726 vere
1241 1702 1378 1725 sensus
1402 1688 1575 1725 hominis
1599 1701 1716 1736 quam

134 1754 247 1781 leii
271 1755 380 1792 uiguit-s
409 1748 534 1784 eciam
571 1747 808 1793 intellectus,
844 1757 881 1784 et
914 1748 1015 1784 inter
1038 1747 1115 1784 alia
1140 1760 1213 1795 pro
1238 1747 1382 1796 quibus
1405 1760 1492 1783 sum
1517 1746 1716 1793 obligatus
1737 1759 1775 1789 25

120 1788 392 1857 liiiiidlf‘iiloxi'iissiiffi
409 1808 491 1841 Deo
537 1819 608 1853 pro
655 1807 761 1842 dono
806 1805 964 1845 noticie,
1011 1805 1166 1841 videtur
1211 1805 1331 1841 michi
1371 1806 1478 1853 quod
1525 1817 1567 1840 ex
1612 1806 1718 1840 dono

130 1859 555 1900 nimis-inanes.noticje
600 1864 715 1900 huius
763 1864 928 1900 materie
979 1864 1052 1899 sim
1099 1863 1170 1899 sibi
1219 1863 1475 1911 singulariter
1519 1862 1717 1910 obligatus

408 1921 518 1957 cuius
552 1935 713 1958 causam
747 1922 990 1958 inductivam
1019 1921 1161 1957 estimo
1185 1923 1290 1969 quod
1317 1921 1571 1957 defenderem
1596 1920 1718 1968 scrip-

407 1989 535 2016 turam
572 1993 727 2017 sacram
764 1988 800 2015 ct
833 1979 1059 2027 specialiter
1093 1979 1338 2026 evangelium
1375 1992 1458 2015 esse
1492 1991 1627 2015 verum
1660 1991 1718 2014 se-

407 2039 581 2073 cundum
624 2037 844 2086 quamlibet
890 2038 972 2073 eius
1018 2046 1186 2085 partem.
1234 2039 1287 2073 Ex
1331 2050 1410 2085 quo
1455 2037 1717 2073 fundamento
1736 2049 1778 2079 30

406 2104 565 2143 oportet
611 2096 766 2132 fidelem
815 2097 1035 2132 concedere
1077 2095 1299 2143 predictam
1339 2095 1584 2131 sentenciam
1625 2107 1717 2131 con-

406 2162 630 2201 sequenter.

465 2212 671 2256 Quantum
706 2220 839 2248 autem
877 2213 924 2247 ad
960 2211 1205 2248 sentenciam
1240 2211 1402 2247 racione
1436 2210 1602 2246 ecclesie
1636 2222 1717 2245 cre-

407 2268 513 2304 ditur
537 2271 643 2317 quod
679 2269 744 2305 diu
780 2270 850 2305 fuit
886 2270 923 2305 in
958 2270 1030 2306 ista
1067 2269 1193 2305 heresi
1220 2278 1255 2304 et
1282 2268 1437 2313 maiori,
1474 2268 1718 2315 intempore

407 2336 541 2363 tamen
582 2327 764 2364 Nicholai
807 2323 847 2363 IIi
891 2327 1012 2364 sensit
1055 2327 1251 2363 catholice
1290 2334 1347 2365 (ut
1388 2335 1495 2374 patet
1536 2327 1583 2361 de
1617 2327 1777 2369 Con-35

407 2385 636 2421 secracione
681 2386 771 2421 dist.
815 2388 863 2421 11³
905 2386 994 2436 Ego
1037 2385 1344 2437 Reryngarizts),
1390 2386 1456 2420 sed
1505 2392 1717 2431 postquam

407 2442 623 2479 introducti
658 2453 747 2479 sunt
782 2444 922 2479 fratres
956 2453 1035 2479 tam
1072 2443 1145 2490 ipsi
1179 2456 1299 2491 quam
1334 2442 1403 2488 illi,
1438 2441 1564 2478 eciam
1597 2454 1716 2489 quam

406 2500 462 2535 sui
497 2501 739 2548 glossatores
771 2510 861 2537 sunt
896 2500 1169 2549 multipliciter
1201 2500 1238 2536 in
1273 2501 1392 2536 stulta
1427 2499 1551 2536 heresi
1587 2498 1709 2546 capti-

474 2666 500 2692 7,
522 2660 547 2683 8.
570 2658 665 2685 Coti:
693 2658 906 2693 septipedibile
1001 2658 1267 2693 septipedibilitas.
1291 2658 1337 2685 (js.
1362 2658 1447 2685 Fasc.
1469 2658 1537 2691 ziz„
1560 2666 1627 2692 pag.
1651 2666 1709 2685 120.

407 2700 447 2718 10.
469 2693 564 2719 Coti:
594 2701 692 2728 avere.
767 2702 807 2723 21,
829 2701 872 2720 22.
895 2693 989 2719 Coa:
1023 2694 1160 2727 antiquis
1182 2693 1311 2719 viribus.
1386 2700 1430 2727 27.
1453 2692 1547 2719 C0d.:
1577 2693 1640 2719 sive
1663 2693 1720 2719 sibi

405 2726 449 2760 37.
472 2727 567 2754 Cod.:
596 2728 722 2754 ecclesia
744 2736 845 2762 quam.
1302 2742 1304 2746 ν

477 2820 530 2851 36.
571 2821 622 2852 Cs.
664 2823 797 2853 Decreti
847 2824 951 2854 tercia
998 2835 1089 2866 pars,
1138 2824 1187 2854 De
1234 2823 1510 2855 Consecratione
1557 2823 1635 2855 dist.
1680 2827 1717 2865 ΙΙ,

406 2876 480 2908 cap.
498 2868 600 2899 XLII.
621 2868 672 2899 Cf.
699 2869 826 2901 Fascic.
854 2871 1000 2910 zizann.‚
1027 2880 1104 2912 pag.
1131 2869 1201 2901 128.
1229 2870 1517 2910 Cf.Trial0gum‚
1544 2881 1620 2913 pag.
1643 2883 1717 2915 249.
