1944 3323
207 242 284 277 318
746 250 966 281 JOHANNIS
985 250 1167 282 wvcmr
1186 250 1441 282 sERMONUM
1466 235 1617 294 [SERMO
1633 246 1799 274 xxxvffl.

273 363 411 402 Nat-dot*
550 357 777 392 Secundum
819 356 1041 403 exemplum
1084 364 1140 392 est
1179 368 1248 404 per
1286 356 1420 392 locum
1465 368 1486 391 a
1532 355 1687 401 maiori,
1732 356 1798 392 ubi

266 403 414 432 patmnce.
492 415 709 462 Apostolus
753 421 921 449 testatur
964 414 1011 449 de
1055 425 1095 449 se
1141 413 1230 461 ipso
1269 422 1306 450 et
1345 413 1418 449 sibi
1457 413 1653 450 similibus
1692 416 1800 462 quod

491 472 592 507 intra
624 484 663 508 se
694 478 850 521 gement
882 470 1081 506 consimili
1114 471 1288 517 racione,
1329 484 1418 508 cum
1460 480 1595 508 tamen
1628 473 1800 508 habeant

492 529 697 577 primicias
731 528 902 576 Spiritus
926 528 1075 574 Sancti,
1109 529 1211 565 sicut
1243 542 1322 565 non
1356 530 1557 565 habebant
1590 529 1709 566 ceteri
1742 530 1799 566 in-

492 587 706 623 formandi.
753 589 853 623 Nam
889 586 1061 634 Spiritus
1094 587 1229 623 statim
1263 596 1354 635 post
1387 589 1649 624 Pentecosten
1691 587 1832 623 dedit5

492 645 693 693 copiosius
727 644 1005 692 capacioribus
1039 646 1144 681 dona
1176 658 1259 690 sua,
1293 645 1383 682 ideo
1416 645 1588 693 apostoli
1619 654 1655 681 et
1679 645 1799 681 ceteri

494 702 678 751 discipuli
724 702 790 751 qui
843 701 1039 738 miraculo
1091 715 1162 739 suo
1215 703 1283 739 illa
1333 712 1567 751 receperant
1612 703 1800 739 dicuntur

492 762 637 797 habere
676 760 882 808 primicias
921 759 1093 808 Spiritus
1133 761 1282 797 Sancti.
1328 761 1367 797 Si
1407 774 1500 809 ergo
1544 774 1625 797 non
1669 762 1797 797 solum

492 818 655 855 inferior
686 818 816 855 viator
839 818 905 867 qui
929 818 1089 854 instruit
1112 818 1211 855 alios
1234 820 1302 855 sed
1326 831 1348 855 a
1370 818 1566 866 superiori
1590 819 1799 855 instruitur

492 876 725 924 ingemescit
758 885 794 912 et
827 876 1000 924 parturit
1033 877 1156 913 modo
1189 876 1309 923 dicto,
1348 890 1484 924 ymmo
1518 876 1592 925 ipsi
1625 877 1798 925 apostoli
1818 889 1856 910 10

492 934 559 983 qui
592 934 691 971 alios
723 943 957 982 genuerunt,
991 934 1080 971 ideo
1116 947 1160 970 ex
1190 933 1451 983 generalitate
1484 934 1595 971 illata
1618 935 1797 982 personis

491 1001 573 1029 tam
618 992 873 1029 inferioribus
917 1005 1037 1040 quam
1082 992 1356 1040 superioribus
1402 994 1518 1029 debet
1562 993 1800 1040 generaliter

491 1049 659 1099 quilibet
691 1050 896 1086 humiliter
923 1050 1045 1098 gratis
1074 1051 1170 1098 pati,
1204 1051 1235 1087 si
1262 1051 1460 1100 (inquam)
1486 1063 1554 1099 spe
1585 1051 1798 1087 confortati

491 1118 533 1144 ut
566 1109 743 1145 anchora
776 1108 815 1144 in
847 1107 1182 1145 tribulacionibus
1215 1108 1446 1146 fluctuantis
1479 1118 1570 1145 sunt
1593 1109 1799 1157 pacienter

491 1174 736 1216 expectantes
775 1167 1079 1216 redempcionem
1119 1167 1295 1216 corporis
1331 1166 1582 1215 glorificandi
1622 1180 1697 1215 que
1735 1169 1855 1215 ge-15

490 1225 679 1261 neraliter
711 1224 778 1261 fiet
810 1224 897 1261 aliis
930 1224 1141 1272 adoptivis,
1183 1233 1220 1261 et
1252 1224 1308 1261 sic
1342 1237 1409 1274 spe
1448 1229 1543 1270 (non
1577 1225 1707 1261 adhuc
1742 1229 1797 1270 re)

489 1283 590 1318 salvi
618 1290 718 1329 sunt,
751 1291 902 1331 quanto
943 1282 1067 1330 magis
1099 1282 1307 1319 inferiores
1342 1282 1411 1319 filii
1443 1283 1565 1330 gratis
1599 1291 1635 1320 et
1668 1283 1796 1318 humi-

490 1340 580 1377 liter
624 1340 757 1377 taliter
800 1349 1044 1388 paterentur.
1100 1342 1282 1386 Quorum
1327 1339 1509 1377 omnium
1555 1340 1795 1378 invincibilis

490 1398 600 1434 racio
634 1407 691 1435 est
714 1398 754 1434 in
777 1398 936 1435 Christo
969 1398 1037 1447 qui
1068 1397 1259 1435 immunis
1292 1411 1313 1435 a
1347 1398 1513 1435 crimine
1546 1407 1583 1434 et
1616 1398 1796 1446 dignissi-

491 1469 578 1492 mus
610 1456 821 1492 hominum
854 1456 987 1492 taliter
1019 1465 1103 1492 erat
1135 1469 1287 1504 passus.
1333 1457 1504 1502 Quando
1543 1456 1649 1492 enim
1683 1466 1796 1493 natu·
1813 1469 1853 1490 20

490 1514 583 1551 ralis
617 1513 720 1550 filius
754 1513 825 1550 Dei
865 1514 975 1550 cuius
1009 1514 1278 1551 infliccionem
1311 1527 1430 1551 nemo
1463 1523 1595 1563 potest
1630 1516 1796 1551 evadere

490 1584 534 1608 ex
566 1573 726 1609 decreto
760 1571 937 1608 eiusdem
971 1572 1134 1608 Domini
1167 1572 1299 1609 taliter
1337 1572 1550 1618 cruciatur,
1592 1574 1797 1621 quomodo

490 1629 699 1667 inferiores
732 1630 833 1667 servi
867 1643 910 1666 ex
942 1630 1109 1678 proprio
1133 1630 1281 1667 delicto
1304 1630 1359 1667 rei
1383 1630 1605 1679 adoptandi
1629 1631 1669 1668 in
1693 1630 1795 1667 filios

490 1697 527 1724 et
565 1688 790 1736 premiandi
830 1701 900 1736 per
938 1688 1116 1736 graciam
1156 1702 1236 1725 non
1274 1698 1619 1725 remurmurarent
1659 1697 1795 1725 contra

490 1759 635 1794 penam
670 1746 867 1782 minorem
903 1746 957 1783 eis
991 1746 1141 1794 duplici
1175 1746 1337 1783 racione
1370 1746 1570 1783 debitam?
1814 1749 1853 1781 25

202 1810 268 1837 The
288 1811 396 1838 orders
417 1816 469 1850 ¹301
548 1804 664 1840 Circa
712 1805 814 1840 hanc
861 1804 1073 1852 epistolam
1122 1804 1328 1841 dubitatur
1374 1808 1431 1849 (ut
1474 1805 1611 1852 supra)
1662 1813 1795 1840 utrum

210 1846 467 1915 “⁶¹¹}.²{q¹}¹j³g¹ll,³g‘{.¹⁰¹'
490 1861 665 1909 religiosi
706 1861 850 1910 privati
889 1871 979 1898 sunt
1012 1863 1061 1898 ad
1094 1862 1211 1898 istam
1244 1862 1513 1899 voluntariam
1547 1861 1796 1910 pacienciam

490 1932 610 1968 quam
643 1920 860 1968 Apostolus
901 1919 1082 1956 meminit
1122 1920 1248 1968 magis
1288 1920 1384 1968 apti,
1426 1929 1463 1956 et
1500 1920 1657 1957 videtur
1690 1921 1796 1968 quod

489 1990 583 2023 non,
618 1977 711 2025 quia
743 1990 787 2014 ex
822 1978 989 2014 ficcione
1022 1978 1235 2026 multiplici
1266 1978 1480 2015 vendicant
1513 1979 1620 2026 quod
1644 1990 1666 2013 a
1688 1979 1796 2013 nullo

490 2035 709 2071 extrinseco
763 2035 994 2083 puniantur.
1053 2036 1236 2083 Apostoli
1285 2045 1418 2072 autem
1468 2035 1636 2072 subiecti
1685 2044 1796 2072 erant
1813 2037 1854 2069 30

489 2093 599 2129 omni
632 2093 738 2140 genti
771 2102 808 2130 et
841 2093 1003 2129 cuilibet
1034 2093 1208 2139 nacioni,
1243 2106 1335 2141 ergo
1369 2107 1457 2130 cum
1489 2093 1681 2130 securitas
1705 2106 1795 2142 pro-

489 2150 689 2199 speritatis
745 2151 1029 2199 temporalium
1082 2160 1119 2188 et
1169 2152 1437 2200 proteccionis
1487 2151 1695 2188 hominum
1746 2151 1795 2187 sit

490 2209 702 2256 culpanda,
746 2209 903 2245 videtur
941 2210 1048 2257 quod
1090 2209 1154 2245 isti
1199 2209 1375 2257 religiosi
1415 2209 1559 2257 privati
1599 2211 1647 2245 de
1686 2218 1796 2245 tanta

489 2266 697 2314 paciencia
729 2267 931 2303 laudanda
964 2267 1200 2304 exorbitant.
1236 2267 1276 2303 Si
1301 2267 1405 2304 enim
1429 2280 1510 2303 non
1533 2268 1620 2315 plus
1645 2267 1796 2314 magni-

490 2324 654 2360 ficarent
687 2337 802 2360 suum
836 2325 1017 2361 ordinem
1042 2338 1161 2373 quam
1186 2325 1364 2361 fecerunt
1388 2325 1561 2372 apostoli
1584 2326 1652 2361 sed
1675 2324 1796 2372 gratis
1813 2324 1851 2356 35

489 2382 654 2418 afferent
701 2395 741 2419 se
785 2382 824 2418 in
871 2382 1012 2419 mortis
1056 2383 1234 2431 periculo
1279 2395 1352 2430 pro
1397 2383 1626 2419 defensione
1665 2382 1796 2419 valida

489 2440 584 2487 legis
624 2440 784 2485 Christi,
830 2449 924 2477 tunc
969 2440 1212 2486 meritorius,
1258 2440 1480 2488 religiosius
1526 2449 1562 2476 et
1606 2440 1796 2488 proximis

488 2497 567 2533 suis
590 2497 726 2534 utilius
760 2498 1003 2535 conviarent.
1038 2500 1094 2535 De
1126 2507 1238 2535 tanto
1272 2511 1365 2545 ergo
1398 2507 1454 2534 est
1485 2510 1623 2534 eorum
1657 2497 1795 2545 religio

489 2554 747 2603 increpanda.
782 2558 831 2591 Et
865 2556 1129 2593 confirmatur
1152 2568 1195 2592 ex
1219 2555 1386 2604 proprio
1411 2568 1550 2592 eorum
1574 2555 1794 2604 principio;

556 2676 580 2703 5.
595 2676 688 2703 Cocl.:
704 2677 914 2703 Pcntacosten.
975 2685 1001 2712 7.
1015 2676 1110 2704 Cocl.:
1126 2676 1188 2704 sive
1203 2676 1262 2704 illa.
1325 2684 1350 2711 7,
1364 2676 1389 2704 8,
1404 2676 1497 2704 cod.:
1513 2677 1661 2704 debentur
1676 2677 1794 2703 habere.

489 2710 526 2739 13.
548 2711 643 2738 Cod.:
672 2711 761 2746 pacti.
835 2711 877 2738 16.
899 2712 993 2738 Cod.:
1022 2711 1195 2746 adoptivus.
1270 2719 1312 2746 19.
1336 2711 1429 2738 Cod.:
1458 2711 1509 2746 qui
1531 2712 1623 2738 deest.
1696 2711 1741 2738 26.
1763 2711 1794 2737 In

489 2754 601 2781 marg:
624 2746 768 2773 Dubium.
832 2746 876 2779 28,
892 2754 938 2779 29.
957 2747 1050 2773 Cod.:
1072 2746 1154 2780 quod
1171 2754 1231 2772 non
1247 2746 1381 2779 videtum
1403 2746 1474 2780 quia
1489 2746 1582 2772 deest.
1639 2744 1683 2772 30.
1701 2745 1794 2772 Cod.:

488 2780 663 2807 extrincico.
736 2779 780 2807 32.
802 2780 897 2808 Cod.:
926 2785 1006 2808 sunt.
1080 2781 1122 2815 37.
1139 2780 1233 2808 Cod.:
1263 2780 1429 2807 meritoriis
1450 2780 1621 2815 religiosus

561 2864 589 2895 3.
617 2865 717 2895 Rom.
738 2865 825 2902 V111,
855 2873 906 2894 22.
