1944 3323
137 295 273 324 SERMO
294 283 417 341 xum]
611 295 789 327 TERTlA
816 294 941 326 PARS.

133 405 188 441 sic
222 406 270 441 de
305 405 440 440 multis
472 403 560 440 aliis
592 403 798 439 heresibus
833 401 983 437 frivolis
1017 414 1115 449 quas
1154 402 1296 437 fratres
1335 401 1453 437 semi-

133 472 243 508 nant,
279 463 450 499 dicendo
483 463 593 510 quod
626 461 666 497 in
699 462 774 497 hoc
809 459 1037 509 potenciam
1074 459 1145 495 Dei
1180 458 1452 507 magnificant.

192 524 239 557 Et
263 530 460 570 quantum
484 521 535 556 ad
558 520 775 556 secundam
802 517 1103 555 conclusionem
1120 517 1319 566 Apostoli,
1344 525 1454 565 patet

134 581 242 628 quod
282 588 340 616 est
378 579 560 616 absolute
599 577 870 614 necessarium
915 578 1036 625 quod,
1083 577 1113 612 si
1155 576 1244 625 quis
1283 575 1454 612 seminat

101 638 174 674 §in
209 651 341 683 carne,
381 646 419 674 et
454 646 575 673 metet
608 638 656 672 dc
689 649 809 672 carne
843 634 1168 683 corrupcionem,
1209 635 1285 670 hoc
1318 643 1388 680 est,
1422 633 1454 669 si

134 709 258 744 opera
291 696 422 732 carnis
456 707 582 744 usque
616 696 664 731 ad
700 694 819 731 finem
854 706 924 729 suc
956 692 1150 730 viacionis
1175 692 1452 741 compleverit,

135 755 228 803 quia
260 754 329 790 illa
361 753 581 790 seminacio
615 762 672 789 est
706 753 923 801 completa.
970 754 1026 788 Dc
1069 752 1137 789 tali
1179 750 1454 788 seminacionc

134 826 204 860 per
237 826 277 849 se
311 812 444 860 posita
477 812 658 861 loquitur
690 811 904 859 scriptura.
939 812 1112 858 Oportet
1147 822 1240 858 ergo
1266 811 1375 858 quod
1399 809 1455 845 sic

134 871 349 916 seminans,
368 883 458 907 cum
482 883 563 907 non
581 878 713 918 potest
729 868 982 914 adnichilari,
1000 877 1125 905 metat
1145 867 1453 916 corrupcionem

80 942 117 963 10
134 931 181 965 de
205 941 325 966 carne
351 928 444 977 quia
475 928 649 977 putrida,
685 940 829 976 penam
864 926 1016 964 scilicet
1049 936 1287 975 perpetuam
1322 925 1455 963 carnis

133 1000 215 1033 sue,
262 987 316 1024 ita
356 988 466 1036 quod
505 999 626 1035 quam
665 985 893 1023 necessaria
937 994 995 1022 est
1035 987 1107 1022 hec
1153 984 1451 1033 consequencia

133 1047 240 1094 apud
277 1048 416 1091 Deum,
452 1045 483 1081 si
518 1046 640 1081 homo
674 1044 730 1081 sic
764 1045 994 1080 demeretur
1027 1043 1067 1079 in
1108 1056 1240 1090 carne,
1286 1052 1381 1080 tunc
1414 1042 1453 1078 in

134 1116 253 1140 carne
286 1103 421 1140 taliter
454 1103 656 1152 punietur,
691 1102 784 1151 quia
809 1104 915 1139 Deus
938 1102 1132 1139 alienaret
1154 1114 1195 1139 se
1228 1115 1250 1139 a
1282 1100 1455 1146 iusticia,

133 1162 320 1199 faciendo
353 1161 603 1210 oppositum.
638 1163 686 1197 Et
719 1161 810 1197 ideo
835 1160 963 1197 fidelis
987 1160 1115 1197 credit
1139 1161 1248 1209 quod
1272 1160 1456 1197 absolute

81 1220 361 1257 1511ecessario
395 1219 426 1256 si
459 1219 596 1257 taliter
628 1228 899 1267 promeretur,
933 1219 1067 1255 taliter
1090 1218 1371 1267 premiabitur.
1407 1220 1455 1254 Et

134 1280 210 1315 hoc
243 1278 395 1315 stabilit
429 1279 549 1315 fidem
583 1277 762 1314 fidelium
798 1286 835 1313 et
868 1277 1038 1314 destruit
1071 1278 1229 1314 hereses
1263 1278 1310 1313 de
1333 1276 1456 1313 simo-

132 1337 258 1374 niacis
291 1337 458 1374 cambiis
491 1335 755 1385 premiorum.
789 1338 837 1372 Et
860 1335 934 1372 iste
958 1345 1015 1373 est
1039 1335 1225 1372 stimulus
1258 1348 1338 1384 quo
1372 1335 1456 1372 ani-

134 1405 296 1432 mantur
319 1395 420 1432 servi
444 1395 594 1432 Christi
627 1395 678 1431 ad
711 1395 896 1431 standum
932 1407 1058 1443 usque
1092 1395 1142 1430 ad
1176 1403 1350 1430 mortem
1382 1407 1454 1442 pro

134 1453 370 1491 defencione
393 1453 562 1499 iusticie,
589 1452 683 1501 quia
716 1461 808 1489 sunt
841 1452 939 1489 certi
973 1454 1020 1489 de
1053 1452 1129 1489 ista
1161 1452 1330 1489 veritate
1363 1464 1454 1488 con-

74 1524 114 1546 20
132 1512 350 1558 neccionis,
391 1521 434 1548 ut
467 1520 558 1548 sunt
592 1511 688 1548 certi
722 1512 831 1559 quod
865 1513 970 1547 Deus
1005 1520 1075 1557 est,
1110 1512 1219 1559 quod
1257 1511 1288 1547 si
1323 1510 1456 1547 taliter

132 1571 172 1607 in
205 1571 285 1607 vita
320 1579 537 1616 merentur,
573 1578 689 1606 erunt
722 1569 763 1605 in
801 1569 932 1618 patria
967 1569 1101 1606 taliter
1139 1578 1335 1617 perpetuo
1368 1582 1456 1617 pre⁴

134 1629 260 1666 miati.
307 1630 401 1666 Ideo
448 1628 544 1665 dicit
583 1629 822 1676 Apostolus:
872 1629 1038 1674 Bonum,
1083 1627 1225 1676 inquit,
1261 1628 1456 1677 facientes

133 1700 204 1723 non
245 1688 490 1738 deficianzus;
533 1694 707 1736 tempore
751 1687 848 1723 enim
893 1699 961 1722 suo
1007 1694 1204 1733 metemus,
1245 1699 1317 1722 non
1363 1686 1454 1736 εἰρῄ-

132 1747 284 1784 cientes.
330 1747 379 1782 Et
417 1744 605 1794 intelligit
644 1757 715 1793 per
754 1746 904 1781 bonum
945 1757 1025 1780 non
1064 1746 1170 1780 nude
1208 1745 1360 1781 bonum
1407 1745 1454 1780 dc

75 1806 114 1838 25
132 1816 276 1852 genere
299 1805 368 1840 sed
392 1805 543 1840 bonum
579 1803 833 1840 meritorium
867 1803 1129 1839 beatitudinis
1164 1811 1370 1851 perpetue,
1405 1804 1454 1839 ab

132 1863 201 1898 illo
235 1863 342 1898 bono
376 1871 433 1898 est
466 1861 507 1898 in
536 1870 736 1910 potestate
759 1861 905 1898 viantis
928 1874 1010 1898 non
1034 1861 1220 1907 deficere,
1245 1861 1338 1910 quia
1363 1873 1453 1897 cum

132 1930 293 1969 oportet
316 1920 490 1957 viantem
516 1929 600 1957 tam
625 1921 847 1957 secundum
873 1933 1019 1968 corpus
1043 1932 1164 1968 quam
1189 1919 1366 1956 animam
1392 1919 1455 1956 hic

131 1978 291 2028 operari
311 1978 513 2025 continue,
533 1987 644 2027 patet
663 1980 771 2027 quod
790 1978 821 2014 si
847 1991 937 2015 cum
963 1978 1047 2015 istis
1067 1991 1193 2027 usque
1211 1979 1261 2014 ad
1281 1987 1453 2014 mortem

132 2037 348 2074 servaverit
388 2037 612 2083 caritatem,
653 2037 717 2074 hic
758 2050 840 2073 non
879 2036 1014 2073 deficit
1059 2049 1160 2085 opus
1200 2036 1453 2073 meritorium

75 2097 116 2128 30
132 2096 306 2144 operari.
354 2097 401 2131 Et
435 2108 525 2132 cum
561 2098 666 2132 Deus
699 2108 858 2143 semper
891 2096 1046 2143 agendo
1080 2094 1264 2143 procedit
1303 2108 1346 2131 ex
1385 2108 1455 2132 sua

134 2153 440 2201 magnificencia
462 2155 569 2190 ultra
593 2153 854 2202 condignum,
888 2163 999 2202 patet
1024 2155 1133 2202 quod
1156 2153 1197 2190 in
1219 2153 1456 2202 proporcio-

131 2212 256 2248 nabili
288 2221 472 2260 tempore
505 2211 723 2260 premiabit
747 2213 932 2248 ducendo
958 2213 1008 2248 ad
1031 2221 1180 2248 statum
1206 2211 1245 2248 in
1269 2225 1349 2260 quo
1372 2225 1455 2248 non

131 2271 262 2306 solum
303 2272 350 2307 de
391 2271 496 2307 facto
538 2283 620 2306 non
660 2269 848 2307 deficient
886 2271 954 2306 sed
988 2270 1028 2307 in
1061 2283 1141 2319 quo
1173 2283 1255 2307 non
1288 2280 1456 2318 possunt

131 2329 323 2374 deficere3
347 2341 440 2365 nam
466 2328 695 2365 confirmati
714 2328 754 2364 in
772 2328 904 2377 patria
921 2329 1129 2376 possident
1147 2329 1266 2365 istum
1288 2337 1452 2365 statum.

75 2386 114 2418 35
189 2389 244 2423 Ex
282 2386 367 2423 istis
407 2386 762 2424 conclusionaliter
801 2386 1003 2435 colligitur
1036 2388 1144 2435 quod
1186 2388 1379 2423 debemus
1412 2386 1451 2423 in

130 2445 192 2482 via
235 2446 446 2493 (quantum
488 2445 726 2492 sufficimus)
770 2445 980 2482 caritatem
1021 2454 1201 2481 nostram
1240 2446 1452 2482 extendere

132 2513 168 2539 et
211 2503 295 2539 eius
340 2503 538 2540 funiculos
586 2504 806 2540 secundum
848 2502 1022 2539 racionis
1062 2503 1208 2540 limites
1248 2503 1450 2540 ordinare.

132 2563 224 2598 Ideo
258 2561 354 2598 dicit
387 2562 626 2610 Apostolus:
667 2563 782 2612 Ergo
821 2562 911 2597 dum
951 2569 1102 2611 tempus
1134 2562 1331 2609 habemus,
1363 2574 1451 2612 ope-

201 2693 220 2711 1.
243 2684 337 2712 Cod.:
361 2685 465 2712 multis
486 2686 575 2712 annis
597 2686 698 2719 (asiis).
774 2694 812 2720 17.
835 2685 930 2713 Coti:
957 2690 1001 2713 cst
1022 2687 1116 2713 deest.
1190 2685 1234 2713 30.
1257 2686 1353 2714 Cod.:
1382 2696 1452 2721 pro-

130 2719 209 2746 cedit
225 2720 388 2754 peccunias
403 2720 480 2754 (sic).
497 2719 584 2747 Recte
601 2721 739 2755 procedit
755 2721 922 2755 premians.
991 2720 1035 2748 38.
1051 2722 1083 2748 In
1100 2729 1197 2756 marg.
1214 2730 1282 2756 sup.
1299 2722 1350 2749 sol.
1367 2722 1450 2749 285⁰:

131 2754 206 2780 Dum
226 2757 342 2790 tempus
361 2755 514 2793 habentus,
536 2763 699 2789 operemur
718 2756 840 2783 bonum.
862 2756 910 2782 Ad
929 2756 1073 2785 Gatvlo.
1095 2757 1291 2791 Sperandum
1309 2762 1364 2787 est„
1381 2758 1451 2792 quia

130 2794 363 2828 temporasunt
385 2798 524 2824 pl'ccmsa
545 2798 614 2816 cnm
638 2791 698 2817 sint
714 2791 897 2820 necessaria,
919 2799 1013 2826 opera
1028 2791 1183 2818 laboriosa
1199 2800 1268 2818 cum
1286 2792 1346 2818 sint
1362 2792 1452 2818 rneri-

130 2828 219 2884 torlla,
241 2832 309 2885 pent
328 2829 400 2851 sunt
420 2825 570 2852 damnosa
592 2830 619 2852 et
639 2826 740 2852 anime
762 2826 926 2855 contraria.
949 2826 1065 2860 premia
1086 2826 1233 2861 gloriosa.
1250 2826 1320 2861 quia
1341 2827 1452 2861 gaudia

131 2866 182 2885 mu
199 2863 241 2893 tlp
254 2867 341 2886 iuria.

203 2939 257 2962 23.
285 2930 361 2962 Gal.
382 2931 438 2969 VI,
466 2942 498 2974 9.

1494 522 1592 550 (iod's
1614 523 1720 553 iusticc

1469 559 1609 593 compcls
1631 558 1692 585 him
1716 564 1745 585 to

1517 593 1629 627 punish
1651 594 1700 620 tllc

1556 629 1658 664 finally

1511 663 1703 698 impenitcnt.

1524 2399 1602 2426 This
1623 2399 1683 2437 isa

1520 2442 1628 2460 reason
1650 2436 1698 2461 101·

1473 2474 1593 2496 carnest
1613 2468 1742 2504 charity.
