1944 3323
193 255 336 284 smnio
358 244 469 302 xxti]
684 258 859 291 TERTm
887 257 1015 290 mas.

199 373 236 400 et
280 364 336 401 sic
380 364 584 414 copularis
629 366 677 401 de
724 365 984 402 matrimonio
1024 365 1223 414 spirituali
1264 365 1367 402 sicut
1406 366 1516 414 virgo

199 423 415 460 coniuncta
453 424 538 460 viro
578 436 663 469 suo,
707 436 797 460 cum
839 423 935 460 illud
976 425 1084 472 quod
1123 423 1219 460 olim
1262 423 1379 460 fuerit
1417 424 1516 460 veri-

200 480 363 518 ficatum
404 483 452 518 de
490 490 606 530 gente
643 481 810 518 Judaica
852 490 890 518 et
927 483 1049 519 verbo
1091 482 1161 519 Dei
1201 490 1294 519 ante
1334 482 1517 519 incarna-

200 539 357 576 cionem
403 548 586 588 tempore
630 539 727 587 legis
773 539 919 588 gracie,
973 553 1064 577 cum
1113 540 1282 577 ecclesia
1329 540 1515 588 gencium

165 601 181 633 5
197 597 322 645 gignit
355 597 557 646 copiosius
589 597 691 634 filios
716 598 787 634 Dei
811 598 1024 647 adoptivos
1048 611 1167 648 quam
1193 607 1360 647 perante
1382 598 1517 647 genuit

200 655 403 703 sinagoga.
439 657 531 693 Ideo
555 657 774 705 Apostolus
808 657 976 705 loquens
1010 656 1049 693 in
1082 670 1255 706 persona
1289 657 1516 694 communis

198 713 364 750 ecclesie
401 716 621 751 Judeorum
668 723 705 751 et
748 715 948 763 gencium,
994 714 1062 751 ubi
1108 715 1222 752 dicit:
1269 716 1353 752 Nos
1389 723 1515 752 autem

187 772 348 820 fratres
369 784 502 809 sumus
525 773 836 822 repromissionis
848 774 931 824 filii
949 774 1132 823 graciose
1159 774 1194 810 in
1222 774 1341 810 Ysaac
1369 781 1516 817 nostro,

199 831 275 866 hoc
314 839 384 876 est,
426 830 592 868 domino
630 833 722 868 Jesu
755 831 930 877 Christo,
972 832 1083 868 cuius
1123 844 1297 881 persona
1338 845 1419 869 non
1459 841 1516 868 est

144 902 182 923 ιο
199 888 372 925 extincta
405 888 445 925 in
477 889 764 926 immolacione
803 891 870 926 sed
910 889 1025 935 aries,
1066 889 1106 926 id
1150 899 1220 936 est,
1261 890 1514 935 humanitas3

197 946 293 982 unio
338 959 415 996 que
459 947 616 984 adhesit
659 949 781 985 verbo
820 957 904 984 tam
945 949 1167 985 secundum
1208 961 1354 997 corpus
1393 961 1514 998 quarn

198 1004 377 1041 animam
410 1006 516 1042 facta
549 1019 687 1043 eorum
721 1005 996 1054 separacione‚
1032 1015 1068 1043 et
1101 1006 1156 1043 ita
1188 1007 1268 1043 vita
1294 1007 1516 1056 corporalis

198 1063 360 1110 Christi,
400 1065 468 1100 sed
507 1077 590 1101 non
630 1064 714 1101 eius
754 1064 984 1101 humanitas
1025 1073 1082 1101 est
1124 1065 1310 1102 extincta.
1358 1067 1406 1101 Et
1440 1066 1515 1103 hoc

197 1130 363 1158 notatur
407 1134 478 1170 per
519 1122 689 1169 arietem
729 1131 821 1171 post
859 1131 1015 1170 tergum
1055 1124 1215 1160 Abrahe
1255 1124 1514 1161 adherentem

146 1181 181 1214 15
199 1179 400 1217 cornibus.
426 1182 531 1217 Deus
555 1181 660 1217 enim
685 1180 899 1229 dereliquit
922 1181 1111 1217 unionem
1137 1181 1306 1218 istarum
1330 1182 1512 1230 parcium

198 1237 358 1284 Christi,
398 1251 444 1275 ac
483 1239 515 1275 si
548 1239 637 1288 quis
670 1248 761 1288 post
792 1248 948 1288 tergum
983 1239 1199 1288 quicquam
1233 1249 1414 1289 poneret,
1447 1243 1516 1278 sed

198 1295 238 1332 in
276 1305 447 1346 utraque
487 1306 632 1334 natura
671 1297 726 1334 sic
766 1297 906 1334 relicta
944 1307 1225 1335 remanserunt
1265 1311 1429 1343 cornua,
1477 1299 1515 1336 id

199 1363 270 1400 est,
310 1364 530 1403 potestates
562 1355 699 1392 statim
732 1365 822 1404 post
854 1355 1032 1392 triduum
1067 1356 1213 1393 iterum
1248 1357 1443 1406 copulari,
1479 1366 1515 1394 et

200 1412 268 1449 illa
291 1413 509 1462 disposicio
532 1414 762 1463 propinqua
785 1414 966 1462 signatur
989 1427 1059 1463 per
1082 1427 1241 1463 vepresg
1276 1415 1366 1452 ideo
1390 1415 1516 1452 instar

142 1483 184 1504 20
200 1471 476 1519 generacionis
498 1475 626 1509 Ysaac
658 1472 921 1521 spiritualiter
953 1473 1131 1521 generati
1165 1482 1202 1510 et
1235 1482 1375 1510 contra
1403 1487 1514 1523 spem

200 1529 333 1577 operis
377 1539 520 1567 nature
565 1544 588 1567 a
631 1539 799 1579 peccato
845 1540 882 1568 et
927 1531 1116 1568 servitute
1161 1533 1212 1568 ad
1255 1532 1433 1580 graciam
1479 1541 1516 1569 et

199 1587 426 1625 libertatem
445 1588 644 1634 translati,
661 1602 743 1626 non
766 1589 957 1626 debemus
980 1589 1158 1626 incidere
1181 1589 1222 1626 in
1244 1590 1514 1627 voluntariam

200 1654 237 1682 et
270 1647 515 1695 superfluam
549 1647 796 1693 servitutem,
821 1647 916 1696 quia
939 1657 1034 1684 tunc
1057 1648 1321 1685 transiremus
1355 1661 1377 1685 a
1409 1658 1516 1686 statu

199 1703 419 1752 spiritualis
454 1705 657 1742 mundicie
692 1707 743 1742 ad
775 1713 926 1742 statum
959 1706 1129 1754 peccati,
1163 1706 1267 1743 sicut
1300 1707 1513 1755 generacio

143 1763 407 1799 &secundum
456 1776 611 1800 carnem
657 1773 715 1801 est
759 1765 808 1800 ab
854 1776 975 1813 opere
1020 1773 1163 1802 nature
1208 1767 1259 1802 ad
1303 1775 1515 1814 peccatum

198 1819 405 1869 originale.
426 1823 541 1858 Unde
565 1821 820 1859 circumcisio
844 1822 1076 1860 introducta
1098 1832 1189 1872 post
1206 1824 1513 1872 generacionem

197 1880 326 1915 Ysaac
359 1879 489 1927 signat
521 1880 788 1918 abscisionem
821 1881 966 1918 veteris
999 1881 1174 1918 hominis
1213 1882 1253 1918 in
1285 1895 1357 1919 sua
1391 1891 1514 1927 etate3

199 1949 276 1985 que
299 1937 471 1975 abscisio
494 1947 577 1975 tam
602 1939 823 1988 figuraliter
847 1953 967 1988 quam
993 1939 1212 1977 efficienter
1237 1949 1294 1977 est
1319 1940 1514 1978 Christus.

200 1997 248 2031 Et
282 1997 398 2032 debet
431 1996 558 2045 figura
600 2010 756 2034 cessare
793 1997 977 2034 veniente
1020 1998 1191 2047 figurato
1231 1999 1334 2035 sicut
1372 2001 1516 2036 umbra

142 2055 183 2087 30
201 2053 306 2090 cedit
338 2054 520 2092 veniente
554 2056 717 2092 lumine.
753 2057 845 2093 Ideo
878 2056 918 2092 in
951 2056 1034 2093 risu
1068 2066 1105 2093 et
1137 2057 1271 2094 leticia
1295 2058 1515 2095 serviamus

200 2113 326 2148 Ysaac
359 2122 498 2149 nostro
531 2122 568 2150 et
600 2114 641 2150 in
673 2114 826 2151 umbris
860 2114 1082 2152 servilibus.

257 2172 305 2206 Et
339 2171 557 2208 conformis
591 2181 648 2208 est
688 2173 842 2209 ortacio
883 2174 933 2210 ad
972 2185 1133 2210 sensum
1176 2175 1370 2211 moralem
1408 2175 1515 2223 quod

201 2228 392 2265 debemus
436 2239 602 2278 peccata
647 2232 829 2268 deserere
876 2240 912 2267 et
958 2231 1171 2280 religiones
1216 2233 1393 2269 novellas
1438 2245 1515 2281 que

200 2286 320 2323 nimis
361 2296 452 2324 sunt
491 2288 652 2325 serviles
692 2290 930 2338 relinquere.
978 2291 1056 2326 Sed
1091 2292 1298 2339 quomodo
1331 2300 1515 2340 tempore

144 2346 184 2380 35
200 2346 360 2381 Abrahe
384 2347 525 2382 Ismael
549 2346 616 2394 qui
639 2349 847 2384 secundum
871 2361 1027 2385 carnem
1060 2356 1172 2384 natus
1205 2357 1259 2385 est
1286 2357 1516 2398 persecutus

201 2411 258 2439 est
292 2402 414 2440 tacita
452 2404 642 2441 illucione
674 2407 803 2443 Ysaac
841 2415 980 2443 natum
1021 2407 1285 2455 spiritualiter
1318 2408 1514 2444 miraculo

200 2461 385 2508 gracioso
430 2464 694 2505 (utnotatur
739 2465 835 2501 Gen.
881 2465 1006 2511 XX10)
1062 2465 1118 2501 sic
1162 2465 1290 2512 Judei,
1338 2465 1514 2514 religiosi

200 2519 347 2555 novelli
376 2528 413 2555 et
442 2529 643 2557 amatores
668 2523 807 2558 mundi
840 2532 1136 2571 persequuntur
1169 2533 1371 2560 amatores
1405 2524 1514 2572 regni

201 2577 376 2613 zelantes
416 2591 489 2625 pro
528 2578 712 2616 libertate
747 2580 915 2625 Christi3
953 2581 1067 2617 Judei
1107 2581 1269 2630 quidem
1310 2595 1381 2631 per
1419 2584 1513 2619 abo-

141 2635 338 2680 4olendas
378 2636 474 2683 legis
514 2637 768 2684 cerimonias,
816 2639 993 2687 religiosi
1036 2639 1163 2676 nostri
1203 2653 1274 2689 per
1312 2640 1514 2677 subintro-

270 2770 293 2801 5,
310 2769 338 2797 6.
355 2770 450 2797 Coti:
471 2770 568 2805 gignit
583 2771 741 2807 sinagoga.
796 2771 842 2799 26.
859 2773 954 2801 (jo-1:
971 2773 1176 2801 circumsisio,
1232 2773 1270 2801 31.
1289 2774 1382 2802 (jod,:
1400 2780 1513 2802 noster.

199 2803 242 2832 35.
264 2805 358 2833 Cod.:
380 2810 558 2840 persecutus
578 2810 615 2834 et.
689 2815 738 2839 ⁴io.
760 2806 854 2835 Cod.:
877 2808 1060 2835 scrimouizis
1081 2809 1137 2843 (sic
1158 2814 1185 2836 et
1206 2809 1234 2836 in
1256 2810 1331 2836 locis
1353 2818 1460 2845 seqq„

270 2900 302 2933 7.
329 2889 405 2922 Gal.
432 2890 487 2931 IV,
516 2888 567 2923 28.

1730 252 1802 299 175

1537 768 1670 795 Christ's·
1693 776 1804 804 person

1546 803 1571 830 is
1593 808 1645 830 not
1665 804 1741 830 slain
1765 804 1792 830 iu

1560 838 1610 865 the
1630 838 1776 873 sacrifice,

1608 874 1659 900 but
1681 874 1728 900 his

1584 908 1757 944 humanity.

1573 1059 1655 1087 Evcu
1678 1060 1768 1087 when

1545 1095 1626 1131 body
1646 1095 1705 1122 and
1727 1096 1795 1122 soni

1531 1138 1582 1156 are
1604 1130 1709 1165 parted
1733 1131 1805 1157 both

1532 1165 1649 1192 remain
1666 1166 1694 1192 in
1711 1166 1805 1192 union

1539 1200 1611 1227 with
1633 1201 1682 1227 the
1699 1200 1799 1227 word

1540 1235 1598 1262 and
1621 1244 1671 1262 are
1693 1235 1794 1265 joined

1542 1270 1629 1304 again
1652 1270 1728 1297 after
1747 1274 1797 1297 1110

1573 1305 1657 1332 three
1678 1306 1764 1341 days,

1537 2167 1561 2195 3.
1583 2169 1680 2197 Moral
1702 2177 1806 2200 sense:

1536 2203 1601 2231 that
1620 2212 1666 2231 we
1688 2204 1798 2231 should

1555 2239 1638 2266 leave
1659 2239 1704 2266 sin
1728 2240 1788 2266 and

1577 2274 1668 2301 avoid
1692 2282 1759 2301 new

1608 2309 1729 2336 orders.
