1944 3323
135 292 270 320 samio
288 279 444 336 xxxvi]
623 290 798 322 TERTlA
826 288 951 321 PARS.

136 416 176 440 se
209 411 246 438 ct
279 413 394 437 suum
429 399 649 447 capitulum
685 394 981 433 consumendis.
1022 396 1123 431 Cum
1158 405 1252 440 crgo
1284 392 1455 429 necessi-

136 461 207 498 tati
251 468 342 496 sunt
384 471 457 507 pro
498 456 583 493 istis
627 464 747 504 atque
791 453 989 491 similibus
1036 453 1076 489 in
1122 451 1345 489 ministerio
1385 450 1455 486 Dei

137 519 320 563 deficere,
360 524 470 565 patet
503 527 623 564 quarn
657 513 816 562 spissim
858 512 1151 549 necessitantur
1184 522 1229 546 ex
1261 509 1342 545 suis
1375 508 1455 558 pri-

135 577 236 614 vatis
270 574 530 623 religionibus
562 585 602 609 se
635 571 813 619 negociis
852 570 1099 607 secularibus
1139 568 1362 617 implicare.
1408 569 1456 603 Et

105 636 243 672 §idem
289 643 348 670 est
391 631 587 668 iudicium
633 632 680 667 de
723 629 889 678 prelatis
934 628 1109 674 cesariis,
1151 639 1251 676 quos
1295 634 1457 674 oportet

137 692 371 730 seculariter
415 692 521 727 bona
565 702 636 726 sua
681 700 918 725 consumere
964 696 1001 724 et
1044 686 1163 723 fastui
1208 698 1253 722 ac
1302 685 1455 720 mundo

137 753 247 789 cultu
280 749 353 786 Dei
385 747 612 798 postposito
647 746 858 784 deservire.

196 812 253 846 De
273 810 455 845 Romana
474 819 569 843 vero
591 805 703 843 curia
725 814 768 841 ut
790 817 895 853 papa
917 812 954 840 et
975 802 1246 840 cardinalibus
1269 810 1327 838 est
1348 801 1452 837 idem

136 867 344 904 iudicium.
380 868 492 911 Item,
526 873 692 913 propter
720 863 976 900 dotacionem
1012 870 1049 898 et
1081 869 1268 898 vocatum
1306 859 1455 896 Christi

83 940 122 962 10
137 924 429 975 patrimonium
452 923 762 968 defendendum,
784 930 869 957 turn
890 929 1056 969 propter
1077 919 1226 956 iudicia
1259 917 1456 955 secularia

138 984 177 1020 in
194 981 480 1020 distribuendis
495 980 699 1018 beneficiis
716 978 996 1017 ecclesiasticis
1012 978 1051 1014 in
1067 977 1212 1027 quibus
1227 989 1267 1014 se
1283 976 1403 1013 stulte
1420 984 1458 1012 et

139 1040 443 1079 infundabiliter
487 1048 721 1085 onerarunt,
768 1048 853 1075 tum
898 1036 1024 1074 tercio
1070 1036 1164 1085 quia
1210 1034 1456 1083 evangeliza-

139 1101 295 1138 cionem
340 1108 377 1136 et
419 1098 598 1135 studium
640 1097 739 1145 legis
778 1095 927 1133 Christi
967 1108 1058 1132 cum
1100 1093 1324 1131 ministerio
1362 1105 1458 1141 apo-

138 1159 282 1196 stolico
315 1166 482 1206 propter
514 1157 693 1193 seculum
728 1155 962 1192 amiserunt.
1008 1155 1057 1189 Et
1096 1166 1186 1190 cum
1227 1151 1458 1200 implicacio

86 1218 228 1255 15talis
279 1217 319 1252 in
368 1214 547 1264 negociis
597 1213 844 1251 secularibus
896 1214 1055 1249 hereses
1101 1220 1138 1248 et
1183 1209 1458 1247 excommuni-

139 1276 345 1313 cacionem
385 1274 582 1322 implicat,
623 1281 733 1321 patet
766 1271 938 1320 qualiter
969 1271 1190 1307 secundum
1225 1270 1352 1317 legem
1386 1267 1458 1304 Dei

140 1343 197 1371 est
228 1335 275 1370 de
308 1333 455 1370 talibus
488 1331 763 1368 iudicandum.
798 1329 839 1365 Si
872 1329 979 1366 enim
1009 1329 1214 1365 Christum
1248 1327 1459 1375 diligerent

140 1393 246 1429 iuxta
285 1404 402 1428 suurn
442 1389 720 1427 testimonium
759 1389 860 1426 (Joh.
894 1389 1033 1432 XIVO),
1073 1399 1300 1423 sermonem
1342 1398 1458 1422 suum

141 1459 359 1495 servarent,
394 1458 431 1485 et
454 1461 544 1486 cum
569 1448 653 1497 ipse
684 1460 817 1485 sermo
841 1446 890 1482 sit
914 1445 1165 1494 evangelium
1190 1446 1299 1493 quod
1332 1457 1460 1492 neque

82 1521 123 1544 20
141 1509 310 1546 audiunt
348 1520 478 1556 neque
517 1505 744 1554 intelligunt
781 1518 911 1553 neque
951 1513 1110 1541 servant
1148 1504 1217 1540 sed
1250 1503 1319 1540 illo
1353 1512 1461 1551 post-

141 1567 273 1616 posito
312 1567 417 1614 leges
456 1565 632 1614 privatas
673 1574 710 1601 et
754 1564 954 1600 seculares
999 1563 1153 1599 fabulas
1193 1570 1459 1610 anteponunt,

142 1625 398 1662 manifestum
423 1633 480 1660 est
497 1625 605 1672 quod
628 1631 671 1659 ut
694 1622 749 1659 sic
774 1621 1038 1658 dileccionem
1057 1620 1129 1657 Dei
1153 1629 1458 1668 contempnunt.

141 1686 188 1720 Et
227 1683 257 1719 si
297 1682 465 1720 cecitate
503 1695 574 1718 sua
613 1683 797 1718 abstrusa
836 1689 873 1717 et
914 1679 1121 1716 blasfemia
1155 1680 1203 1715 de
1236 1678 1460 1715 absolucio-

140 1742 255 1778 nibus
280 1750 318 1778 et
340 1739 603 1788 indulgenciis
636 1738 895 1788 pretermissa
926 1737 1107 1774 viderent
1141 1738 1247 1774 clare
1279 1746 1322 1772 ut
1355 1737 1460 1773 beati

82 1803 122 1836 25
140 1813 211 1848 per
245 1812 367 1849 quam
410 1799 514 1835 riam
556 1806 766 1834 transeunt
807 1797 939 1833 anime
980 1796 1123 1832 talium
1164 1796 1460 1834 defunctorum,

140 1859 322 1895 dolerent
355 1858 403 1894 de
435 1856 515 1893 suis
547 1856 661 1893 viciis
702 1865 739 1893 et
777 1855 937 1903 spissim
978 1853 1205 1891 commixtis
1240 1853 1459 1890 blasfemiis

141 1929 313 1966 quorum
344 1915 527 1952 omnium
559 1915 670 1951 radix
694 1923 752 1951 est
776 1914 870 1963 quia
899 1913 1039 1950 volunt
1070 1913 1266 1949 mundum
1298 1912 1461 1960 diligere

141 1984 282 2012 contra
315 1982 551 2022 preceptum
586 1972 734 2009 Christi
768 1972 808 2008 in
841 1971 1096 2019 Evangelista
1129 1973 1162 2007 la
1182 1971 1270 2007 Joh.
1296 1973 1362 2017 110,
1394 1972 1460 2007 15⁷:

141 2034 272 2070 Nolite
295 2033 462 2083 diligere
495 2032 679 2068 mundum
714 2043 833 2080 neque
863 2043 905 2066 ea
936 2043 1006 2079 que
1037 2030 1073 2065 in
1107 2030 1249 2065 mundo
1281 2036 1379 2065 sunt.
1414 2031 1463 2065 Et

84 2094 126 2126 30
142 2092 237 2140 quia
269 2090 398 2128 simile
432 2103 476 2127 ex
509 2091 685 2139 quadam
723 2088 984 2126 naturalitate
1024 2087 1198 2124 afficitur
1237 2100 1308 2123 suo
1342 2087 1462 2124 simili

143 2159 179 2187 et
224 2149 309 2186 odit
364 2162 481 2185 suum
528 2147 735 2193 dissimile,
786 2147 991 2195 signanter
1036 2145 1132 2182 dicit
1169 2147 1371 2182 Johannes
1423 2145 1462 2182 in

142 2207 342 2256 principio
376 2207 493 2243 huius
527 2206 695 2255 epistole
727 2205 822 2243 viris
856 2204 1114 2253 evangelicis:
1155 2204 1286 2240 Nolite
1324 2204 1466 2240 mirari

142 2267 176 2303 si
212 2266 291 2302 odit
329 2278 396 2301 vos
435 2266 613 2311 mundus,
653 2278 743 2301 cum
778 2263 969 2312 magister
1001 2275 1096 2299 suus
1129 2262 1237 2299 dicat
1268 2261 1462 2300 Johannis

141 2325 246 2369 XVO,
276 2335 343 2370 19:
378 2323 421 2359 Si
449 2324 494 2360 de
526 2324 668 2359 mundo
689 2323 883 2372 fuissetis,
916 2322 1081 2358 mundus
1113 2322 1214 2370 quod
1244 2333 1354 2357 suum
1378 2329 1463 2357 erat

87 2385 125 2418 35
144 2382 341 2433 diligeret,
379 2382 465 2430 quia
504 2394 596 2418 vero
636 2382 682 2418 de
720 2382 862 2417 mundo
903 2393 975 2417 non
1016 2380 1105 2415 estis
1142 2380 1212 2416 sed
1249 2392 1322 2430 ego
1361 2380 1464 2430 elegi

146 2453 214 2477 ros
247 2441 293 2476 de
326 2440 482 2487 mundo,
509 2447 722 2489 propterea
756 2439 836 2475 odit
869 2451 936 2475 vos
969 2438 1146 2474 mundus.

202 2500 279 2535 Sed
318 2497 691 2546 parvipendendum
733 2506 791 2534 est
830 2498 905 2533 hoc
944 2495 1097 2542 odium,
1138 2508 1277 2543 ymmo
1311 2496 1358 2532 de
1392 2495 1460 2532 illo

144 2556 328 2593 fidelibus
353 2565 409 2592 est
433 2557 701 2604 gaudendum,
727 2555 821 2604 quia
845 2568 936 2592 cum
960 2555 1033 2591 iste
1058 2556 1230 2590 mundus
1255 2567 1345 2590 eum
1378 2566 1460 2591 non

143 2615 329 2663 cognovit
368 2623 404 2651 et
443 2626 513 2662 per
553 2626 801 2663 consequens
839 2625 912 2650 nec
952 2612 1304 2650 conversacionem
1345 2625 1458 2649 suam

213 2736 351 2764 1.C0d.:
379 2736 626 2763 consumendum
765 2744 790 2769 7.
813 2736 907 2764 Cod.:
935 2736 1069 2769 cultum3
1097 2736 1137 2763 ib.
1160 2736 1256 2763 Cod.:
1286 2735 1459 2771 proposito⁸

143 2770 181 2800 13.
208 2771 299 2799 Cod.:
332 2779 402 2799 cum
430 2771 571 2799 minister
596 2772 631 2798 Jo
651 2771 803 2806 appliciti.
950 2780 991 2804 14.
1021 2770 1058 2798 15.
1086 2771 1181 2798 Cod.:
1212 2770 1352 2806 implicio
1380 2770 1460 2797 talis.

143 2806 180 2839 15,
203 2806 246 2834 16.
267 2806 362 2834 Cod.:
389 2806 504 2842 ex'qfflfl.
602 2814 648 2841 20,
670 2814 708 2834 21.
732 2806 827 2834 Cod.:
856 2806 1026 2842 preposite.
1117 2804 1161 2833 23.
1184 2805 1278 2833 Cod.:
1307 2805 1459 2832 abstrosa.

143 2840 189 2869 26.
213 2841 310 2869 Cod.:
337 2841 418 2868 vitis.
490 2840 536 2869 30.
559 2840 652 2868 Cod.:
681 2841 781 2868 simile
802 2845 856 2868 est.
930 2840 974 2870 33,
995 2840 1042 2874 34.
1065 2840 1160 2868 Cod.:
1188 2840 1254 2868 Joh.
1278 2840 1387 2867 xvsso.

216 2935 268 2969 ²9·
298 2925 320 2958 l.
346 2925 425 2959 Joh.
453 2925 509 2965 ΙΙΙ,
531 2924 580 2957 13.

1481 802 1552 830 The
1572 810 1657 829 same
1678 810 1748 837 may

1497 838 1531 865 bc
1552 837 1618 865 said
1639 837 1673 864 of
1691 837 1740 865 the

1525 873 1608 908 Popc
1628 872 1688 899 and

1529 907 1694 936 cardinals.

1508 2502 1576 2530 The
1597 2502 1716 2530 faithful

1493 2537 1603 2564 should
1627 2537 1737 2571 rejoice

1487 2572 1517 2600 in
1539 2573 1588 2599 the
1609 2572 1736 2599 world's

1577 2608 1654 2635 hate.
