1944 3323
199 260 335 288 sumno
358 248 438 305 xx}
688 261 865 293 TERTm
893 261 1019 292 PARS.

200 379 238 407 et
277 371 475 415 obsecrat,
523 370 598 405 hoc
637 377 707 413 cst,
755 380 846 404 cum
886 367 1146 404 adiuracionc
1187 368 1440 415 deprecatur,
1483 377 1519 403 et

201 438 244 465 ut
296 428 371 465 ista
423 428 553 464 forma
600 435 778 463 servetur
822 425 863 462 in
909 425 1073 474 prelatis
1118 425 1377 474 sequentibus
1424 425 1519 461 dicit

203 486 425 535 pluraliter,
459 498 541 522 non
574 483 820 521 dominative
852 493 895 520 ut
927 483 1056 520 nostri
1089 482 1247 532 prelati,
1282 483 1348 532 qui
1379 483 1419 519 in
1446 484 1521 520 boc

203 545 395 581 blasfeme
435 556 554 592 super
592 542 813 579 Dominum
859 543 1116 583 extolluntur,
1163 554 1235 578 nec
1279 541 1521 579 auctoritate

170 609 185 640 5
203 617 274 640 sua
298 604 373 640 hoc
397 601 567 650 precipit
591 602 660 638 sed
684 601 723 637 in
747 600 912 637 domino
934 603 1026 637 „lesu
1051 613 1282 637 memorans
1305 600 1404 637 illud
1425 629 1432 636 .
1455 630 1462 637 .
1484 630 1491 636 .
1513 629 1520 636 .

209 662 347 697 Omnia
380 672 599 710 quecunque
620 659 760 709 facitis
792 659 827 695 iu
861 660 1012 696 nomine
1042 659 1131 695 Jesu
1153 659 1291 708 facite.

261 722 310 756 Et
344 727 521 755 moveret
555 717 672 754 huius
705 717 849 766 prelati
884 717 986 754 filios
1009 726 1091 754 tam
1116 717 1238 754 timor
1261 730 1382 766 quam
1407 730 1522 754 amor

203 777 333 815 verbis
366 777 448 814 suis
481 778 709 814 attendere:
744 775 867 813 timor
890 776 931 812 in
953 775 1129 813 Domino
1153 785 1190 812 et
1214 789 1330 812 amor
1353 775 1394 812 in
1415 777 1520 812 Jesu.

203 838 304 873 Nam
337 835 536 873 Malachie
570 837 618 881 10,
655 836 677 871 ὁ
717 834 924 871 scribitur:
960 835 1003 870 Si
1033 847 1106 884 ego
1136 834 1340 881 Dominus,
1374 834 1438 870 ubi
1467 842 1522 870 est

148 895 321 933 iotimor·
359 907 478 939 meus,
520 902 556 930 et
588 894 779 930 Abbacuc
813 895 898 939 1110,
931 893 996 930 18:
1041 893 1094 928 Et
1133 893 1315 929 exultabo
1354 893 1389 928 in
1423 893 1521 939 Deo,

201 954 291 990 Jesu
331 965 426 989 meo.
467 954 515 989 Et
554 960 650 988 nota
689 952 797 1000 quod
836 951 910 988 iste
948 951 1127 1000 prelatus
1167 950 1365 987 discretus
1406 959 1522 999 rogat

204 1011 307 1048 filios
346 1011 523 1048 seniores
561 1019 598 1047 et
639 1011 825 1046 obsecrat
863 1009 1054 1055 iuniores,
1100 1022 1183 1046 non
1220 1018 1264 1045 ut
1309 1010 1403 1046 dent
1447 1008 1521 1045 sibi

202 1069 415 1119 pecuniam
461 1070 529 1106 sed
569 1077 611 1105 ut
649 1067 819 1105 timeant
859 1077 895 1105 et
934 1077 1070 1105 ament
1104 1067 1324 1104 Dominum
1359 1076 1432 1104 etc.
1480 1070 1522 1104 In

203 1130 278 1165 hoc
319 1141 392 1165 non
432 1128 499 1164 dat
537 1128 590 1164 eis
627 1127 852 1163 mandatum
893 1139 1048 1173 novum,
1092 1135 1135 1162 ut
1180 1138 1284 1174 pape
1324 1125 1521 1165 moderni,

150 1194 184 1226 15
203 1189 271 1224 sed
296 1187 521 1223 mandatum
556 1193 664 1222 vetus
697 1186 799 1234 quod
830 1185 1048 1221 habuerunt
1080 1186 1126 1221 ab
1159 1185 1271 1221 inicio
1294 1188 1352 1231 (ut
1376 1184 1523 1221 dicitur

204 1249 230 1283 Ι.
253 1246 340 1282 Joh.
359 1247 426 1291 110,
445 1246 498 1293 7).
523 1246 570 1280 Et
594 1243 750 1280 utinam
774 1243 942 1280 subiecti
965 1256 1070 1292 pape
1095 1242 1248 1280 cesario
1272 1242 1523 1280 remitterent

203 1303 277 1341 sibi
310 1315 563 1352 responsum,
598 1303 761 1352 quando
795 1301 970 1350 apostoli
991 1315 1073 1338 non
1098 1303 1335 1339 mandatum
1359 1315 1521 1347 novum,

203 1361 363 1411 sapiens
408 1360 687 1410 cupiditatem,
734 1360 929 1397 miserunt
974 1360 1054 1397 suis
1099 1360 1191 1396 filiis
1231 1362 1300 1396 sed
1339 1373 1520 1397 amorem

204 1420 276 1457 Dei
316 1429 354 1457 et
392 1418 697 1457 observanciam
738 1420 1038 1456 mandatorum.
1084 1420 1132 1455 Et
1178 1431 1268 1455 cum
1313 1431 1395 1455 non
1434 1419 1523 1467 plus

147 1495 188 1517 20
205 1488 391 1516 tenentur
415 1478 644 1527 spirituales
668 1477 738 1514 filii
761 1477 842 1514 suis
866 1477 1048 1526 patribus
1071 1477 1249 1523 obedire,
1285 1478 1521 1514 mandatum

206 1550 309 1586 pape
342 1550 433 1574 cum
466 1545 653 1573 neutrum
689 1536 857 1572 istorum
892 1535 1070 1584 sapuerit
1104 1537 1250 1572 debent
1283 1548 1463 1572 renuere.

263 1598 453 1632 Formam
486 1604 621 1632 autem
647 1594 945 1631 obsecracionis
969 1593 1141 1642 explicat
1164 1595 1396 1643 Apostolus,
1432 1607 1522 1630 cum

206 1654 428 1702 subiungit:
475 1662 515 1689 ut
547 1654 871 1702 quemadmodum
904 1653 1106 1702 accepistis
1138 1666 1159 1688 a
1194 1653 1300 1689 nobis
1332 1653 1523 1701 quomodo

207 1726 273 1750 vos
311 1720 487 1762 oporteat
527 1712 729 1748 ambulare
769 1719 804 1747 et
840 1712 1000 1760 placere
1031 1712 1130 1756 Deo,
1168 1711 1222 1747 sic
1254 1718 1289 1747 et
1321 1711 1524 1747 ambuletis

149 1777 245 1809 2511t
277 1771 504 1807 habundetis
537 1770 676 1820 magis.
724 1772 813 1806 Non
846 1778 961 1817 rogat
994 1778 1036 1805 ut
1070 1770 1186 1805 detur
1218 1768 1293 1805 sibi
1327 1771 1375 1805 de
1408 1768 1523 1805 bonis

205 1830 364 1866 fortune
396 1827 621 1866 subsidium
653 1828 715 1864 vel
748 1836 790 1864 ut
824 1829 871 1864 de
905 1826 1109 1864 beneficiis
1143 1827 1309 1864 ecclesie
1333 1840 1409 1876 que
1432 1839 1524 1863 ven-

207 1887 307 1924 didit
341 1889 486 1924 dentur
518 1886 593 1923 sibi
626 1886 857 1938 symoniace
891 1885 1012 1934 primi
1046 1886 1211 1932 fructus,
1245 1887 1313 1923 sed
1350 1888 1408 1929 (ut
1431 1898 1524 1934 sepe

207 1944 389 1996 repeciit)
423 1946 631 1995 quomodo
671 1953 832 1993 oportet
870 1944 959 1981 illos
1001 1943 1154 1981 viantes
1193 1957 1264 1993 per
1301 1944 1407 1981 viam
1447 1943 1524 1980 vir-

207 2014 338 2041 tutum
378 2003 564 2041 incedere
604 2012 641 2040 et
679 2002 735 2040 sic
769 2004 853 2039 Deo
893 2015 964 2051 per
1002 2015 1127 2051 opera
1167 2002 1376 2039 meritoria
1415 2015 1525 2039 com-

150 2068 190 2099 30
207 2064 379 2112 placere.
432 2065 480 2099 Et
526 2070 636 2111 patet
681 2062 888 2110 quomodo
931 2062 1150 2110 Apostolus
1194 2061 1409 2098 necessitat
1453 2062 1525 2098 sub

208 2120 448 2158 auctoritate
483 2119 554 2157 Dei
590 2129 627 2156 et
659 2119 898 2157 necessitate
931 2119 1123 2157 auditorii
1156 2128 1199 2156 ut
1231 2120 1400 2166 faciant3
1445 2133 1527 2156 non

208 2180 315 2216 enim
348 2188 480 2227 potest
511 2178 642 2216 viator
675 2179 864 2226 aufugere
897 2178 993 2227 quin
1026 2190 1070 2214 ex
1093 2177 1165 2214 Dei
1190 2180 1383 2215 mandato
1407 2191 1527 2227 opor-

208 2247 289 2275 teat
313 2238 443 2286 ipsum
468 2236 602 2274 taliter
625 2237 835 2273 ambulare
857 2237 918 2273 vel
943 2236 1282 2285 dampnacionem
1308 2237 1525 2274 incurrere.

208 2299 256 2332 Et
279 2305 390 2345 patet
416 2304 563 2344 quante
587 2295 769 2331 subditus
793 2304 952 2331 tenetur
985 2294 1066 2332 suis
1098 2294 1314 2343 prepositis
1347 2295 1525 2334 obedire.

149 2359 189 2391 35
208 2354 300 2403 quia
335 2354 465 2391 solum
499 2353 539 2389 in
572 2353 656 2390 istis
696 2366 772 2402 que
813 2355 978 2390 mandat
1010 2354 1230 2402 Apostolus
1269 2354 1330 2390 vel
1369 2353 1409 2390 in
1448 2353 1523 2390 hiis

208 2425 284 2462 que
318 2412 452 2449 media
475 2421 566 2448 sunt
589 2413 639 2448 ad
662 2411 751 2449 ista.
786 2414 875 2448 Non
909 2411 1014 2448 enim
1049 2412 1138 2460 plus
1171 2421 1330 2448 tenetur
1362 2411 1527 2449 obedire

208 2470 376 2509 domino
408 2473 500 2507 Jesu
534 2469 714 2516 Christo;
759 2483 841 2506 non
880 2482 973 2518 ergo
1007 2470 1096 2518 plus
1137 2471 1329 2506 debemus
1363 2469 1527 2507 obedire

207 2528 469 2574 Antichristo,
505 2527 597 2564 licet
630 2528 831 2565 extollitur
863 2541 984 2576 super
1016 2527 1236 2565 Christum.

267 2586 407 2624 Eciam
431 2595 598 2635 propter
621 2587 697 2623 hoc
721 2587 887 2623 mandat
902 2587 1121 2635 Apostolus
1138 2589 1163 2623 Ι.
1181 2588 1231 2623 ad
1248 2588 1339 2624 Cor.
1357 2588 1441 2631 IVO,
1461 2588 1525 2622 10:

147 2659 192 2690 40
209 2646 429 2682 Imitatores
452 2644 527 2681 mei
548 2652 679 2692 estote,
701 2645 798 2681 sicut
820 2653 855 2681 et
887 2658 960 2695 ego
991 2645 1148 2681 Christi.
1184 2646 1241 2681 De
1274 2653 1387 2681 tanto
1421 2643 1525 2681 enim

276 2758 300 2785 5.
322 2757 414 2786 illud:
436 2757 574 2792 sequitur
594 2757 712 2784 lacuna.
733 2756 839 2784 Adde:
862 2757 929 2784 Col.
946 2757 1012 2791 1110,
1029 2765 1068 2791 17.
1143 2764 1171 2791 ς».
1189 2756 1285 2783 Cod.:
1308 2756 1455 2783 Malachie
1476 2756 1525 2782 ΠΨ

209 2793 249 2820 16.
272 2792 368 2820 Cod.:
390 2800 480 2827 papa.
608 2799 647 2826 17.
669 2791 811 2827 quando;
834 2791 961 2819 rectius:
984 2792 1077 2827 quod.
1212 2792 1255 2817 28.
1279 2791 1374 2818 cod.:
1397 2789 1525 2824 rccipiit.

207 2827 255 2863 39.
278 2827 373 2855 Cod.:
394 2826 567 2862 Apostolus
589 2827 624 2853 ad
648 2826 795 2859 Corinth3
817 2826 955 2861 sequitur
976 2827 1095 2854 lacuna.

277 2898 309 2931 6.
336 2899 411 2931 col.
440 2898 494 2939 111,
518 2908 566 2941 ιγ.

1734 253 1805 287 153

1546 726 1593 752 Hc
1613 726 1698 758 ,uites
1720 726 1801 752 them

1616 762 1664 787 tllc
1685 761 1734 787 old

1546 795 1811 823 comnmudmcnt.

1588 836 1639 857 not
1661 839 1675 857 a
1698 839 1765 857 new

1590 866 1763 900 iiix·e111i‹›1i;

1567 1603 1625 1630 and
1648 1603 1730 1630 what
1751 1604 1787 1630 lic

1569 1639 1651 1670 aslis,
1674 1639 1699 1665 is
1721 1639 1785 1665 [liat

1573 1674 1643 1708 the)v
1666 1673 1777 1700 should

1574 1709 1653 1735 wall<
1675 1708 1704 1735 iu
1729 1709 1778 1735 the

1552 1752 1619 1779 way
1641 1744 1675 1771 of
1693 1743 1801 1771 virtue.

1574 1954 1619 1982 He
1640 1954 1714 1982 does
1736 1960 1788 1982 not

1609 1990 1744 2018 demand

1576 2025 1731 2052 subsit-,lies
1753 2034 1787 2053 01·

1585 2061 1649 2088 tirst
1672 2061 1771 2088 sruits.
