1944 3323
193 227 271 272 334
770 239 995 272 JOHANNIS
1014 240 1194 272 wvcmr
1213 241 1468 273 SERMONUM
1551 228 1701 286 [sERMo
1723 240 1784 268 xr.

478 342 658 379 mortalis
690 344 750 379 vel
781 344 959 390 venialis,
994 345 1095 382 sicut
1128 355 1165 382 et
1199 359 1299 395 pena
1333 348 1473 384 saltem
1508 348 1677 396 sparsim
1712 362 1784 396 pro

476 413 548 436 suo
571 409 765 449 tempore,
801 411 837 438 et
862 402 917 439 sic
941 416 1109 450 granum
1132 404 1321 441 frumenti
1346 414 1552 454 tamquam
1580 415 1781 443 mortuum

476 459 690 495 fructificat
724 472 848 496 novus
889 461 1010 497 bomo
1050 463 1099 498 ad
1139 462 1411 499 imitacionem
1447 463 1593 500 Christi
1633 465 1783 501 fructus

476 516 667 553 virtutum
704 518 909 554 destructa
943 519 1045 567 pelle
1079 529 1286 557 contracta
1320 534 1362 557 ex
1394 522 1517 558 veteri
1551 523 1693 558 Adam.

534 577 608 610 Iste
641 583 774 611 autem
809 588 946 612 cursus
979 577 1179 624 paulative
1212 581 1433 626 procedens
1466 580 1578 628 ponit
1612 580 1816 616 finaliter5

475 632 646 679 gloriam
680 641 762 669 tam
798 634 958 682 corpori
994 648 1112 683 quam
1149 636 1294 673 anime.
1341 638 1452 673 Ordo
1492 646 1625 674 autem
1667 638 1782 674 huius

248 697 398 723 Christis
476 698 585 737 patet
624 692 928 739 quodammodo
969 692 1008 728 in
1048 693 1187 741 figura,
1229 707 1318 730 cum
1357 695 1535 732 Christus
1573 708 1783 746 resurgens

200 731 440 794 “¹“''¹1¹‡‚¹¹}‘{11ff¹⁰³d
475 759 525 783 ex
557 749 719 785 mortuis
757 750 830 785 iam
871 763 942 786 non
976 752 1154 795 moritur,
1192 751 1343 789 scilicet
1376 754 1424 789 ab
1458 752 1621 790 instanti
1655 767 1782 790 resur-

476 805 670 842 reccionis
708 819 833 855 usque
873 807 911 844 in
951 817 1131 845 eternum
1171 822 1238 846 nec
1275 823 1381 847 mors
1417 811 1489 846 sibi
1526 812 1784 847 dominabitur

474 864 579 900 ultra
602 865 805 912 angustias
838 865 1014 902 animam
1047 880 1159 903 suam
1193 876 1235 904 ut
1268 868 1389 916 prius,
1424 875 1460 904 et
1493 869 1782 917 proporciona-
1803 884 1840 905 10

475 921 607 958 biliter
654 923 770 959 debet
818 936 900 960 esse
949 926 996 960 de
1044 925 1272 962 christianis
1319 926 1483 974 singulis
1530 926 1781 963 imitantibus

475 980 577 1016 hanc
601 980 783 1028 figuram.
814 983 931 1027 Quod
955 991 1087 1019 autem
1113 983 1292 1020 Christus
1317 992 1498 1021 mortuus
1522 994 1579 1021 est
1601 994 1780 1033 peccato,

475 1046 650 1074 mortuus
682 1047 736 1075 est
767 1040 898 1086 semel,
931 1040 1025 1089 quia
1057 1040 1159 1078 sicut
1192 1042 1321 1078 solum
1355 1055 1434 1079 una
1472 1042 1557 1079 vice
1598 1052 1779 1080 mortuus

475 1104 531 1131 est
565 1097 831 1144 corporaliter
864 1111 936 1146 pro
970 1107 1055 1135 toto
1088 1109 1256 1147 peccato
1290 1100 1428 1137 mundi
1462 1101 1654 1147 tollendo,
1690 1114 1778 1138 cum

474 1153 573 1189 illud
606 1154 646 1190 in
678 1163 791 1192 tanto
824 1157 1033 1193 sacerdote
1057 1157 1241 1204 sufficiat,
1276 1158 1377 1195 sicut
1399 1158 1473 1195 sibi
1496 1159 1642 1196 sufficit
1663 1160 1781 1196 semel
1801 1163 1836 1195 15

474 1211 652 1249 introisse
683 1213 718 1249 in
751 1221 882 1250 sancta
915 1228 989 1263 pro
1024 1228 1169 1263 magno
1202 1229 1308 1252 anno
1342 1216 1480 1253 mundi
1516 1218 1574 1264 (ut
1597 1226 1706 1265 patet
1729 1219 1779 1254 ad

475 1271 652 1307 Hebreos
687 1272 786 1318 IX0);
820 1271 874 1308 sic
908 1273 1138 1310 eternaliter
1171 1282 1352 1310 mortuus
1385 1284 1442 1311 est
1475 1284 1654 1323 peccato,
1688 1288 1776 1312 cum

473 1340 679 1377 nunquam
711 1342 879 1378 peccare
911 1331 1042 1379 potuit
1076 1331 1177 1368 sicut
1209 1345 1282 1369 nec
1316 1333 1418 1369 mori
1452 1332 1652 1369 divinitus.
1688 1333 1779 1369 Imi-

473 1394 603 1422 temur
621 1399 715 1435 ergo
738 1389 843 1424 hunc
865 1389 1006 1425 ducem
1032 1398 1068 1425 et
1090 1391 1340 1427 sacerdotem
1366 1403 1568 1439 magnum,
1585 1399 1778 1440 quantum

474 1444 706 1482 sufficimus.
740 1448 788 1482 Et
816 1455 981 1495 propter
1004 1448 1073 1484 has
1097 1460 1236 1484 causas
1259 1461 1340 1486 non
1363 1448 1530 1486 iteratur
1553 1449 1778 1498 baptismus
1795 1463 1836 1485 20

476 1511 604 1539 morte
637 1503 799 1540 Domini
834 1504 1039 1552 figuratus,

532 1562 650 1606 Quod
682 1571 814 1598 autem
840 1562 1020 1599 Christus
1042 1563 1137 1600 vivit
1158 1565 1218 1600 vel
1241 1563 1320 1601 vita
1344 1564 1485 1601 deifica
1507 1565 1568 1601 vel
1589 1565 1777 1611 humana,

475 1618 565 1654 vivit
587 1620 684 1667 Deo,
717 1620 810 1669 quia
842 1622 892 1657 ad
925 1621 1119 1658 honorem
1155 1631 1191 1659 et
1224 1622 1519 1671 beneplacitum
1545 1622 1615 1659 Dei
1639 1623 1777 1671 patris.

473 1679 520 1712 Et
553 1676 607 1713 ita
641 1678 773 1714 cuncti
805 1678 957 1715 viantes
990 1680 1135 1716 debent
1168 1680 1393 1717 existimare
1425 1693 1466 1717 se
1498 1693 1581 1717 esse
1613 1689 1778 1729 peccato

474 1744 654 1772 mortuos
688 1745 724 1772 et
757 1749 855 1784 pure
888 1749 934 1773 ac
967 1736 1118 1785 integre
1150 1737 1278 1783 vivos3
1321 1748 1357 1775 et
1390 1738 1445 1775 ita
1478 1738 1660 1787 quamvis
1696 1752 1778 1775 mo-
1797 1743 1835 1775 25

474 1793 632 1829 ralizari
666 1794 812 1842 poterit
845 1803 952 1831 totus
985 1804 1112 1832 textus
1146 1796 1308 1832 Genesis
1343 1806 1379 1833 et
1412 1796 1536 1832 Exodi
1571 1809 1659 1833 cum
1693 1805 1777 1833 tota

473 1851 669 1899 scripture
702 1851 882 1897 historia,
916 1853 1063 1889 sufficit
1095 1862 1231 1890 tamen
1264 1867 1285 1890 a
1317 1863 1547 1891 sanctorum
1582 1854 1776 1890 limitibus

474 1909 718 1955 contentari;
763 1910 963 1947 credimus
1009 1911 1113 1948 enim
1154 1911 1193 1948 in
1233 1912 1418 1948 omnibus
1457 1912 1541 1949 istis
1582 1911 1773 1960 Spiritum

474 1968 663 2003 Sanctum
708 1967 865 2004 virtutis
910 1969 1086 2005 medium
1132 1969 1321 2017 attigisse,
1368 1970 1425 2006 sic
1464 1971 1572 2019 quod
1609 1969 1777 2006 ulterior

475 2025 672 2073 expressio
705 2026 841 2062 fuisset
874 2028 923 2063 ad
956 2039 1056 2063 onus
1089 2027 1273 2073 ecclesie3
1314 2036 1350 2064 et
1383 2028 1474 2064 hinc
1508 2027 1623 2064 multi
1655 2041 1704 2064 ne
1737 2027 1776 2064 in
1793 2030 1835 2063 30

474 2082 793 2131 exposicionibus
826 2085 1016 2121 excedant
1047 2085 1203 2122 virtutis
1237 2085 1427 2132 medium,
1468 2085 1635 2122 scientes
1669 2086 1775 2134 quod

473 2141 671 2189 scriptura
708 2154 778 2178 sua
817 2155 897 2178 non
936 2143 1031 2190 ligat
1070 2142 1182 2189 alios,
1222 2143 1473 2180 intendentes
1512 2143 1689 2192 practice
1729 2145 1777 2180 de

473 2208 624 2246 quanto
657 2208 890 2248 supponunt
923 2200 977 2236 eis
1009 2201 1218 2248 proficere,
1253 2210 1549 2238 contentantur.

214 2260 279 2299 The
299 2262 428 2296 Apostle
530 2258 578 2292 Et
609 2266 705 2294 nota
737 2259 845 2306 quod
878 2259 1030 2306 pseudo
1064 2258 1343 2306 imposuerunt
1366 2260 1561 2308 Apostolo
1595 2258 1707 2307 sequi
1732 2271 1776 2295 ex

197 2296 439 2358 ngzllldiggehlmet
472 2313 587 2351 dictis
609 2315 690 2351 suis
713 2315 917 2352 hominem
955 2317 1097 2352 debere
1127 2329 1305 2364 peccare,
1330 2326 1372 2353 ut
1395 2317 1529 2365 gracia
1552 2317 1774 2362 habundet3
1792 2319 1831 2352 35

232 2366 404 2427 ἓΟζξΠἸἜῘΙῪ
472 2371 561 2408 ideo
605 2372 703 2409 illud
740 2382 919 2410 removet
959 2373 1111 2410 dicens:
1150 2374 1257 2410 Absit
1294 2388 1375 2411 non
1413 2387 1483 2423 per
1521 2387 1561 2411 se
1600 2376 1667 2411 sed
1706 2387 1776 2422 per

472 2430 669 2477 accidens,
706 2440 742 2468 et
774 2431 969 2468 indirecte
1003 2432 1131 2468 evenit
1170 2433 1319 2468 bonum
1361 2445 1404 2469 ex
1444 2434 1549 2469 malo
1589 2441 1625 2469 et
1665 2445 1774 2468 com-

474 2487 646 2524 muniter
678 2502 758 2526 non
790 2489 847 2525 illi
881 2489 947 2538 qui
982 2489 1073 2526 fecit
1108 2490 1257 2526 malum
1292 2492 1358 2526 sed
1399 2491 1465 2526 alii
1505 2503 1573 2526 sue
1613 2489 1772 2538 speciei.

471 2545 535 2581 Sic
569 2546 673 2582 enim
707 2547 917 2583 occasione
951 2556 1115 2595 accepta
1148 2560 1191 2583 ex
1223 2549 1328 2584 bona
1360 2548 1444 2595 lege
1468 2557 1504 2584 et
1529 2547 1615 2584 aliis
1640 2547 1773 2583 multis

471 2603 655 2640 eveniunt
699 2606 824 2641 multa
870 2604 993 2651 mala;
1041 2605 1130 2642 ideo
1174 2618 1255 2642 non
1293 2606 1491 2654 sequitur:
1537 2605 1576 2642 Si
1617 2618 1659 2642 ex
1699 2606 1831 2648 hoc40

540 2725 581 2753 16.
604 2734 659 2760 pro
680 2734 792 2761 magno
813 2734 910 2757 anno:
932 2726 1017 2754 cod.:
1040 2735 1095 2762 pro
1117 2732 1200 2761 mag⁰
1220 2727 1255 2754 a'.
1347 2734 1390 2763 27.
1412 2727 1507 2755 Cod.:
1528 2728 1564 2755 ad
1586 2731 1772 2754 sanctorum.

540 2820 570 2850 7.
599 2809 700 2840 Rom.
720 2810 774 2847 Vl,
803 2820 833 2852 o.
951 2810 998 2851 13,
1026 2810 1079 2842 23.
1108 2811 1150 2841 ib.
1183 2820 1221 2841 10
1350 2821 1399 2852 17.
1428 2810 1530 2842 Hebr.
1558 2811 1612 2848 tx,
1643 2821 1692 2847 12,
1720 2810 1771 2841 25.

471 2854 521 2886 36.
552 2856 652 2887 Rom.
672 2856 728 2895 VI,
762 2855 795 2887 15
