1944 3323
69 278 119 314 86

90 1327 269 1354 [sitm-ultim
291 1336 322 1353 ais

157 1367 186 1388 to
208 1362 257 1388 the

95 1401 269 1430 agreement
290 1396 324 1422 os

82 1440 138 1459 our
161 1431 238 1458 xxills
259 1431 330 1457 with

150 1466 264 1493 God's:

89 1511 107 1528 1.
131 1501 226 1528 Mcu's
247 1500 326 1527 xx'ills

158 1535 255 1562 dill'cr.

83 1578 107 1597 2.
130 1570 213 1597 Ercu
236 1570 331 1596 saints

82 1605 182 1638 uricve
203 1609 230 1631 at
252 1604 332 1630 what

103 1640 171 1666 (iod
194 1639 312 1666 orders.

71 1674 96 1702 3.
119 1674 216 1701 God's
239 1674 297 1700 will
320 1673 345 1700 is

113 1714 164 1736 not
187 1710 308 1736 known.

126 2022 292 2047 Auswcrs:

111 2064 128 2081 ι.
152 2056 219 2081 (lod
243 2063 312 2090 may

121 2090 228 2116 ordain
251 2090 300 2116 tlte

105 2124 265 2151 ditl‘crcncc
286 2124 320 2150 os

176 2159 247 2186 xvlll.

648 283 870 315 „IOHANNIS
891 283 1074 313 WYQW
1094 281 1348 315 SERMONUM
1438 268 1587 325 [SERMO
1608 279 1658 306 XI-

355 404 490 439 quum,
530 390 619 425 licet
661 390 974 436 unumquodque
1012 401 1147 424 eorum
1185 389 1326 424 habeat
1360 387 1489 435 primo
1524 396 1557 423 et
1594 399 1661 433 per

354 462 393 484 sc
418 449 593 484 laborem
620 446 825 495 proprium
852 455 887 482 et
913 447 1156 490 mercedem3
1191 455 1225 482 et
1256 445 1356 481 sicut
1378 447 1419 489 (1.
1445 446 1533 481 Cor.
1558 446 1661 488 xlv’)

357 507 671 553 unumquodque
695 505 918 540 membrum
937 503 1098 539 humani
1117 503 1296 551 corporis
1322 503 1439 538 habet
1456 501 1658 549 propriam

356 563 590 611 dignitatem
642 572 678 598 et
728 561 810 597 sine
862 561 1049 609 superbia
1101 561 1219 597 servit
1271 561 1489 596 secundum
1548 566 1660 595 suum

355 621 537 657 naturale
577 619 753 655 officium
794 632 865 655 suo
906 618 992 663 toti,
1032 618 1087 654 sic
1122 620 1237 655 debet
1277 630 1359 654 esse
1393 619 1439 654 de
1474 616 1697 653 membriss

357 678 533 715 ecclesie.
588 677 664 723 Qui
705 676 808 712 enim
849 676 990 724 recipit
1029 689 1049 712 a
1085 679 1167 712 Deo
1206 676 1404 724 ampliora
1451 675 1665 711 carismata

357 745 393 772 et
426 744 481 772 est
506 736 610 782 apud
642 747 731 770 eum
763 734 945 782 superior
969 735 1084 770 debet
1113 734 1195 770 sine
1225 733 1411 782 superbia
1434 733 1494 770 vel
1517 732 1664 780 ascrip-

357 793 470 829 cione
494 792 636 829 honori
662 792 826 840 proprio
852 792 979 828 facere
1003 791 1179 828 officium
1203 791 1347 839 gracie,
1373 804 1493 839 quam
1518 789 1667 838 recepit

358 860 393 887 et
443 859 567 886 totam
621 851 778 886 laudem
828 852 911 885 Deo
963 849 1172 886 ascribere.
1232 849 1382 885 Oculus
1432 848 1536 884 enim
1587 861 1665 883 non

357 908 595 955 dedignatur
635 909 682 943 de
724 907 904 955 pedibus,
938 909 1004 943 sed
1039 906 1123 944 sine
1156 906 1437 955 indignacione
1467 906 1528 942 vel
1562 919 1666 941 mur·
1688 920 1724 941 xo

358 978 469 1002 mure
501 965 737 1002 naturaliter
761 965 866 1001 iuvat
899 964 1025 1013 ips0s3
1060 974 1096 1001 et
1129 965 1183 1001 ita
1213 966 1378 1001 credunt
1402 964 1536 1000 fideles
1560 965 1665 1012 quod

358 1025 504 1071 gradus
544 1022 765 1059 altitudinis
811 1022 960 1059 cesarie
1005 1022 1256 1059 introductus
1301 1022 1341 1058 in
1384 1022 1560 1070 prelatos
1606 1033 1666 1057 ec-

359 1081 475 1117 clesie
505 1081 598 1117 facit
621 1080 855 1117 divisionem
887 1089 922 1116 et
954 1080 1243 1116 alienacionem
1277 1093 1413 1116 eorum
1445 1093 1466 1116 a
1499 1091 1667 1127 corpore

358 1138 507 1175 Christi
548 1138 718 1181 mistico,
760 1151 849 1174 cum
891 1151 932 1174 ex
971 1138 1159 1186 superbia
1200 1138 1399 1174 diabolica
1444 1146 1480 1173 et
1520 1139 1566 1173 de
1611 1136 1667 1172 in-

360 1196 569 1233 ferioribus
610 1196 877 1244 dedignantur
923 1206 959 1231 et
1003 1209 1084 1232 non
1128 1196 1279 1232 faciunt
1324 1194 1500 1232 officium
1548 1196 1725 1231 modo&

360 1267 438 1302 quo
474 1253 663 1290 membris
698 1253 862 1290 ecclesie
896 1253 1126 1302 pertineret.

417 1312 533 1349 Circa
565 1313 667 1348 hanc
699 1312 909 1359 epistolam
936 1311 1140 1348 dubitatur
1165 1321 1297 1347 utrum
1330 1311 1466 1347 omnia
1490 1311 1669 1346 membra

360 1370 524 1406 ecclesie
565 1371 708 1405 debent
741 1369 936 1405 voluntati
972 1369 1041 1405 Dei
1082 1370 1140 1405 sui
1184 1369 1437 1405 concorditer
1475 1367 1668 1416 copulari.

358 1440 430 1463 nec
471 1427 634 1463 dubium
677 1427 771 1476 quin
817 1428 890 1463 hoc
936 1427 984 1462 sit
1037 1427 1305 1463 necessarium
1351 1436 1386 1462 et
1427 1439 1448 1462 a
1489 1425 1670 1462 fidelibus

359 1484 530 1521 maxime
553 1486 856 1521 attendendum.
881 1487 927 1520 Et
952 1484 982 1520 si
1006 1484 1184 1521 obiciunt
1209 1486 1316 1532 quod
1341 1485 1466 1520 multa
1491 1485 1671 1520 membra
1689 1498 1729 1519 πυ

360 1543 524 1579 ecclesie
557 1552 648 1579 sunt
682 1543 754 1578 sibi
789 1542 883 1590 ipsis
917 1542 1115 1578 contrarie
1150 1542 1364 1578 voluntatis
1398 1551 1516 1590 atque
1549 1540 1670 1577 officii

358 1601 471 1636 valde
506 1600 690 1648 disparis,
731 1613 865 1648 ymmo
900 1602 1015 1636 beata
1048 1600 1157 1647 virgo
1192 1609 1227 1636 et
1262 1600 1382 1636 ceteri
1415 1599 1542 1635 sancti
1572 1595 1575 1651 Ι
1605 1611 1672 1635 na-

359 1658 541 1694 turaliter
573 1659 707 1694 dolent
731 1659 778 1694 de
812 1658 922 1705 penis
956 1667 991 1694 et
1026 1658 1220 1693 mortibus
1254 1658 1476 1694 amicorum
1512 1666 1549 1693 et
1582 1669 1670 1692 cum

361 1718 464 1752 Deus
505 1717 585 1751 vult
619 1717 725 1764 quod
765 1715 839 1751 ista
879 1715 1082 1760 sufferant,
1129 1725 1236 1763 patet
1276 1717 1383 1763 quod
1423 1715 1575 1751 licitum
1617 1723 1672 1750 est

361 1786 426 1810 eos
450 1774 644 1810 voluntati
669 1773 740 1809 Dei
776 1786 858 1809 esse
892 1773 1288 1820 contra1·ios,ymmo
1323 1786 1412 1809 cum
1446 1785 1517 1808 nec
1551 1773 1671 1807 homo
1691 1777 1728 1808 25

361 1844 432 1867 nec
479 1831 663 1867 diabolus
708 1831 912 1878 cognoscit
958 1832 1202 1867 voluntatem
1243 1830 1426 1878 proximi,
1468 1831 1673 1878 quomodo

363 1898 621 1936 cognosceret
643 1889 772 1925 viator
795 1889 1039 1925 voluntatem
1066 1888 1272 1925 altissimi?
1304 1889 1421 1924 Tales
1445 1898 1535 1924 sunt
1559 1887 1672 1923 multi

361 1947 539 1982 obiectus
573 1947 795 1983 infidelium
831 1960 929 1994 quos
963 1946 1171 1994 superfluit
1208 1946 1387 1982 recitare.

420 2005 496 2040 Sed
542 2017 630 2040 cum
677 2006 999 2052 respondendum
1046 2004 1093 2039 sit
1139 2005 1273 2043 stulto,
1320 2016 1367 2039 ne
1406 2003 1478 2039 sibi
1519 2002 1676 2051 sapiens

363 2062 556 2100 videatur,
592 2064 914 2110 respondendum
952 2071 1007 2098 est
1039 2061 1207 2098 breviter
1231 2063 1279 2097 ad
1305 2061 1510 2109 quodlibet
1533 2062 1675 2096 horum
1695 2065 1736 2096 '50

363 2119 497 2155 trium.
533 2121 590 2155 Ad
624 2120 797 2167 primum
824 2120 968 2156 dicitur
992 2121 1097 2167 quod
1134 2119 1396 2155 contrarietas
1425 2120 1676 2155 voluntatum

363 2186 576 2213 attestatur
609 2190 727 2225 super
762 2187 927 2225 peccato
962 2178 1084 2226 partis·
1128 2177 1290 2213 alterius
1323 2178 1383 2213 vel
1417 2177 1587 2212 mortale
1619 2176 1678 2211 vel

364 2236 413 2270 ad
455 2235 665 2270 minimum
706 2235 879 2274 veniale:
925 2237 1030 2271 unde
1072 2235 1173 2271 beati
1215 2248 1294 2271 non
1335 2243 1425 2270 sunt
1465 2233 1504 2270 in
1543 2233 1677 2281 aliquo

365 2292 437 2327 sibi
463 2292 557 2340 ipsis
585 2293 775 2329 contrarii
800 2297 856 2338 (ut
881 2292 952 2328 fuit
976 2295 1022 2329 de
1048 2293 1169 2329 Paulo
1195 2302 1231 2328 et
1254 2294 1436 2329 Barnaba
1460 2293 1546 2327 Act.
1573 2320 1580 2327 .
1606 2320 1612 2327 .
1639 2295 1676 2335 .).

365 2359 442 2386 stat
482 2360 615 2386 tamen
657 2351 763 2398 quod
805 2359 944 2386 neuter
991 2351 1039 2386 sit
1084 2350 1277 2386 voluntati
1319 2349 1389 2385 Dei
1439 2348 1676 2393 contrarius,
1696 2353 1733 2385 35

367 2419 455 2443 cum
492 2409 595 2443 Deus
637 2421 678 2443 ex
718 2421 837 2444 causa
883 2408 996 2444 nobis
1036 2407 1270 2444 abscondita
1315 2407 1369 2443 sie
1409 2406 1532 2443 voluit
1570 2406 1677 2454 ipsos

367 2477 449 2500 esse
484 2466 707 2502 contrarios
742 2476 777 2501 et
811 2478 880 2513 per
918 2478 1166 2513 consequens
1199 2465 1342 2501 volicio
1378 2477 1455 2513 qua
1484 2466 1588 2500 Deus
1621 2463 1676 2499 sic

366 2523 504 2563 voluit,
552 2523 651 2559 foret
700 2524 906 2571 utriusque
952 2523 1056 2559 actui
1104 2522 1332 2559 conformis.
1389 2522 1498 2558 Licet
1543 2530 1675 2558 autem

368 2581 468 2616 alter
520 2593 654 2616 eorum
709 2581 886 2629 peccavit
932 2580 1149 2625 venialiter,
1202 2593 1281 2616 non
1335 2590 1469 2616 tamen
1520 2588 1677 2627 oportet

1691 1580 1763 1611 Ful.

1690 1629 1770 1650 ,Ἰν-Ω

441 2745 478 2771 ¹7·
500 2737 532 2762 ln
555 2745 668 2770 111411*;.:.:
691 2738 836 2764 llubium.
935 2746 980 2764 eo.
1003 2738 1034 2764 ln
1058 2746 1170 2771 uxawg..¹
1194 2737 1339 2764 Obiecciu
1362 2737 1481 2771 triplex.
1583 2744 1621 2762 21.
1644 2737 1675 2762 In

371 2779 485 2809 ¹¹¹³,1'3-23
509 2779 527 2797 1.
626 2779 669 2798 22.
691 2772 722 2798 In
746 2781 858 2806 ωλι-μη
881 2781 905 2799 2.
1004 2771 1046 2799 32.
1072 2773 1100 2798 [u
1123 2772 1209 2798 cod.:
1231 2772 1364 2799 mortali.
1458 2770 1504 2804 34.
1526 2772 1612 2797 Act.:
1634 2778 1678 2797 se-

370 2810 473 2839 quitur
495 2806 611 2832 lacuna.
685 2805 729 2840 37.
753 2806 850 2834 Cod.:
873 2807 1002 2837 rolucio.

442 2888 492 2929 34.
523 2889 596 2920 Act.
622 2888 695 2928 XV,
725 2888 777 2932 39,
802 2899 856 2930 40.
