1944 3323
155 232 233 267 256

165 470 192 493 ii.
214 466 258 493 He
280 473 404 501 argues:

161 503 261 530 There
283 501 308 527 is
330 509 414 528 more

177 544 264 571 grace
285 536 355 562 than
377 536 402 563 is

203 570 321 598 uec-dtu!
343 575 373 598 to

180 605 340 637 <alx-arion,
365 614 399 632 so

198 642 246 668 1116
269 644 326 666 rest
348 641 373 668 is

184 674 388 712 superfluous

184 2147 228 2174 He
250 2147 326 2173 adds
348 2147 410 2173 111111

184 2183 258 2209 laws
279 2182 410 2216 compcl,

203 2217 253 2243 but
275 2216 390 2251 private

178 2251 285 2277 orders
306 2251 416 2277 induce

196 2290 225 2312 to
248 2286 282 2312 be
303 2285 393 2319 good.

735 239 958 272 JOHANNIS
977 239 1159 272 WYCLIF
1177 238 1431 271 SERMONUM
1466 224 1617 282 [SERMO
1639 235 1746 263 XXXI·

441 346 613 383 stancias
657 346 878 383 laudabiles
924 358 1000 393 que
1050 345 1347 393 distinguuntur
1393 346 1441 381 ab
1486 344 1747 381 observancia

443 406 741 441 mandatorum.

498 464 615 498 Sexto
648 461 779 509 arguit
802 460 875 496 sic:
910 462 1010 497 Cum
1047 460 1238 497 medietas
1270 460 1492 497 latitudinis
1525 459 1656 507 gracie
1680 472 1749 507 per

441 532 479 556 se
524 519 670 556 sufficit
714 520 763 555 ad
807 519 990 563 salutem,
1038 518 1216 567 sequitur
1264 526 1499 566 argumento
1551 516 1747 554 consimili

441 579 548 625 quod
602 586 729 613 totum
784 576 987 612 residuum
1041 576 1262 624 superfluit.
1327 577 1404 613 Sed
1457 575 1618 623 argucia
1676 575 1749 612 ista

440 635 600 683 putrida
653 635 822 671 collecta
875 642 931 670 est
976 634 1196 682 antiquitus
1241 647 1310 682 per
1344 631 1534 670 'summos
1578 632 1747 681 ydiotas,

438 692 729 740 Ymaginantur
768 691 872 728 enim
918 691 1082 740 quidam
1128 704 1267 728 eorum
1313 692 1400 740 plus
1439 691 1670 740 profundati
1711 691 1750 727 in

441 750 642 786 erroribus
682 751 789 798 quod
829 750 962 798 gracia
1003 749 1259 797 componitur
1293 762 1336 785 ex
1367 749 1447 785 suis
1481 748 1660 797 partibus
1693 748 1749 784 in-

440 807 613 854 tensivis,
660 809 727 844 sed
773 808 1022 844 extendendo
1067 820 1213 844 nomen
1256 806 1389 855 gracie
1432 806 1653 843 latitudinis
1699 808 1749 843 ad

441 867 710 914 quodcunque
743 867 892 902 donum
913 865 984 902 Dei
1017 865 1139 913 gratis
1173 867 1310 901 datum
1351 877 1390 901 se
1432 865 1582 901 habens
1615 864 1750 900 diffor-

442 925 559 961 miter
604 925 737 972 quoad
788 932 946 971 tempus
995 924 1056 960 vel
1107 923 1344 968 subiectum,
1396 924 1574 958 concedo
1619 921 1751 970 gracie

442 981 708 1027 latitudinem,
761 981 816 1018 sic
867 981 977 1017 nulla
1027 993 1120 1029 pars
1173 981 1255 1017 eius
1306 993 1377 1029 per
1421 992 1462 1016 se
1512 979 1657 1016 sufficit
1702 981 1752 1016 ad

442 1039 746 1085 beatitudinem,
808 1051 897 1076 cum
955 1048 1088 1087 preter
1148 1038 1382 1087 qualitatem
1443 1047 1603 1086 oportet
1661 1037 1752 1074 addi

441 1097 740 1146 operacionem,
787 1096 1129 1145 perseveranciam
1176 1106 1212 1133 et
1258 1097 1382 1133 multa
1427 1096 1515 1132 alia.
1571 1098 1618 1132 Et
1663 1108 1751 1132 cum

443 1156 671 1205 quicunque
711 1157 849 1192 beatus
888 1154 1151 1203 premiabitur
1195 1155 1412 1191 secundum
1459 1155 1628 1202 gradum
1674 1167 1752 1202 quo

444 1213 601 1260 meruit,
636 1222 745 1261 patet
771 1214 878 1261 quod
910 1226 991 1249 non
1025 1221 1082 1249 est
1116 1213 1245 1249 color:
1281 1212 1320 1248 Si
1354 1212 1442 1260 quis
1475 1220 1606 1260 potest
1631 1211 1752 1247 beati-

444 1271 554 1308 ficari
588 1273 637 1308 ad
671 1271 791 1307 aliam
828 1270 1114 1307 beatitudinem
1148 1270 1437 1311 inducendam2
1482 1271 1550 1306 sed
1588 1278 1753 1318 propter

444 1331 518 1366 hoc
541 1329 763 1377 superfluit.
798 1329 863 1365 Sic
887 1328 992 1365 enim
1018 1337 1054 1365 et
1085 1328 1308 1365 coloracius
1332 1327 1498 1376 quilibet
1532 1328 1752 1364 monachus

444 1396 480 1424 et
513 1396 619 1423 totus
659 1388 758 1423 ordo
798 1400 891 1423 suus
932 1386 1206 1434 superflueret,
1241 1399 1330 1422 cum
1366 1394 1450 1422 tota
1483 1385 1658 1422 militans
1692 1398 1752 1421 ec-

445 1445 563 1482 clesia
603 1453 734 1492 potest
772 1445 887 1492 plene
933 1454 969 1480 et
1008 1445 1180 1492 perfecte
1226 1444 1415 1492 consequi
1461 1443 1785 1479 beatitudinem2

444 1503 526 1539 sine
577 1503 646 1539 illo
689 1502 830 1538 ordine
879 1503 940 1538 vel
987 1501 1122 1550 aliquo
1171 1501 1410 1539 monachali.
1468 1501 1576 1537 Licet
1620 1510 1752 1538 autem

445 1573 614 1609 persona
661 1559 799 1596 matris
845 1559 1009 1597 ecclesie
1054 1568 1188 1608 posset
1236 1572 1319 1597 esse
1363 1560 1477 1608 plene
1515 1560 1631 1596 beata
1670 1559 1753 1595 sine

446 1619 529 1655 istis
574 1618 739 1667 privatis
789 1617 1010 1663 ordinibus,
1060 1626 1227 1666 prosunt
1271 1627 1405 1654 tamen
1456 1629 1525 1665 per
1570 1616 1754 1654 accidens

448 1676 563 1714 matri
596 1685 731 1712 nostre
764 1676 865 1712 sicut
898 1675 1094 1722 diabolus,
1129 1676 1229 1712 sicut
1264 1676 1484 1712 monachus
1517 1688 1605 1711 vere
1639 1674 1752 1711 dicit:

445 1736 505 1771 lex
544 1734 706 1780 Christi,
752 1743 945 1782 quantum
986 1742 1042 1770 est
1090 1746 1132 1770 ex
1177 1742 1290 1782 parte
1334 1733 1444 1781 legis,
1499 1742 1555 1769 est
1598 1746 1668 1781 per
1715 1745 1754 1769 se

446 1792 646 1829 sufficiens
670 1791 742 1828 toti
776 1792 953 1828 humano
986 1791 1120 1839 generi
1153 1793 1202 1828 ad
1234 1792 1415 1828 salutem.
1451 1791 1490 1828 Si
1514 1800 1647 1827 tamen
1679 1792 1754 1826 hoc

446 1851 496 1886 sit
527 1862 677 1896 verum,
711 1862 756 1886 ve
788 1849 864 1886 illis
897 1849 965 1898 qui
999 1851 1151 1885 addunt
1183 1848 1426 1886 tradiciones
1461 1849 1621 1885 frivolas
1654 1857 1754 1884 tam-

447 1921 567 1957 quam
601 1909 719 1956 leges,
753 1907 855 1944 sicut
878 1907 1090 1955 religiones
1122 1907 1275 1955 private
1309 1906 1467 1955 spissim
1491 1906 1654 1951 faciunt,
1686 1918 1755 1954 per

447 1979 545 2014 quas
596 1964 838 2002 tradiciones
889 1966 948 2002 lex
993 1965 1153 2001 Domini
1198 1965 1457 2001 immaculata
1503 1966 1753 2009 obscuratur,

447 2024 654 2072 ignoratur
700 2032 737 2060 et
775 2022 815 2059 in
861 2023 1002 2060 effectu
1039 2022 1486 2071 pseudodiscipulorum
1520 2020 1753 2058 Antichristi

448 2081 718 2130 postponitur.

506 2141 583 2176 Sed
616 2138 727 2175 addit
760 2140 980 2175 monachus
1015 2140 1122 2187 quod
1155 2139 1317 2175 coaccio
1350 2147 1387 2174 et
1417 2137 1631 2174 instruccio
1665 2145 1755 2173 sunt

449 2196 670 2234 necessarie
710 2198 759 2233 ad
798 2197 925 2245 legem
960 2197 1121 2233 Domini
1161 2196 1459 2242 addiscendam,
1495 2204 1531 2232 et
1563 2195 1619 2231 sic
1652 2195 1754 2242 leges

450 2255 582 2291 civiles
616 2263 708 2291 sunt
732 2254 908 2291 medium
942 2267 1086 2303 cogens
1120 2254 1255 2291 fideles
1289 2256 1338 2290 ad
1371 2255 1520 2290 bonum
1545 2262 1753 2301 tamquam

450 2312 625 2349 medium
650 2312 820 2358 timoris,
851 2314 919 2348 sed
944 2312 1089 2360 privati
1112 2312 1272 2348 ordines
1295 2320 1384 2348 sunt
1409 2311 1583 2348 medium
1608 2309 1756 2347 amoris

449 2371 640 2407 inducens
675 2370 801 2407 eciam
835 2372 884 2406 ad
918 2372 1081 2407 bonum.
1116 2372 1163 2405 Et
1196 2370 1251 2406 sic
1285 2368 1560 2418 multipliciter
1589 2377 1756 2416 prosunt

450 2428 570 2465 matri
603 2428 780 2465 ecclesie.

507 2489 548 2523 In
587 2486 660 2522 ista
693 2494 789 2522 nota
822 2498 957 2522 verum
997 2485 1225 2531 assumitur,
1259 2498 1348 2521 cum
1383 2484 1556 2532 Spiritus
1589 2485 1756 2520 Sanctus

451 2553 486 2580 et
535 2557 605 2580 sua
651 2543 782 2580 mocio
822 2552 912 2580 sunt
958 2543 1088 2579 media
1127 2543 1350 2579 necessaria
1390 2544 1439 2578 ad
1478 2542 1755 2578 instruendum

521 2676 545 2705 3.
578 2678 610 2704 111
644 2685 756 2712 marga
791 2678 822 2709 st:
856 2677 895 2703 ib.
927 2676 1021 2704 Cod.:
1058 2676 1270 2710 beatitudiuis3
1305 2675 1429 2703 Corrcxi
1464 2684 1478 2702 e
1507 2675 1593 2703 Fasc.
1626 2675 1756 2705 limum,

455 2721 521 2751 pag.
544 2720 601 2745 241.
675 2721 704 2745 4.
725 2712 757 2739 Iu
779 2720 891 2746 marg:
913 2711 1094 2746 Responsio,
1169 2711 1196 2738 0.
1219 2711 1313 2738 Cod.:
1335 2719 1483 2737 summas.
1558 2718 1586 2744 t).
1608 2710 1702 2737 Cod.:
1725 2718 1758 2736 ac

453 2747 632 2774 latitudinis.
724 2745 761 2773 13.
783 2746 876 2773 Cod.:
900 2746 1094 2773 beatitudine.
1179 2753 1217 2773 21.
1240 2745 1335 2773 Cod.:
1357 2753 1424 2772 611111
1447 2745 1508 2772 illo.
1594 2743 1639 2771 30.
1662 2743 1755 2771 Cod.:

455 2781 810 2817 pseudodiscipulorum.

526 2854 554 2887 3.
584 2852 711 2885 Fascic.
738 2852 800 2885 ziz.
829 2862 904 2894 241.
1002 2852 1053 2884 32.
1079 2851 1161 2884 ibid.

1768 579 1783 611 5

1773 879 1808 899 10

1775 1156 1809 1188 15

1773 1735 1809 1766 25

1770 2023 1812 2055 30

1773 2314 1811 2346 35
