1944 3323
216 211 293 246 362

210 1439 276 1466 The
297 1444 363 1466 root
384 1440 418 1466 of
436 1440 471 1467 all

310 1475 386 1501 their

228 1509 420 1535 wickcdness
442 1510 467 1536 is

234 1548 465 1570 covetousuess,

798 222 1024 254 JOHANNIS
1047 224 1227 255 WYCLIF
1246 224 1501 257 SERMONUM
1541 210 1693 267 [SERMO
1715 223 1805 250 XLII·

502 329 603 377 regis
636 331 685 365 ad
726 329 984 365 medi-andum
1026 330 1127 366 inter
1166 330 1296 379 ipsum
1338 341 1373 368 et
1413 344 1505 368 suos
1545 341 1724 369 tenentes
1764 347 1806 370 ex

502 400 647 434 magno
693 386 864 423 concilio
909 387 1117 424 ordinatus
1157 389 1223 437 qui
1263 389 1428 426 dimisso
1469 391 1590 426 verbo
1629 391 1806 428 veritatis

501 447 607 493 quod
648 444 720 481 sibi
760 443 981 493 iniungitur
1019 446 1182 483 nunciat
1221 447 1447 484 tenentibus
1488 448 1697 485 mendacia
1731 463 1806 497 que

500 515 579 538 non
609 516 630 540 a
660 502 824 539 domino
853 511 945 539 sunt
974 513 1163 552 precepta
1188 514 1223 541 et
1247 506 1384 542 exhinc
1409 505 1583 542 exoritur
1607 507 1805 544 discordia

500 560 603 597 inter
636 560 845 597 dominum
882 569 918 597 et
952 569 1142 606 tenentes⁷
1184 576 1317 600 nonne
1350 564 1451 601 foret
1484 564 1574 601 talis
1608 565 1838 601 mediator5

501 618 684 666 proditor
716 619 1005 667 utrorumque?
1049 620 1113 656 Sic
1158 630 1289 657 autem
1336 631 1395 658 est
1434 624 1481 658 de
1520 622 1708 659 fratribus
1745 624 1806 659 vel

501 676 805 726 quibuscunque
837 676 925 714 aliis
949 678 1258 726 evangelizando
1284 680 1492 717 mendacia
1516 680 1806 717 seminantibus

501 744 537 770 et
576 748 645 783 per
684 747 931 784 consequens
968 735 1206 773 facientibus
1250 737 1493 775 discordiam
1539 738 1641 774 inter
1679 740 1805 775 Deum

500 802 536 829 ct
570 794 764 842 populum
799 792 1073 831 christianum.

558 854 604 888 Et
638 854 771 901 quoad
804 853 1023 889 secundum
1059 852 1314 889 manifestum
1349 863 1404 890 est
1438 855 1545 902 quod
1578 854 1677 889 tales
1715 862 1864 893 sunt10

500 911 715 947 demonimn
750 908 1017 946 meridianum
1051 911 1086 946 in
1111 912 1297 963 ypocrisi
1327 913 1520 960 loquentes
1552 911 1803 948 mendacium.

500 970 716 1014 Quomodo
736 971 865 1016 (rogo)
885 970 1121 1005 seducerent
1143 970 1337 1017 populum
1361 969 1417 1006 sic
1441 971 1490 1006 ad
1514 969 1804 1006 fraternitatem

500 1040 611 1063 suam
647 1040 718 1075 per
749 1026 885 1063 literas
918 1039 1008 1063 suas
1040 1027 1116 1064 nisi
1150 1028 1404 1064 sanctitatem
1428 1040 1497 1075 pre
1522 1027 1662 1064 ceteris
1685 1027 1806 1064 simu-

499 1086 652 1121 larent?
697 1094 765 1121 aut
798 1087 1003 1134 quomodo
1044 1089 1170 1133 (rogo)
1209 1095 1291 1122 tam
1330 1086 1508 1122 frontose
1548 1086 1806 1134 loquerentur

501 1143 753 1180 mendacium
797 1145 844 1179 de
882 1144 1016 1181 valore
1057 1143 1171 1180 huius
1210 1143 1482 1189 fraternitatis,
1528 1145 1575 1179 de
1615 1144 1862 1191 predesti-15

498 1201 667 1238 nacione
719 1214 789 1238 sua
837 1214 882 1237 ac
930 1202 1067 1250 populi
1113 1215 1203 1239 cum
1249 1202 1336 1238 aliis
1380 1201 1598 1238 mendaciis
1644 1201 1683 1237 in
1726 1202 1806 1238 suis

499 1259 641 1295 litteris
686 1259 893 1307 implicitis
937 1260 1011 1296 nisi
1057 1273 1126 1297 sua
1171 1259 1322 1297 falsitas
1367 1261 1485 1308 peplo
1523 1258 1718 1308 ypocrisis
1758 1261 1807 1296 sit

500 1318 652 1354 velata?
682 1317 756 1371 ⁸Hii
796 1330 889 1365 ergo
930 1327 1022 1354 sunt
1061 1320 1292 1355 seductores
1332 1318 1468 1366 populi
1502 1331 1601 1366 quos
1635 1317 1806 1364 Spiritus

500 1378 669 1412 Sanctus
703 1375 911 1412 manifeste
944 1376 1038 1413 dicit
1062 1385 1248 1413 venturos
1271 1376 1310 1412 in
1336 1376 1412 1413 fine
1435 1376 1557 1413 seculi
1581 1376 1621 1412 in
1645 1377 1807 1413 nomine

500 1434 747 1471 Antichristi.
796 1436 876 1470 Nec
911 1435 1075 1471 dubium
1110 1435 1206 1483 quin
1240 1434 1349 1471 radix
1388 1434 1568 1471 omnium
1609 1435 1806 1471 malorum
1823 1450 1865 1472 20

500 1492 699 1540 cupiditas
733 1505 805 1540 pro
839 1492 1148 1530 continuacione
1183 1502 1218 1529 et
1252 1492 1482 1529 defensione
1516 1492 1574 1529 sui
1609 1493 1806 1529 consorcii

501 1560 632 1587 movet
657 1563 735 1587 eos.
772 1552 857 1595 Que
881 1553 1009 1598 (rogo)
1034 1551 1136 1588 foret
1159 1551 1375 1588 necessitas
1399 1551 1454 1587 sic
1477 1549 1675 1587 seminare
1699 1564 1806 1587 men-

500 1609 613 1645 dacia
654 1608 928 1657 perturbativa
961 1609 1127 1646 ecclesie
1161 1611 1208 1646 de
1242 1609 1321 1645 suis
1355 1609 1546 1657 proximis
1580 1609 1655 1644 nisi
1689 1609 1806 1645 fuerit

500 1668 672 1703 candens
707 1666 906 1714 cupiditas
939 1668 1218 1704 terrenorum?
1265 1668 1377 1704 Unde
1416 1667 1472 1703 illi
1504 1667 1689 1704 videntur
1722 1680 1806 1703 esse

500 1725 585 1762 falsi
610 1726 805 1773 prophete
828 1738 928 1773 quos
953 1725 1133 1762 Christus
1157 1724 1394 1774 prenunciat
1418 1725 1584 1762 Matthei
1606 1727 1708 1770 vlr‘,
1741 1727 1862 1762 15:25

498 1783 689 1819 Attendite
726 1796 746 1818 a
775 1783 898 1831 falsis
929 1784 1132 1832 prophetis
1170 1784 1234 1832 qui
1264 1784 1415 1819 veniunt
1446 1784 1497 1819 ad
1529 1796 1594 1819 vos
1627 1783 1661 1818 in
1697 1784 1805 1819 vesti-

499 1842 632 1877 mentis
677 1841 817 1887 ovium‚
864 1841 1090 1877 intrinsecus
1133 1849 1257 1878 autem
1301 1849 1387 1877 Sunt
1432 1842 1512 1890 lupi
1554 1853 1736 1890 rapaces,-
1785 1855 1805 1876 α

486 1899 688 1949 fructibus
720 1911 851 1934 eorum
885 1899 1125 1949 cognoscetis
1148 1912 1221 1936 eos.
1259 1899 1335 1945 Qui
1360 1903 1487 1946 (rogo)
1510 1908 1601 1935 sunt
1624 1899 1806 1935 falsiores

498 1957 692 2005 prophete
733 1969 852 2005 quam
893 1957 1034 1993 fratres
1080 1955 1136 1993 sic
1180 1956 1423 1994 seminantes
1469 1956 1721 1993 mendacium
1769 1966 1805 1993 et

498 2016 689 2062 fingentes
723 2026 792 2062 per
825 2014 960 2051 literas
993 2027 1154 2051 suarum
1188 2014 1485 2052 fraternitatum
1509 2016 1616 2063 quod
1640 2014 1805 2062 quilibet
1821 2020 1862 2052 30

498 2073 552 2109 eis
604 2072 644 2108 in
696 2072 946 2109 fraternitate
992 2073 1238 2110 confederati
1283 2072 1429 2109 fuerint
1475 2082 1670 2120 perpetuo
1715 2082 1805 2109 sunt

497 2130 700 2167 salvandi?
739 2130 986 2167 Vestimenta
1029 2138 1161 2167 autem
1203 2144 1273 2167 sua
1312 2130 1450 2167 dicunt
1483 2143 1565 2167 esse
1598 2131 1734 2167 onmia
1767 2131 1805 2166 in

497 2188 711 2225 sanctitate
757 2196 795 2224 et
838 2188 1052 2225 securitate
1097 2188 1356 2225 beatitudinis
1403 2188 1639 2225 excedencia
1678 2197 1805 2226 vestes

498 2245 657 2291 Christi,
694 2259 782 2282 cum
808 2246 1081 2293 dogmatizant
1104 2246 1224 2283 nimis
1248 2246 1422 2283 heretice
1446 2247 1551 2294 quod
1577 2246 1805 2295 quicunque

498 2313 678 2340 mortuus
702 2303 818 2340 fuerit
842 2303 882 2339 in
905 2304 985 2340 suis
1008 2304 1183 2341 vestibus
1207 2304 1542 2352 dampnacionem
1568 2314 1804 2352 perpetuam
1822 2308 1861 2339 35

497 2375 576 2398 non
614 2361 776 2398 videbit.
817 2361 1055 2399 lutrinsecus
1095 2371 1229 2399 autem
1262 2372 1352 2398 sunt
1385 2362 1467 2410 lupi
1501 2374 1679 2409 rapaces,
1715 2375 1804 2398 cum

497 2419 651 2456 animas
697 2428 733 2456 et
782 2431 952 2468 corpora
1006 2420 1183 2456 fidelium
1229 2420 1389 2468 rapiunt
1431 2421 1480 2456 ad
1525 2419 1723 2456 infernum
1770 2428 1806 2456 et

497 2487 703 2526 tamquam
720 2477 957 2525 sanguisuge
973 2479 1117 2514 docent
1132 2478 1371 2514 limitatores
1393 2491 1484 2514 suos
1506 2479 1580 2514 hoc
1605 2477 1804 2514 canticum

496 2536 616 2583 Affer,
648 2536 756 2584 affer.

555 2594 707 2638 Quarto
761 2602 893 2630 autem
947 2595 1063 2630 docet
1120 2594 1300 2630 Christus
1359 2606 1428 2641 per
1484 2594 1591 2641 quod
1648 2593 1801 2640 signum
1817 2605 1861 2635 40

497 2663 708 2698 possumus
754 2651 861 2699 ipsos
907 2664 1159 2699 cognoscere.
1205 2654 1294 2687 Non
1333 2650 1438 2687 enim
1478 2651 1597 2687 arbor
1636 2664 1657 2687 a
1700 2650 1803 2686 foliis

565 2772 605 2799 25.
628 2772 721 2800 Cod.:
743 2772 827 2799 salse.

570 2854 616 2875 ιι.
645 2843 803 2876 1.Thim.
831 2844 888 2882 IV,
917 2854 944 2875 2.
1044 2844 1096 2887 39.
1124 2844 1224 2875 Prov.
1254 2844 1357 2882 XXX,
1393 2844 1438 2876 15.
