1944 3323
1688 277 1703 287 a

157 278 293 307 SERMO
309 270 477 328 xxxvii]
649 283 823 315 TERTiA
851 283 978 314 PARS.
1688 290 1765 324 ³09

156 392 333 427 secundo
366 390 550 427 inclinari
583 390 689 427 circa
721 390 1038 439 occupacionem
1072 390 1316 427 laudabilem
1342 390 1476 427 divino
1492 405 1516 424 2.
1539 399 1667 438 secking
1684 400 1764 435 good

157 448 367 497 suffragio;
408 461 499 486 cum
538 448 643 485 enim
680 451 786 485 Deus
826 448 1106 497 principaliter
1138 448 1232 485 facit
1264 448 1475 486 victoriam
1527 438 1730 469 ⁰⁶0¹¹p²³t¹⁰¹¹³

156 509 224 544 sed
265 507 543 556 principaliter
584 507 623 543 in
665 507 868 544 adiutorio
908 519 980 543 suo
1022 507 1225 544 confidere
1269 516 1307 543 et
1350 507 1476 544 tercio
1509 512 1769 554 &xx-{thood's-

157 579 247 603 cum
273 568 379 602 Deus
402 565 565 602 adiuvat
597 565 780 602 homines
811 575 853 602 ut
876 575 968 602 sunt
992 565 1113 614 digni,
1144 565 1275 602 viator
1298 566 1477 602 excuciat
1493 549 1566 611 ¹¹53}
1584 552 1764 612 ξῇᾏῃῗὲὃῖζῃ

124 628 179 661 §a
209 637 250 660 se
282 632 447 672 peccata
480 633 601 672 atque
625 623 837 670 desideria,
872 633 909 660 et
943 633 1037 661 tunc
1070 633 1205 673 posset
1229 625 1277 661 de
1308 624 1477 661 victoria

157 682 333 719 hostium
366 694 505 719 secure
539 682 760 723 confidere:
794 695 866 719 nec
899 692 1035 731 posset
1068 682 1162 730 fingi
1195 684 1303 731 quod
1336 684 1477 731 prede-

157 741 305 777 stinato
345 753 389 777 ex
427 740 637 789 privilegio
677 741 814 778 divino
854 743 979 787 adest,
1021 741 1132 778 cuius
1167 740 1353 777 diabolus
1386 754 1475 790 pre-

157 799 475 836 destinacionem
510 799 667 848 ignorat
691 809 727 836 et
751 799 1026 836 sanccioribus
1052 830 1058 836 .
1078 829 1085 836 .
1104 830 1110 837 .
1132 829 1139 837 .
1165 800 1254 848 plus
1279 801 1473 836 mundum

157 866 365 906 tamquam
405 870 568 894 securus
607 859 654 894 de
694 858 876 907 reprobis
922 871 1022 907 quos
1067 858 1174 895 videt
1219 867 1376 894 tantum
1423 860 1474 895 ad

104 915 338 953 1ofacin0ra
371 916 599 953 inclinatos.
642 918 735 953 Ideo
777 917 873 953 dicit
908 919 1064 953 Petrus:
1107 917 1276 953 Scientes
1314 917 1473 953 eandem
1521 964 1526 969 ἱ
1594 921 1661 960 Τᾙο

151 975 371 1024 passionem
411 975 446 1011 ei
482 987 552 1024 qne
592 975 627 1011 in
669 976 811 1011 nznndo
850 983 905 1011 est
946 983 1073 1012 vestre
1093 975 1349 1024 fraternitati
1365 975 1475 1025 fieri,
1491 956 1765 1027 pssiffsistttlffiptsieiim

156 1033 271 1082 quasi
305 1033 473 1070 diceret:
508 1033 672 1070 Debetis
705 1033 807 1070 scire
839 1035 948 1082 quod
982 1033 1167 1070 diabolus
1200 1033 1474 1082 temptacione

155 1091 355 1128 consimili
406 1101 577 1140 temptat
627 1092 924 1140 predestinatos
976 1101 1018 1128 ut
1068 1091 1265 1141 prescitos
1323 1093 1474 1128 mundo

155 1150 326 1196 deditos,
343 1150 434 1186 ideo
452 1159 627 1187 vestram
651 1150 945 1187 fraternitatem
971 1151 1052 1187 sive
1076 1150 1288 1199 collegium
1314 1159 1474 1199 oportet

102 1209 138 1241 15
155 1208 237 1257 pati
271 1221 293 1245 a
326 1208 489 1245 diabolo
522 1218 565 1245 ut
604 1210 843 1246 mundanos.
878 1209 987 1245 Finis
1021 1218 1155 1246 autem
1189 1208 1356 1245 victorie
1380 1209 1474 1245 facit

154 1267 426 1304 diversitatem
461 1267 706 1315 specificam,
740 1267 832 1304 licet
871 1277 1004 1315 partes
1037 1267 1192 1316 priores
1226 1280 1381 1316 pugnas
1407 1269 1474 1304 ha-

154 1327 273 1362 beant
306 1325 401 1362 satis
435 1325 677 1362 consimiles.

213 1386 351 1420 Petrus
376 1392 508 1421 autem
534 1385 784 1421 confortatus
808 1384 847 1420 in
871 1385 945 1420 hac
980 1384 1221 1421 certitudine
1256 1384 1348 1421 fidei
1382 1397 1473 1432 pro-

155 1442 307 1490 rumpit
352 1442 392 1478 in
436 1443 597 1479 laudem
638 1442 786 1480 Christi
832 1442 987 1479 dicens:
1028 1444 1135 1479 Deus
1177 1450 1304 1479 antem
1351 1444 1474 1479 omnis
1504 1450 1602 1478 God’s
1623 1450 1696 1485 gitis
1716 1451 1750 1478 of

99 1501 290 1551 20gracie
334 1502 399 1550 qui
442 1502 592 1538 vocavit
639 1514 707 1537 nos
750 1502 785 1537 in
831 1509 1003 1537 eternam
1049 1503 1248 1538 ecclesiam
1293 1514 1401 1538 suani
1436 1502 1472 1537 in
1576 1493 1675 1521 grace.

160 1559 316 1595 Christo
347 1560 451 1607 Jesu,
484 1560 676 1596 modicum
704 1572 845 1609 passos
876 1560 956 1609 ipse
988 1561 1178 1610 perficiet,
1217 1560 1473 1610 confirmabit,

154 1618 419 1667 solidabitque.
455 1618 535 1667 Ipsi
563 1618 696 1669 gloria
730 1626 764 1654 et
795 1618 999 1667 imperinm
1034 1619 1070 1654 in
1102 1619 1230 1655 secula
1253 1618 1472 1655 seculorum

155 1676 287 1712 Anien.
342 1676 478 1712 Primo
529 1688 623 1724 ergo
678 1676 892 1725 profitetur
940 1678 1079 1713 Petrus
1134 1679 1261 1713 Deum
1314 1686 1470 1725 patrem

156 1734 325 1771 istorum
366 1734 543 1771 fidelium
585 1747 669 1771 esse
703 1737 831 1771 Deum
872 1735 1003 1771 omnis
1043 1735 1177 1783 gracie
1211 1736 1261 1772 ad
1294 1736 1472 1783 comple-

101 1794 138 1826 25
156 1792 312 1830 cionem
343 1806 412 1830 sue
434 1793 601 1830 victorie
635 1793 840 1842 requisite.
875 1796 952 1830 Dat
986 1794 1090 1830 enim
1127 1793 1260 1842 primo
1293 1793 1471 1842 graciam

154 1851 352 1899 gratuitus
392 1860 429 1888 et
460 1851 687 1898 virtutibus,
728 1854 906 1888 secundo
946 1852 985 1887 in
1020 1852 1234 1900 multiplici
1268 1852 1472 1888 adiutorio

154 1910 302 1946 actuali
349 1919 385 1946 et
423 1909 549 1946 tercio
591 1911 658 1947 dat
702 1910 879 1958 graciam
928 1910 1101 1947 finaliter
1147 1920 1469 1947 consumantem.

154 1970 240 2016 Ipse
281 1977 415 2005 autem
456 1981 545 2005 cum
587 1968 745 2005 vocavit
785 1981 878 2005 suos
919 1969 1068 2005 electos
1106 1982 1207 2018 quos
1241 1970 1381 2006 Petrus
1428 1981 1471 2005 ex

152 2026 374 2075 prophecia
406 2036 573 2064 noverat
604 2029 752 2063 nedum
787 2028 837 2063 ad
871 2027 1162 2064 beatitudinem
1197 2029 1264 2064 sed
1299 2027 1338 2064 in
1372 2036 1470 2064 eter-

96 2087 246 2122 30nam
280 2098 394 2122 suam
427 2085 613 2133 gloriam,
649 2086 724 2122 hoc
749 2094 819 2131 est,
854 2086 1080 2134 proposuit,
1115 2095 1158 2122 ut
1180 2085 1266 2122 sitis
1290 2086 1467 2134 gloriosi,

152 2143 244 2180 licet
278 2143 483 2180 modicum
517 2143 557 2180 in
591 2144 751 2181 Christo
785 2144 1004 2192 paciamini
1044 2144 1107 2181 hic
1147 2144 1187 2180 in
1219 2144 1294 2190 via,
1334 2153 1471 2181 tamen

151 2201 319 2239 victoria
360 2211 417 2238 est
455 2203 666 2251 speranda.
715 2202 820 2239 Dicit
866 2215 959 2251 ergo
1005 2203 1212 2250 modicum,
1258 2203 1352 2251 quia
1397 2215 1469 2238 non

151 2268 238 2297 sunt
296 2261 487 2311 condigne
537 2261 740 2310 passiones
790 2261 902 2298 liuius
951 2262 1137 2311 temporis
1186 2263 1238 2297 ad
1282 2263 1468 2311 futuram

150 2319 323 2370 gloriam
376 2332 445 2368 qne
497 2320 747 2366 revelabitur,
798 2328 835 2355 et
881 2319 979 2356 dicit
1023 2332 1165 2369 passos
1208 2319 1248 2356 in
1294 2320 1468 2365 Christo,

94 2378 134 2410 35
153 2377 246 2425 quia
280 2390 369 2414 cum
404 2390 484 2413 non
516 2377 556 2413 in
589 2390 831 2426 quacunque
865 2391 986 2415 causa
1019 2387 1062 2414 ut
1095 2379 1214 2417 furto,
1249 2377 1469 2414 homicidio

152 2436 212 2472 vel
245 2435 365 2471 simili
400 2448 519 2472 causa
560 2437 682 2472 seculi
722 2445 835 2473 erant
869 2436 975 2484 passi
1008 2438 1077 2473 sed
1111 2436 1268 2473 iusticia
1303 2449 1378 2485 quc
1412 2446 1470 2473 est

153 2506 273 2531 causa
313 2494 474 2539 Christi,
521 2503 558 2530 et
603 2494 764 2531 realiter
806 2494 891 2543 ipse
931 2495 1114 2531 Christus
1160 2504 1196 2532 et
1239 2495 1469 2532 necessario

152 2552 333 2600 perficiet
355 2552 566 2589 victoriam
601 2566 733 2601 pugne
765 2566 885 2602 quam
920 2562 1002 2590 tam
1035 2553 1216 2601 graciose
1248 2553 1467 2602 inceperat,

151 2612 327 2648 secundo
366 2611 624 2648 confirmabit
668 2612 852 2659 regulans
892 2624 1068 2660 pugnam
1108 2612 1148 2648 in
1188 2612 1266 2648 fine
1308 2612 1387 2649 vite
1432 2621 1469 2649 et

221 2756 248 2786 S.
281 2763 309 2791 9.
347 2756 406 2783 Hic
437 2757 523 2784 locus
555 2762 720 2793 corruptus
753 2762 807 2784 est.
846 2757 978 2793 Aliquot
1010 2758 1103 2785 verba
1132 2758 1285 2785 excidisse
1314 2758 1466 2786 videntur.

151 2799 192 2825 14.
215 2790 309 2819 Cod.:
337 2791 476 2827 collegin.
579 2793 626 2820 26.
675 2792 834 2827 ratuitus);
861 2794 948 2820 cod.:
975 2793 1112 2828 g⁸c1110t⁷.
1142 2793 1249 2821 Adde:
1279 2798 1307 2820 et
1334 2794 1467 2828 plenam.

149 2825 193 2862 37.
216 2826 311 2854 Cod.:
333 2826 476 2854 Christus
497 2831 551 2854 est.
627 2801 671 2855 38g.
693 2827 788 2855 Cod.:
811 2836 903 2863 quam
925 2833 1001 2855 tum.
1080 2827 1127 2863 39.
1149 2828 1232 2856 Cod:
1254 2828 1285 2855 in
1306 2828 1408 2855 finem.

225 2932 278 2954 10.
307 2923 331 2954 1.
359 2922 448 2954 Petri
475 2923 517 2962 V,
543 2933 576 2965 9.
677 2933 727 2966 19.
755 2923 799 2955 ib.
830 2933 884 2963 10,
915 2934 967 2956 11.
1065 2923 1118 2964 34.
1146 2924 1252 2956 Rom.
1272 2923 1358 2963 VIII,
1390 2922 1438 2955 18.
