1944 3323
73 419 146 451 Fol.

70 464 148 508 349ε

112 916 150 937 10

111 1197 147 1229 15

110 1497 151 1518 20

108 2071 150 2103 30

106 2666 151 2696 40

164 271 300 301 samio
321 261 430 319 Lm]
653 274 824 306 TERTIA
855 274 978 306 PARS.

164 390 364 419 excuteret
396 380 641 418 tradiciones
674 380 942 418 infundabiles
976 390 1013 418 et
1036 381 1479 419 excommunicaciones

165 453 331 489 rapaces
359 436 363 493 Ι
394 440 538 489 quibus
572 439 691 476 hodie
726 439 894 476 ecclesia
927 448 1131 476 oneratur.

223 501 304 535 Nec
337 498 483 535 mirum
518 498 627 546 quod
659 498 878 546 Apostolus
911 499 1051 546 plenus
1084 497 1219 546 gracia
1258 498 1366 535 flevit
1406 512 1479 547 pro

165 557 326 600 talibus,
369 555 462 605 quia
508 556 668 593 Psalmo
715 557 903 602 CXV1110‚
946 557 1020 592 136
1075 556 1282 593 scribitur:
1336 557 1481 593 Exitus

164 628 353 664 aquarum
400 615 648 651 deduxerunt
692 615 794 650 oculi
836 615 922 661 mei,
968 615 1053 663 quia
1099 628 1172 651 non
1217 615 1481 652 custodierunt

165 675 290 724 legem
323 681 439 709 tuam.
487 674 534 708 Et
566 672 738 709 Jeremie
772 674 858 718 IXO,
891 686 922 709 1:
968 672 1065 722 Quis
1104 673 1207 710 dabit
1246 674 1363 723 capiti
1399 686 1481 709 meo

163 744 301 781 aquam
341 739 376 767 et
413 731 533 767 oculis
571 731 664 767 meis
696 732 851 780 fontem
891 731 1157 767 lacrimarum.
1204 731 1329 768 Flevit
1375 731 1480 768 enim

164 790 383 838 Apostolus
428 802 501 838 pro
547 801 686 825 eorum
733 788 979 837 perdicione,
1030 802 1118 826 cum
1166 791 1290 826 homo
1333 789 1481 827 viando

166 850 282 885 debet
323 847 500 896 compati
541 847 668 884 eciam
708 847 804 896 ipsis
845 847 1030 893 diabolis,
1077 849 1145 884 sed
1193 847 1319 896 magis
1365 850 1482 885 debet

167 907 261 943 flere
293 919 366 955 pro
399 906 572 942 aliorum
606 905 913 942 intoxicacione.
959 907 1074 943 Unde
1108 915 1274 955 propter
1307 915 1482 955 quatuor

166 965 271 1002 mala
305 964 452 1000 dicitur
484 965 725 1012 Apostolum
750 964 919 1000 istorum
945 966 1317 1012 pseudodoctorum
1342 965 1481 1013 nequi-

166 1023 268 1060 ciam
303 1022 523 1068 deflevisse‚
558 1022 652 1071 quia
685 1022 946 1059 inimicantur
972 1022 1080 1059 cruci
1104 1023 1267 1068 Christi,
1292 1022 1479 1059 virtutem

165 1081 248 1117 eius
274 1082 613 1129 contempnendo,
639 1080 788 1117 Christi
813 1080 1037 1117 imitatores
1062 1083 1355 1130 persequendo,
1381 1082 1481 1118 alios

164 1152 235 1188 per
267 1152 358 1176 suas
392 1138 675 1175 observancias
710 1138 871 1175 illicitas
905 1141 1148 1176 retrahendo
1183 1148 1220 1176 et
1242 1140 1482 1188 voluptuose

165 1210 210 1234 ac
243 1197 351 1234 cruci
386 1196 533 1233 Christi
568 1196 770 1234 contrarie
802 1197 986 1234 vivendo.
1028 1200 1076 1233 Et
1106 1197 1196 1234 ideo
1231 1211 1482 1247 consequens

165 1265 221 1292 est
255 1257 362 1304 quod
398 1255 486 1291 finis
519 1255 661 1291 talium
696 1255 946 1303 prelatorum
981 1255 1030 1292 sit
1064 1255 1250 1292 interitus
1285 1258 1482 1305 dampna-

165 1314 290 1351 cionis
320 1322 526 1362 perpetue,
562 1327 651 1350 cum
677 1322 837 1362 oportet
861 1314 980 1350 finem
1005 1314 1315 1363 proposcionari
1340 1314 1482 1351 mediis

166 1374 215 1409 ad
250 1374 437 1409 eundem.

224 1433 306 1467 Nec
345 1430 491 1466 mirum
534 1430 563 1466 si
599 1430 747 1478 fingere
781 1431 973 1467 debemus
1006 1430 1102 1468 istos
1135 1432 1354 1479 ydolatra87
1389 1432 1482 1480 quia

166 1490 386 1525 secundum
421 1497 632 1537 peccatum
659 1489 935 1537 castrimargie
958 1490 1066 1526 Deus
1097 1502 1230 1526 eorum
1263 1498 1319 1526 est
1352 1498 1483 1526 venter

165 1560 257 1583 suus
304 1559 422 1595 quem
471 1547 608 1594 gulose
654 1548 974 1595 preponderant3
1029 1548 1120 1584 ideo
1166 1557 1327 1596 oportet
1373 1551 1481 1597 quod

167 1605 377 1641 deficiente
402 1607 484 1641 Deo
519 1618 590 1641 suo
615 1607 722 1642 Deus
754 1605 881 1642 iustus
916 1608 1142 1642 mercedem
1179 1606 1232 1642 eis
1266 1607 1480 1646 retribuat:

166 1663 256 1700 ideo
291 1663 473 1711 adiungit
497 1665 715 1711 Apostolus
738 1665 840 1713 quod
861 1665 992 1715 gloria
1016 1677 1084 1700 sua
1109 1672 1164 1701 est
1186 1665 1222 1700 in
1246 1666 1482 1714 corff1181'011e,

166 1734 238 1758 nec
272 1723 401 1758 solum
436 1721 476 1757 in
515 1721 775 1758 mundialiter
813 1722 1026 1770 gloriando
1065 1724 1133 1759 sed
1173 1723 1402 1771 specialiter
1441 1724 1481 1760 in

166 1780 341 1816 fructum
381 1780 487 1816 illius
526 1780 652 1828 glorie
691 1782 893 1828 ponendo.
940 1781 988 1817 Et
1032 1781 1138 1817 idem
1186 1791 1243 1818 est
1287 1781 1481 1818 iudicium

165 1839 350 1886 generale
394 1840 442 1874 de
481 1838 669 1875 omnibus
708 1839 773 1888 qui
809 1847 964 1876 terrena
1003 1840 1178 1888 sapiunt;
1220 1853 1314 1876 nam
1356 1840 1483 1888 gloria

166 1897 347 1933 omnium
372 1896 513 1932 talium
537 1905 714 1933 vertetur
737 1897 777 1933 in
810 1898 1088 1934 confusionem
1123 1898 1355 1943 maximam,
1392 1911 1481 1935 cum

166 1955 206 1991 in
238 1954 388 1991 iudicio
423 1955 531 1991 finali
565 1955 696 2003 ligatis
731 1955 916 1992 manibus
952 1965 988 1993 et
1021 1956 1190 2004 pedibus
1224 1957 1264 1992 in
1297 1958 1482 1993 tenebras

167 2013 382 2049 exteriores
414 2013 752 2050 transmittentur.

225 2073 273 2107 Et
311 2080 423 2108 notet
456 2076 583 2120 (rogo)
624 2072 902 2109 considerator
943 2073 1113 2109 fideliter
1151 2082 1277 2110 status
1318 2073 1483 2110 ecclesie

166 2138 300 2166 utrum
335 2130 479 2178 prelati
512 2130 639 2167 nostri
672 2130 750 2166 sint
783 2130 823 2167 in
856 2131 932 2167 isto
967 2144 1062 2168 casu
1096 2133 1143 2168 de
1179 2144 1297 2168 corea
1332 2132 1482 2169 diaboli

165 2188 226 2224 vel
266 2187 307 2223 in
348 2188 526 2236 capitulo
567 2188 715 2225 Christi
757 2198 793 2225 et
834 2189 893 2225 sui
933 2190 1138 2238 Apostoli;
1185 2199 1221 2226 et
1261 2192 1481 2227 secundum

168 2247 243 2282 hoc
285 2247 402 2282 debet
442 2247 606 2283 obedire
647 2247 700 2283 eis
740 2247 1152 2296 proporcionabiliter
1192 2257 1229 2284 et
1262 2249 1483 2285 imitatorie

167 2316 234 2341 eos
267 2304 391 2353 sequi.
428 2305 504 2353 Ipsi
529 2305 633 2341 enirn
657 2305 843 2342 videntur
867 2306 959 2342 duci
983 2319 1053 2354 per
1076 2306 1292 2348 fallaciam,
1327 2307 1484 2355 sapien-

134 2362 270 2398 5ciam
313 2364 572 2406 mundanam,
614 2376 691 2412 que
731 2373 788 2400 est
828 2377 937 2401 mere
975 2364 1153 2401 stulticia
1192 2366 1299 2413 apud
1341 2367 1481 2407 Deum,

167 2429 205 2456 et
237 2429 409 2466 terrena,
444 2421 631 2458 animalis
665 2431 702 2458 et
726 2422 927 2459 diabolica
951 2424 1172 2459 secundum
1196 2425 1391 2459 Jacobum
1419 2424 1483 2471 (de

167 2491 246 2527 qua
269 2480 318 2514 ad
344 2481 457 2516 Rom.
476 2482 511 2516 ΙΟ
536 2489 572 2516 et
597 2481 754 2516 Baruch
780 2483 864 2526 1110,
889 2483 968 2527 12).
995 2483 1157 2526 Quanto
1183 2481 1288 2517 enirn
1314 2481 1401 2530 quis
1425 2481 1479 2518 illi

167 2537 255 2585 plus
289 2537 472 2573 innititur
505 2546 617 2574 tanto
652 2538 856 2574 confusius
891 2539 1074 2576 deicitur.
1109 2540 1224 2576 Unde
1258 2539 1321 2575 hic
1353 2539 1482 2576 nomi-

167 2603 315 2631 nantur
346 2596 591 2644 voluptuosi,
625 2596 788 2644 superbi
822 2605 859 2633 et
892 2597 1001 2634 avari
1035 2599 1400 2646 correspondentes
1432 2600 1482 2634 ad

167 2662 246 2689 tres
279 2653 548 2701 proprietates
582 2656 785 2691 mundane
817 2655 1020 2703 sapiencie
1053 2669 1173 2704 quam
1207 2657 1380 2692 Jacobus
1411 2658 1481 2692 ΙΙΙ0

167 2711 345 2759 capitulo
379 2721 687 2749 commemorat.

236 2889 274 2909 12.
295 2882 327 2909 In
350 2890 463 2921 marg.:
492 2882 572 2909 Nota
593 2887 737 2918 quatuor.
765 2892 786 2912 1.
807 2891 833 2912 2.
855 2882 880 2914 3,
901 2892 930 2917 4.
1066 2882 1108 2911 23.
1131 2884 1227 2911 Cod.:
1255 2884 1479 2911 confusionem.

165 2916 213 2945 26.
233 2916 328 2944 Coei:
356 2918 496 2952 gloriam.

1686 270 1765 317 493

1496 506 1554 546 We
1570 507 1678 535 should
1697 509 1772 536 have

1527 546 1590 578 plty
1610 551 1683 570 even
1706 552 1744 570 on

1537 578 1586 605 llic
1608 579 1736 606 wickcd*

1530 2081 1596 2108 Our
1617 2081 1747 2115 prelatos

1548 2124 1598 2142 are
1620 2116 1665 2143 led
1689 2117 1726 2151 by

1498 2150 1772 2187 ea1tlilywisdom.
