1944 3323
56 868 130 900 Fol.

49 913 131 956 348⁸

94 1182 130 1214 15

94 1484 135 1505 20

95 1767 135 1799 25

95 2057 136 2090 30

99 2348 138 2382 35

97 2652 143 2682 40

142 253 279 282 SERMO
302 242 382 299 ma]
633 253 809 285 TERTiA
837 253 962 285 PARS.
1671 246 1745 290 481

203 364 281 399 Sed
304 362 397 411 quia
419 361 539 398 nimis
564 360 756 397 miserum
779 361 882 396 foret
906 368 943 396 et
966 358 1244 408 superacionis
1269 358 1463 395 indicium
1488 368 1515 394 o,
1533 366 1604 406 vThe
1625 375 1752 402 weapon

144 421 339 458 viatorem
375 433 466 457 cum
501 421 615 456 hoste
649 418 849 467 spirituali
884 419 1129 455 contendere
1164 426 1201 454 et
1234 416 1291 453 uti
1315 417 1464 453 solum·
1504 404 1672 465 ‘’gwffflfficffiss
1689 404 1742 465 1¹1¹]ss

147 480 268 516 modo
311 478 396 515 istis
435 477 613 527 quinque
657 477 782 514 armis
827 475 1054 523 defensivis‚
1100 475 1176 513 nisi
1221 476 1465 524 quandoque
1570 473 1677 508 Spu-it.

145 539 365 586 prudenter
397 536 586 573 invaserit
619 537 776 572 hostem
810 548 941 581 suurn,
981 534 1072 571 ideo
1106 542 1215 571 sexto
1250 543 1287 570 et
1320 532 1464 569 ultimo

145 595 322 633 annectit
354 595 573 644 Apostolus
612 603 861 631 armaturam
904 593 1122 630 invasivam
1167 605 1256 629 cum
1299 591 1463 628 dicitur:

146 655 253 691 State
285 661 523 691 assumentes
553 652 732 704 gladium
765 653 927 703 spiritus
959 653 1061 700 quod
1092 659 1148 688 est
1186 651 1344 687 verbum
1378 649 1463 686 Dei.

145 715 247 749 Nam
272 715 378 749 Deus
402 712 551 748 format
575 711 754 759 linguam
786 711 825 746 in
849 723 918 747 ore
942 710 1119 746 hominis
1143 710 1194 746 ad
1217 709 1466 756 loquendum

145 770 186 807 in
233 771 401 808 caritate
446 769 593 819 operis⁷
635 778 679 806 ut
725 778 835 818 patet
881 781 924 805 ex
969 767 1207 805 anathomia
1253 765 1467 814 multiplici

147 829 302 866 mistice
325 829 542 865 intellecta.
567 829 682 865 Unde
702 826 871 864 Matthei
893 828 960 871 XO,
980 839 1001 873 9
1027 824 1231 875 promittit
1250 824 1466 861 Dominus:

146 888 275 924 Nolite
319 888 496 938 cogitare
539 887 730 936 quomodo
776 893 842 922 aut
887 885 978 934 quid
1005 880 1010 939 Ι
1039 884 1261 934 loquamini.
1296 882 1469 919 Dabitur

145 946 243 982 enim
268 947 374 982 vobis
395 946 431 982 in
455 946 522 982 illa
547 946 644 982 hora
668 945 759 994 quid
782 944 1003 993 loquamini,
1027 943 1122 992 quia
1147 945 1252 979 Luce
1275 943 1397 987 XX10‚
1423 941 1464 976 15

147 1004 243 1041 dicit
265 1004 443 1041 Veritas:
476 1004 568 1055 Ego
591 1003 689 1040 enim
720 1003 818 1039 dabo
848 1002 953 1038 vobis
985 1014 1027 1038 os
1058 1009 1094 1038 et
1124 1000 1357 1051 sapienciam
1393 1008 1466 1035 etc.

146 1066 229 1100 Nec
261 1063 392 1100 solum
427 1071 485 1099 est
517 1062 591 1098 iste
624 1061 780 1110 gladius
813 1060 948 1097 taliter
982 1059 1196 1105 invasivus,
1237 1059 1306 1095 sed
1341 1057 1467 1094 eciam

147 1121 351 1167 incisivus,
393 1120 487 1170 quia
531 1119 718 1169 spiritum
763 1132 785 1156 a
833 1131 954 1155 carne
994 1117 1148 1164 dividit,
1192 1130 1283 1153 curn
1324 1115 1471 1152 dicitur

148 1181 197 1216 ad
222 1181 402 1216 Hebreos
426 1181 510 1225 IV0‚
537 1189 604 1215 12:
637 1179 752 1214 Vivus
783 1185 840 1214 est
871 1177 968 1214 enim
1001 1189 1131 1213 sermo
1154 1176 1232 1212 Dei
1261 1183 1296 1211 et
1327 1175 1473 1224 efficax

148 1246 183 1275 et
209 1238 491 1288 penetrabilior
531 1237 635 1274 omm‘
670 1236 807 1288 gladio
840 1235 999 1285 ancipiti
1029 1243 1063 1271 et
1091 1235 1323 1285 pertingens
1356 1245 1473 1282 usque

148 1298 199 1332 ad
251 1296 475 1333 divisionem
528 1296 655 1332 anime
706 1302 740 1331 et
789 1294 972 1344 spiritus;
1022 1295 1128 1330 unde
1180 1290 1472 1329 anathomatici

149 1364 293 1392 notant
324 1355 433 1403 quod
465 1353 602 1403 lingua
635 1355 686 1390 ad
720 1354 886 1389 modum
920 1352 1042 1401 gladii
1078 1360 1135 1389 est
1169 1352 1356 1388 formata.
1390 1352 1472 1386 Nec

150 1414 280 1450 solum
331 1422 388 1450 est
433 1425 567 1449 sermo
618 1412 692 1449 iste
737 1411 1003 1460 prostrativus
1055 1419 1124 1446 aut
1168 1409 1358 1446 incisivus
1404 1409 1472 1444 sed

151 1471 277 1509 eciam
301 1471 511 1517 occisivus‚
535 1470 629 1520 quia
654 1469 753 1507 Isaie
768 1471 853 1516 X10‚
870 1482 895 1516 4
920 1469 1085 1506 dicitur:
1111 1468 1259 1518 Spiritu
1279 1467 1472 1503 labiorum

150 1543 308 1567 suorum
343 1530 545 1580 interficiet
577 1529 749 1579 impium.

209 1591 291 1626 Nec
332 1588 498 1624 dubium
538 1587 635 1636 quin
679 1600 759 1624 non
805 1586 969 1635 proprie
1010 1594 1047 1622 et
1079 1585 1212 1633 primo
1253 1585 1474 1632 loquuntur
1490 1589 1592 1617 When
1608 1596 1655 1615 we
1670 1588 1765 1623 speak

152 1647 335 1684 homines
373 1648 494 1683 verba
527 1645 676 1683 Christi
716 1646 785 1682 sed
826 1645 937 1693 prius
983 1653 1020 1680 et
1057 1643 1189 1680 verius
1223 1645 1329 1679 Deus
1374 1641 1472 1690 ipse,
1490 1623 1765 1691 thlhrcisttvptrqssggd

153 1719 243 1743 cum
277 1705 447 1742 Matthei
475 1707 543 1750 XO,
580 1715 630 1741 20
665 1703 761 1740 dicit
795 1703 998 1740 Christus:
1034 1703 1120 1738 Nou
1154 1702 1252 1738 em'm
1287 1712 1353 1736 vos
1386 1700 1474 1736 estis
1499 1695 1571 1722 who
1594 1693 1756 1756 spgaksin

152 1765 217 1814 qui
259 1764 457 1812 loquimini
497 1764 566 1799 sed
609 1763 770 1812 spiritus
808 1762 938 1811 patris
987 1761 1072 1808 mei,
1117 1761 1181 1809 qui
1224 1759 1395 1809 loquitur
1438 1758 1474 1793 in
1645 1750 1651 1756 ⁸

155 1823 270 1860 vobis.
306 1823 420 1859 Unde
453 1822 617 1870 quidam
660 1829 845 1858 asserunt
879 1821 987 1869 quod
1020 1827 1235 1868 peccatum
1269 1817 1402 1865 lingue
1435 1815 1476 1852 in

153 1880 317 1930 prelatis
368 1880 648 1929 principaliter
693 1878 791 1916 dicit
835 1880 930 1923 duo,
983 1878 1115 1926 primo
1167 1875 1475 1925 superacionem

153 1941 314 1988 plenam
355 1951 377 1975 a
415 1938 593 1984 diabolo,
640 1950 731 1974 curn
772 1950 886 1974 arma
925 1936 1104 1973 invasiva
1143 1936 1183 1972 in
1227 1934 1476 1984 predicando

154 1998 364 2046 evaginare
396 2010 479 2034 non
512 1999 700 2043 audeant,
736 1997 913 2033 secundo
948 1996 1057 2044 quod
1096 2003 1186 2031 sunt
1221 1995 1268 2030 de
1302 1992 1477 2029 exercitu

154 2056 305 2093 diaboli
345 2055 412 2105 qui
450 2056 672 2104 loquuntur
711 2055 880 2099 fabulas,
927 2053 1154 2099 mendacia,
1199 2051 1476 2088 detracciones

155 2124 192 2151 et
238 2116 361 2151 verba
406 2113 554 2151 similia
598 2126 811 2150 venenosa.
859 2114 976 2150 Unde
1021 2118 1312 2160 comparantur
1356 2110 1478 2146 verba

154 2172 415 2221 loquencium
451 2172 607 2221 sagittis
641 2171 784 2220 gladiis
817 2180 938 2219 atque
972 2170 1074 2207 telis.

215 2231 331 2268 Circa
380 2232 483 2267 hanc
529 2231 743 2279 epistolam
790 2229 998 2266 dubitatur
1042 2238 1177 2265 utrum
1223 2225 1369 2276 prelati
1411 2224 1477 2274 qui
1538 2232 1620 2259 Most
1640 2231 1674 2258 of
1691 2231 1727 2258 all

157 2291 302 2326 debent
336 2301 419 2326 esse
451 2289 492 2325 in
524 2289 657 2337 prima
690 2289 775 2325 acie
815 2287 1036 2336 spiritualis
1071 2286 1266 2323 exercitus
1307 2285 1478 2321 debeant
1501 2267 1769 2330 {Zofflffispasssffif

156 2347 306 2384 armari
329 2346 451 2383 simili
476 2349 598 2384 modo
623 2360 703 2395 quo
728 2347 792 2383 hic
815 2346 913 2382 dicit
935 2346 1170 2394 Apostolus.
1203 2346 1286 2380 Nec
1311 2342 1477 2379 dubium

157 2406 253 2455 quin
286 2405 356 2447 sic,
391 2405 484 2454 quia
517 2406 549 2442 si
582 2405 752 2442 existens
785 2404 824 2440 in
858 2404 991 2452 prima
1021 2403 1106 2440 acie
1131 2401 1224 2439 belli
1248 2401 1298 2438 sit
1320 2401 1479 2448 ineptus

157 2466 207 2501 ad
230 2477 421 2512 pugnam,
447 2477 539 2500 raro
562 2464 623 2500 vel
654 2475 862 2512 nunquam
888 2461 1058 2499 victoria
1082 2468 1364 2508 consequetur,
1390 2471 1479 2495 curn

158 2522 242 2571 ipse
274 2531 500 2571 prostratus
533 2522 658 2571 gignit
691 2521 731 2558 in
768 2521 944 2558 exercitu
983 2518 1199 2569 posteriori
1233 2517 1478 2559 vecordiam,

159 2581 243 2629 ipse
280 2582 513 2617 vulneratus
551 2581 613 2617 vel
652 2579 809 2617 occisus
849 2578 1043 2627 impediet
1081 2577 1265 2614 inficiens
1304 2588 1353 2613 ne
1387 2574 1482 2611 resi-

160 2640 282 2675 duum
324 2639 517 2676 exercitus
550 2648 686 2687 posset
720 2639 854 2674 hostes
895 2637 1083 2673 invadere
1117 2645 1154 2673 et
1187 2634 1355 2672 omnino
1389 2646 1483 2682 pro-

231 2805 265 2824 11.
287 2796 381 2825 Cod.:
409 2797 490 2824 Luce
512 2796 591 2824 XX0.
669 2795 702 2823 15⁴
725 2795 822 2822 Coa:
850 2795 950 2822 vivax.
1026 2793 1068 2822 33.
1090 2794 1122 2821 In
1146 2801 1261 2828 marg:
1289 2792 1435 2820 Dubium.

230 2892 261 2925 6.
290 2892 456 2936 Eph.vl‚
488 2903 535 2934 17.
