1944 3323
128 287 264 322 stanno
287 276 340 341 sn]
615 291 793 327 TERT1A
820 290 946 327 PARS.

127 403 378 452 possessione
418 401 718 450 temporalium,
759 414 831 438 nec
872 401 910 437 in
951 413 1089 437 eorum
1125 398 1243 448 copia
1277 411 1449 448 congau-

128 463 233 499 dere.
269 462 369 505 Non,
392 460 522 509 inquit
545 461 775 508 Apostolus,
801 460 984 495 hahemus
1016 459 1076 494 hic
1109 467 1322 495 manentem
1357 459 1446 494 civi-

128 527 258 565 tatem,
281 520 349 555 sed
360 519 545 567 suturam
569 518 808 566 inquirimus.
835 517 1074 565 Preparacio
1099 530 1192 563 ergo
1214 525 1352 553 nostra
1376 518 1451 552 sol-

127 578 236 614 licita
283 585 424 614 contra
468 575 580 612 illurn
627 576 732 612 diem
780 577 895 612 debet
941 588 1025 612 esse
1070 574 1109 610 in
1154 575 1263 611 omni
1308 588 1451 622 genere

95 635 330 673 501·acionis
376 636 550 683 petendo
598 634 729 670 media
774 633 926 670 scilicet
975 633 1090 669 nobis
1134 633 1360 669 necessaria
1401 634 1609 669 adum-xxt-
1631 643 1740 669 simum

1547 686 1596 704 aire
1621 678 1668 703 sor
1693 679 1741 704 llic

128 693 418 730 beatitudinem
454 693 721 741 querendamg
756 701 794 728 et
827 705 900 740 pro
934 691 1001 728 illa
1036 693 1228 728 debemus
1262 704 1346 727 cum
1380 685 1607 739 αά-ΡΓψᾴἨ
1630 713 1664 739 0,-

130 752 341 788 mit-acione
373 750 592 787 instancius
626 751 845 795 obsecrare,
879 763 970 786 curn
1005 749 1095 786 ideo
1131 749 1295 786 dicitur:
1332 750 1452 786 Petite

129 818 168 846 ut
204 809 392 861 gaudium
435 817 604 845 vestrum
644 809 693 844 sit
726 809 898 857 plenum.
941 810 988 843 Et
1022 820 1112 844 cum
1149 809 1224 844 hoc
1258 809 1451 844 debemus

130 867 256 905 tercio
308 866 498 904 continue
540 867 702 917 gracias
749 879 871 917 agere
910 867 993 902 Deo
1038 874 1170 902 nostro
1215 867 1321 914 quod
1368 875 1449 902 tarn

77 926 308 975 :ograciose
349 925 545 974 huiusque
583 924 783 973 spirituali
822 924 1013 972 suffragio
1051 937 1124 961 nos
1164 924 1315 961 adiuvit
1354 933 1390 961 et
1429 937 1450 960 a

129 994 187 1021 tot
231 997 277 1021 ac
322 983 444 1020 tantis
488 982 678 1032 periculis
717 983 757 1019 in
797 995 873 1032 que
912 982 1101 1019 facillime
1146 982 1353 1030 potuimus
1393 982 1451 1018 in-

129 1042 273 1079 cidisse
302 1042 378 1078 nisi
402 1055 475 1078 nos
504 1050 700 1078 servasset
723 1054 794 1078 sua
816 1040 953 1089 gracia
977 1040 1174 1077 liberavit.
1213 1043 1290 1077 Ista
1314 1050 1446 1077 autem

129 1099 425 1149 contemplacio
449 1101 567 1136 debet
589 1099 629 1135 in
658 1099 774 1136 nobis
803 1112 887 1136 esse
917 1098 1091 1145 assidua,
1117 1099 1211 1147 quia
1235 1099 1450 1147 cogitando

130 1161 178 1198 de
218 1159 281 1195 die
321 1157 459 1195 iudicii
499 1171 590 1194 cum
631 1157 716 1194 istis
755 1157 883 1194 tribus
922 1157 1262 1206 disposicionibus
1302 1157 1451 1194 erimus

76 1221 150 1254 15a
195 1226 363 1266 peccato
408 1225 445 1252 et
488 1229 593 1253 vano
641 1216 789 1264 gaudio
835 1215 1067 1264 preservati.
1115 1218 1157 1252 In
1196 1216 1274 1252 fine
1313 1225 1448 1252 autem

128 1275 375 1324 imprecatur
404 1284 441 1311 et
470 1275 687 1323 prophetat
710 1275 930 1323 Apostolus
959 1275 1068 1322 quod
1098 1283 1301 1310 servantes
1331 1274 1449 1311 istam

129 1333 354 1371 doctrinam
397 1334 600 1369 habebunt
631 1345 767 1369 veram
807 1345 948 1381 pacem
984 1332 1024 1368 in
1057 1332 1252 1377 Domin0;
1287 1345 1359 1369 nec
1394 1342 1450 1369 est

128 1392 194 1428 illa
224 1391 564 1440 parvipendenda,
597 1404 686 1428 cum
722 1400 933 1439 exsuperat
956 1392 1103 1427 nedum
1138 1403 1278 1427 omnes
1312 1391 1448 1427 mundi

127 1450 305 1496 divicias,
345 1451 413 1486 sed
452 1462 615 1486 omnem
659 1449 924 1497 capacitatem
967 1462 1045 1498 qua
1078 1462 1215 1486 sensus
1249 1450 1449 1486 humanus

69 1521 111 1542 20
127 1507 275 1545 sufficit
308 1509 415 1545 bona
448 1507 676 1556 spiritualia
709 1508 1054 1556 comprehendere
1088 1507 1151 1544 hic
1184 1507 1225 1544 in
1256 1507 1332 1544 via.
1369 1511 1449 1544 Nec

127 1566 266 1603 exhinc
304 1565 485 1615 sequitur
517 1579 589 1602 nos
629 1578 715 1602 esse
754 1565 921 1602 omnino
961 1574 1140 1614 expertes
1175 1565 1292 1602 huius
1325 1566 1448 1614 pacis⁷

126 1626 234 1674 quod
262 1625 354 1661 licet
377 1625 508 1661 adhuc
532 1637 674 1672 parum
699 1623 827 1672 ipsam
852 1623 1145 1672 cognoscimus,
1170 1632 1307 1660 tamen
1330 1626 1449 1660 habet

125 1683 313 1720 virtutem
348 1682 604 1719 custodiendi
627 1682 859 1719 voluciones
893 1691 1050 1718 nostras
1085 1691 1122 1718 et
1155 1682 1448 1730 intelligencias

125 1741 217 1778 licet
249 1741 364 1778 valde
397 1740 592 1777 volubiles
625 1740 665 1776 in
699 1740 859 1777 Christo
882 1742 973 1777 Jesu
1007 1740 1264 1777 constancius
1297 1741 1448 1777 stabili-

69 1801 108 1834 25
126 1809 198 1845 tas,
239 1808 276 1836 et
315 1798 346 1835 si
385 1798 458 1835 iste
498 1811 685 1847 supreme
724 1798 909 1847 potencie
949 1798 1082 1835 anime
1115 1798 1170 1835 sic
1203 1799 1329 1835 solide
1363 1800 1448 1835 fun-

126 1859 272 1894 dantur
316 1857 355 1893 in
398 1857 500 1906 ipso,
540 1870 621 1894 non
661 1857 826 1893 dubium
863 1856 958 1905 quin
997 1869 1137 1893 omnes
1177 1857 1296 1893 ceteri
1337 1867 1448 1894 actus

125 1916 250 1953 nostri
283 1925 319 1952 et
343 1928 466 1965 opera
497 1915 792 1964 consequencia
817 1915 856 1951 in
881 1928 926 1952 eo
951 1915 1134 1952 sanccius
1158 1916 1447 1952 fundabuntur.

649 2042 843 2082 SERMO
881 2043 928 2082 V.

183 2125 376 2175 Apparuit
396 2125 536 2176 gracia
552 2125 629 2161 Dei
650 2125 870 2161 Salvatoris
894 2126 1019 2161 nostri
1039 2126 1212 2162 omnibus
1235 2126 1450 2162 hominibus

71 2187 111 2218 30
126 2184 307 2220 erudiens
338 2196 417 2220 nos.
452 2185 511 2219 Ad
544 2183 682 2219 Titum
717 2185 785 2229 110,
818 2196 878 2220 11.

1519 744 1686 781 iudgziucut.

185 2244 262 2278 Ista
313 2241 484 2290 epistola
534 2242 651 2277 docet
702 2241 917 2290 specialius
973 2243 1181 2290 quomodo
1240 2241 1738 2283 christianiThcappeamncc

1476 2284 1510 2310 of
1528 2284 1577 2310 the
1598 2284 1731 2311 Saxiour

124 2299 278 2336 viantes
331 2301 476 2336 debent
529 2299 751 2348 predictam
812 2312 953 2348 pacem
1008 2300 1170 2336 Domini
1230 2300 1446 2337 custodire.
1485 2319 1721 2352 tiit—beginning

126 2357 373 2406 Principium
403 2367 537 2394 autem
569 2357 821 2394 custodiendi
852 2359 954 2395 hanc
984 2371 1124 2406 pacem
1158 2367 1216 2395 est
1240 2358 1448 2408 apparicio

125 2415 258 2463 gracie
303 2415 375 2452 Dei
420 2415 640 2452 Salvatoris
692 2416 833 2462 nostri,
887 2429 963 2465 que
1008 2417 1113 2453 facta
1158 2426 1215 2453 est
1260 2416 1449 2453 omnibus

71 2477 110 2509 35
127 2473 370 2510 hominibus.
420 2473 612 2520 Quamvis
646 2483 778 2510 autem
815 2475 891 2511 hoc
923 2476 1088 2511 verbum
1123 2475 1267 2523 exponi
1301 2475 1448 2523 poterit

128 2533 175 2568 de
214 2531 428 2578 salvandis,
469 2544 560 2568 cum
601 2531 667 2568 alii
707 2532 869 2580 reprobi
910 2541 947 2569 et
986 2532 1149 2581 presciti
1183 2533 1261 2569 sint
1295 2533 1449 2569 mistice

127 2589 164 2625 in
205 2589 352 2626 bestias
394 2590 684 2636 transformati,
724 2590 881 2627 videtur
924 2599 1060 2627 tamen
1096 2590 1193 2627 mihi
1228 2592 1336 2639 quod
1383 2591 1448 2626 illa

195 2700 218 2728 3.
241 2706 325 2727 meam
347 2711 375 2724 z
399 2701 643 2728 mediacionem?
719 2702 745 2729 (ἶ).
769 2702 828 2733 illa,
851 2702 915 2729 scil.
938 2701 995 2728 die.
1072 2701 1224 2729 isco-12
1247 2702 1447 2740 parx'ipcuda.

127 2737 171 2762 28.
200 2736 227 2762 Α
258 2736 285 2762 iu
318 2744 432 2771 marg:
470 2736 502 2762 lu
532 2735 632 2762 Natali
664 2736 806 2767 bomini:
845 2736 884 2763 ib.
922 2737 950 2763 iu
989 2745 1084 2771 marg.
1115 2737 1253 2763 inferiori
1283 2737 1333 2763 fol.
1363 2739 1448 2769 2311:

127 2769 213 2798 Misit
232 2769 426 2805 DeusstYIum
447 2778 534 2797 suum
562 2771 598 2798 ad
622 2771 689 2797 Gal.
712 2771 768 2798 lV··
792 2771 906 2798 Missus
933 2776 977 2797 est
1006 2771 1085 2798 lilius
1106 2771 1159 2798 1ὶυί
1190 2772 1226 2798 ad
1256 2771 1446 2798 induendum

129 2804 265 2831 habitum
289 2810 392 2832 nostre
409 2805 619 2837 humanitatis,
641 2806 677 2832 ad
695 2806 911 2832 debellandum
930 2806 1093 2840 imperium
1111 2806 1260 2832 diabolice
1278 2806 1448 2840 potestatis,

128 2841 165 2866 ad
187 2840 368 2866 solvendum
400 2848 502 2866 icuam
519 2840 653 2867 debitam
672 2848 726 2875 pro
744 2840 876 2875 peccatis
893 2845 918 2866 ct
935 2842 972 2867 ad
989 2841 1160 2868 curandum
1180 2841 1300 2875 plagam
1318 2840 1449 2866 humane

128 2874 325 2901 infirmitatis.
390 2875 429 2901 ἰ.
447 2875 489 2901 A:
511 2874 569 2901 ista
591 2875 684 2902 deest.
748 2874 791 2910 37.
813 2875 852 2902 1³:
875 2875 1031 2902 reformati
1056 2875 1175 2901 xidctur
1196 2880 1296 2901 tamen
1320 2875 1447 2900 videnum

205 2945 230 2965 1.
260 2935 364 2966 Hebr.
391 2935 480 2973 Xlll,
506 2945 554 2974 ¹4·
652 2933 683 2966 ὁ.
710 2934 789 2966 Joh.
821 2935 915 2972 XVI,
945 2946 998 2975 24.
1097 2934 1127 2965 8.
1159 2934 1245 2965 Phil.
1274 2935 1328 2973 IV,
1356 2933 1386 2965 6.

1525 2354 1559 2380 01·
1578 2362 1677 2388 peace.
