1944 3323
212 249 347 278 SERMO
369 239 420 296 λη]
700 251 874 283 TERTiA
904 252 1028 283 PARS.
1768 259 1810 292 7Ι

212 369 254 396 ut
286 360 483 396 consilium
514 361 661 396 Christi
691 360 886 408 antiquum
912 372 1044 396 verum
1067 359 1156 409 fiat.
1193 359 1370 396 Consilia
1394 370 1525 396 autem

212 417 439 466 evangelica
455 427 546 455 sunt
561 417 644 454 eius
660 427 850 466 precepta
865 419 915 454 ad
933 417 1210 454 facilitandum
1228 417 1437 454 ecclesiam
1456 432 1529 466 pro

212 476 473 513 observancia
500 477 798 521 mandatorum,
824 485 860 512 et
884 475 950 512 illa
981 484 1072 511 sunt
1103 475 1281 523 antiqua,
1315 488 1404 512 cum
1430 476 1530 512 anti-

212 547 313 583 quus
337 534 492 571 dierum
519 534 719 571 ordinavit
743 533 974 570 eternaliter
998 542 1039 569 ut
1064 534 1186 570 homo
1211 533 1278 581 qui
1309 542 1366 570 est
1390 534 1531 570 ultima

179 595 194 627 5
214 593 284 630 Dei
300 592 451 629 fabrica
468 594 543 629 hoc
567 594 763 629 observet.
791 591 900 628 Licet
916 600 1049 628 autem
1068 594 1174 628 Deus
1201 591 1432 628 eternaliter
1456 593 1531 628 hoc

211 650 411 688 ordinavit
444 659 480 687 et
505 652 626 687 homo
661 651 778 687 debet
802 658 998 698 perpetuo
1032 651 1108 686 hoc
1141 662 1311 700 servare7
1344 663 1530 698 verump-

211 718 346 746 tamen
371 709 519 745 Christi
543 708 755 745 consilium
779 708 820 744 in
856 707 1041 744 effectum
1086 708 1192 749 facit,
1221 709 1383 756 quando
1408 709 1531 745 homo

211 766 304 804 facit
338 767 435 803 illud
460 768 509 803 ad
543 768 651 815 quod
676 766 857 803 Christus
891 766 1064 802 consulit
1087 767 1194 814 quod
1229 766 1396 803 ecclesia
1428 767 1530 803 face-

134 865 143 870 <
210 835 281 871 ret,
312 820 317 878 1
345 825 376 861 si
411 825 585 862 dimissis
618 825 760 861 ritibus
794 824 1005 862 diabolicis
1038 824 1253 861 mundanis
1286 834 1406 873 atque
1447 837 1531 861 car-

113 865 365 942 fofjfinalibus
392 883 539 920 Christi
564 883 868 920 ordinacionem
903 892 945 919 ut
978 883 1156 919 fecerunt
1190 883 1363 931 apostoli
1397 884 1531 919 obser-

113 937 129 942 *
207 950 329 979 varet.
364 945 445 979 Nec
479 941 645 978 dubium
675 941 772 991 quin
804 940 902 977 illud
937 941 1049 978 cuius
1083 940 1252 977 consilia
1284 950 1404 989 atque
1438 954 1532 978 con-

208 1000 461 1037 suetudinem
495 1001 583 1049 plus
617 1012 800 1037 amamus
834 999 1117 1036 constituimus
1145 1008 1302 1047 patrem
1326 1008 1529 1045 nostrum;

209 1068 247 1096 et
279 1067 389 1107 patet
424 1071 544 1107 quam
578 1059 676 1095 false
711 1057 826 1094 multi
859 1067 977 1094 orant
1010 1058 1131 1094 Pater
1162 1058 1307 1094 Noster
1339 1066 1412 1094 etc.

268 1117 308 1153 Si
342 1116 447 1153 enim
472 1116 655 1153 Christus
688 1116 737 1153 sit
771 1124 886 1164 pater
917 1125 1066 1161 noster,
1092 1117 1284 1152 debemus
1318 1115 1401 1152 eius
1424 1115 1530 1152 ordi-
1589 1123 1658 1162 ‚We
1681 1130 1762 1151 must

158 1175 423 1212 15nacionem
457 1187 503 1211 ac
537 1174 870 1212 consuetudinem
896 1176 1122 1219 observare,
1158 1174 1274 1210 aliter
1297 1174 1403 1211 enim
1429 1187 1531 1211 esse-
1563 1164 1807 1221 Ῑιξζῖζῇιῖῐῖςῖζζζζῑ

210 1247 297 1270 mus
322 1233 392 1270 filii
416 1235 631 1281 degeneres
654 1246 735 1269 non
759 1241 926 1282 propter
949 1245 1130 1269 amorem
1151 1232 1223 1268 Dei
1247 1232 1529 1280 patrissantes3

212 1291 282 1328 filii
316 1291 479 1341 quidem
515 1292 696 1329 carnales
731 1292 982 1328 delectantur
1005 1291 1046 1327 in
1070 1290 1362 1327 consuetudine
1387 1303 1430 1327 ex
1454 1292 1530 1327 hoc

210 1351 316 1399 quod
340 1359 454 1398 pater
470 1362 609 1386 eorum
627 1349 799 1390 carnalis
815 1350 970 1386 solebat
985 1349 1041 1385 sic
1056 1349 1200 1385 facere.
1226 1350 1387 1394 Quanto
1404 1348 1531 1397 magis

209 1421 281 1445 nos
313 1407 533 1454 christiani,
565 1421 654 1445 cum
691 1417 806 1457 pater
834 1417 971 1444 noster
1001 1407 1157 1444 celestis
1190 1415 1272 1444 tam
1307 1407 1454 1444 nobilis
1488 1419 1531 1444 ex

152 1481 192 1503 20
210 1467 498 1503 consuetudine
531 1475 613 1503 tam
647 1465 842 1503 laudabili
876 1466 1030 1502 solebat
1061 1465 1116 1502 sic
1145 1465 1276 1502 facere
1307 1475 1344 1502 et
1377 1465 1530 1502 cunctis

210 1525 300 1562 filiis
330 1524 411 1561 suis
440 1526 512 1561 sub
542 1534 653 1561 tanta
682 1537 785 1573 pena
819 1533 856 1561 et
886 1523 1164 1572 adquisicione
1187 1523 1287 1560 tanti
1311 1524 1456 1572 premii
1480 1525 1531 1560 ad

208 1583 304 1620 talia
336 1583 548 1631 imperare.
584 1584 698 1619 Unde
722 1583 922 1631 sequitur:
956 1582 1122 1618 Domine
1143 1582 1339 1618 excelsum
1363 1590 1418 1619 est
1441 1583 1530 1618 bra-

209 1642 334 1678 chium
357 1649 462 1677 tuum
480 1642 588 1677 Deus
600 1642 783 1688 Sabaoth,
800 1654 943 1678 corona
963 1641 1046 1690 spei
1066 1653 1136 1689 que
1156 1647 1294 1676 ornata
1315 1648 1371 1676 est
1383 1641 1528 1691 gloria.

268 1703 389 1736 Istum
440 1708 574 1736 autem
624 1708 779 1747 patrem
825 1698 937 1748 sequi
984 1699 1023 1734 in
1069 1698 1250 1735 moribus
1297 1708 1355 1734 est
1401 1700 1530 1735 honor

154 1760 192 1793 25
211 1757 408 1803 fidelibus,
442 1770 532 1794 cum
574 1766 752 1806 potestas
794 1757 877 1794 eius
916 1756 966 1793 sit
1004 1766 1086 1793 tam
1128 1757 1280 1793 excelsa
1319 1758 1369 1793 ad
1402 1756 1530 1793 vindi-

212 1817 384 1853 candum
419 1825 457 1852 et
489 1825 572 1852 tam
606 1815 823 1852 victoriosa
856 1816 904 1852 ad
930 1815 1227 1863 premiandum.
1262 1814 1369 1851 Finis
1393 1824 1526 1851 autem

211 1874 328 1910 huius
351 1874 500 1911 laboris
521 1887 604 1911 non
630 1883 688 1911 est
714 1873 964 1922 temporalis,
987 1873 1219 1910 transitoria
1241 1881 1277 1909 et
1294 1874 1446 1910 caduca
1461 1874 1529 1909 sed

211 1932 339 1981 gloria
377 1932 635 1981 sempiterna.
680 1934 860 1969 Vocatur
899 1931 1005 1968 enim
1040 1933 1145 1968 Deus
1185 1931 1379 1968 exercitus
1411 1944 1530 1979 ange-

210 1992 341 2027 lorum
388 1992 438 2027 ad
483 1992 758 2027 denotandum
804 1992 912 2039 quod
959 1989 1190 2039 quicunque
1238 1989 1370 2038 ipsum
1417 1990 1528 2038 sequi

154 2052 194 2084 30
209 2048 410 2086 voluerint
464 2050 611 2086 habent
667 2062 805 2085 eorum
860 2048 1106 2085 adiutorium
1162 2057 1198 2084 et
1243 2049 1437 2094 solamen,
1493 2057 1529 2084 et

209 2116 377 2144 vocatur
422 2120 571 2143 corona
617 2107 864 2144 certancium
900 2107 940 2143 in
985 2105 1269 2155 predicacione
1308 2108 1528 2143 secundum

211 2178 373 2202 causam
410 2165 584 2211 finalem,
619 2174 661 2201 ut
694 2178 786 2214 sepe
820 2164 916 2202 alibi
950 2165 989 2201 in
1023 2164 1238 2212 scriptura.

269 2224 383 2261 Unde
407 2223 501 2272 quia
525 2223 673 2260 Christi
702 2223 934 2260 incarnacio
970 2231 1027 2259 est
1061 2223 1238 2259 medium
1273 2222 1527 2270 aptissimum

210 2284 259 2319 ad
284 2283 388 2318 hunc
413 2281 546 2327 finem,
580 2281 671 2318 ideo
695 2281 876 2330 sequitur
899 2282 938 2318 in
962 2290 1088 2318 textu:
1122 2281 1287 2317 Exultet
1321 2282 1530 2327 desertum,

153 2345 192 2376 25
210 2340 383 2377 exultent
404 2341 631 2377 solitudines
651 2340 838 2376 Jordanis
860 2348 895 2376 et
913 2340 1083 2389 populus
1106 2352 1212 2375 meus
1236 2339 1375 2375 videbit
1397 2340 1527 2374 altim-

211 2399 335 2434 dinem
370 2399 532 2434 Domini
562 2406 596 2434 et
629 2398 864 2434 maiestatem
900 2399 976 2434 Dei
1012 2406 1047 2434 et
1085 2398 1158 2434 erit
1197 2405 1464 2447 congregatus
1496 2406 1530 2433 et

211 2457 433 2507 redemptus
460 2469 535 2506 per
557 2457 707 2502 Deum;
738 2469 784 2493 ac
817 2456 847 2492 si
870 2457 1034 2492 verbum
1064 2455 1135 2492 Dei
1169 2455 1336 2491 diceret:
1373 2456 1529 2491 Exultet

211 2515 481 2552 communitas
498 2514 722 2562 gentilium,
733 2528 810 2563 que
820 2514 1086 2551 MattheiX110
1097 2522 1265 2550 vocatur
1275 2514 1380 2549 locus
1394 2514 1530 2549 aridus

279 2636 304 2666 3.
320 2647 349 2670 4.
371 2638 412 2664 A2
436 2637 580 2672 antiquis.
654 2646 682 2671 4.
705 2638 749 2664 A:
771 2636 945 2664 eternaliter
966 2637 1060 2664 deest.
1134 2636 1159 2665 5.
1178 2636 1205 2662 (ἶ.
1228 2636 1266 2663 F:
1289 2636 1343 2663 hec
1364 2636 1528 2663 ordinavit.

211 2672 240 2702 6,
262 2681 287 2708 7.
309 2674 354 2700 A:
375 2677 610 2707 verumptamen
632 2672 675 2707 ait
696 2673 763 2705 (sic)
785 2672 912 2699 Christi.
992 2672 1019 2698 8.
1040 2672 1084 2698 A:
1105 2671 1177 2698 facit
1197 2671 1292 2698 deest.
1367 2679 1401 2705 11,
1424 2678 1461 2697 12.
1483 2671 1528 2697 A:

210 2715 244 2735 ac
264 2707 497 2734 consuetudine.
561 2715 602 2740 14.
624 2708 651 2734 Α
670 2717 675 2734 :
696 2711 846 2734 tenemus.
910 2715 952 2741 14,
974 2706 1010 2734 15.
1032 2706 1244 2733 ordinacione.
1302 2714 1342 2739 ις).
1365 2706 1403 2732 1³:
1426 2710 1529 2732 noster

210 2742 305 2769 deest.
361 2749 408 2769 20.
424 2743 468 2769 A:
491 2749 525 2769 ac
540 2742 583 2769 sic
598 2742 705 2769 facere.
762 2749 802 2769 21.
819 2742 857 2768 1³:
876 2750 952 2776 pena
968 2741 1190 2776 adquisicionc.
1247 2739 1290 2768 2¹3.
1306 2742 1351 2768 A:
1369 2749 1427 2775 que
1442 2748 1529 2767 coro-

210 2781 289 2804 nata.
357 2784 391 2811 27
422 2778 466 2804 A:
488 2776 602 2803 laboris
623 2777 716 2803 deest.
784 2775 827 2804 33.
850 2777 889 2804 1³:
912 2775 1077 2811 aptissimi.
1152 2774 1198 2809 34.
1220 2776 1264 2803 A:
1284 2775 1406 2803 Exultet
1427 2775 1528 2801 deser-

210 2817 273 2838 tum
289 2814 384 2838 deest.
441 2810 487 2838 36.
503 2813 547 2838 A:
570 2816 788 2846 congregatur:
810 2812 850 2838 ib.
866 2813 910 2838 A:
927 2815 1120 2845 aggregatus.
1177 2810 1403 2838 2÷s.A:ix1211111.
1421 2809 1527 2837 ΧΧΙΓ·Ι

282 2893 334 2916 22.
363 2886 487 2915 Sarum
517 2884 537 2914 l.
559 2893 586 2915 c.
686 2883 740 2923 34.
766 2883 811 2914 ib.
889 2884 942 2916 38.
965 2882 1084 2915 Matth.
1105 2883 1177 2922 XII,
1196 2882 1252 2924 43.
