1944 3323
135 257 272 285 SERMO
290 247 444 305 xxxvi]
628 261 800 293 TERTIA
829 262 956 294 png,
1542 292 1546 296 Α
1666 258 1739 294 303

135 380 155 403 a
202 367 401 404 iuvamine
447 367 618 415 proximi
665 368 866 406 retineret.
915 369 1022 404 Idem
1068 377 1125 405 est
1171 368 1363 405 iudicium
1397 366 1453 422 :dc

134 439 376 474 quocunque
415 427 523 475 quod
563 425 731 462 clericus
764 427 824 462 vel
864 427 986 463 frater
1021 426 1205 463 habuerit
1233 428 1342 471 ⁴ultra
1376 428 1451 464 hoc

134 485 243 532 quod
277 484 413 533 regula
447 483 596 521 Christi
630 492 667 520 et
700 485 980 532 apostolorum
1017 485 1206 534 requirit3
1241 494 1326 523 tota
1359 499 1454 535 ergo

134 541 352 578 christiana
386 541 526 590 religio
560 541 600 578 in
633 541 800 579 caritate
833 543 1009 580 fraterna
1043 543 1228 580 consistit
1261 557 1339 593 que
1371 558 1453 581 non

101 599 183 636 5sit
216 600 437 648 sophistica
468 613 598 649 neque
632 601 786 637 fucata:
821 600 912 638 ideo
947 601 1044 638 dicit
1065 603 1289 639 Johannes:
1322 603 1457 638 Filioli

133 659 219 703 mei,
264 671 336 695 non
388 659 601 709 diligamns
645 659 762 695 verbo
806 672 926 709 neque
969 660 1104 711 lingua
1148 662 1217 697 sed
1261 673 1377 710 opere
1420 669 1454 697 et

134 717 306 753 veritate.
353 717 468 753 Multi
507 725 600 753 sunt
632 717 700 766 qui
739 718 829 754 oleo
870 718 1093 766 sophistico
1131 728 1288 767 ungunt
1320 719 1453 768 capita

43 803 104 834 Fol
132 774 383 823 indigentum
423 776 493 812 sed
540 775 657 812 factis
701 776 918 813 fructuosis
962 778 1206 814 subtrahunt
1251 777 1451 823 iuvamen,

38 827 270 892 271Etamen
302 833 419 869 multi
452 833 580 870 eciam
613 843 705 870 sunt
728 834 796 884 qui
830 835 1071 872 adulacione
1104 844 1142 872 et
1173 836 1279 872 fame
1312 836 1412 872 falsa
1448 833 1451 889 l

77 891 415 940 topublicacione
454 893 622 941 palpant
659 893 866 941 proximos
906 902 943 930 et
976 902 1215 943 reputantur
1249 895 1297 930 de
1340 903 1454 931 tanto

132 950 240 999 ipsos
264 950 442 999 diligere,
477 963 567 987 curn
601 960 738 988 tamen
770 951 810 988 in
842 951 899 988 rei
930 952 1097 989 veritate
1125 952 1234 1001 ipsos
1265 953 1312 989 de
1341 961 1454 989 tanto

131 1009 287 1054 odiunt,
339 1009 568 1058 impediunt
617 1018 739 1059 atque
788 1019 956 1056 nocent3
1014 1010 1106 1047 ideo
1158 1010 1364 1059 signanter
1416 1020 1453 1047 et

131 1066 335 1116 sapienter
374 1067 550 1104 inculcat
581 1068 783 1104 Johannes
823 1070 932 1117 quod
972 1069 1165 1105 debemus
1206 1069 1372 1117 diligere
1413 1069 1452 1105 in

130 1138 252 1174 opere
287 1135 429 1162 contra
462 1126 639 1175 primurn
675 1136 714 1163 et
746 1127 914 1164 veritate
948 1136 1090 1164 contra
1121 1129 1360 1164 secundum.

76 1188 112 1220 15
187 1185 265 1220 Sed
297 1197 387 1221 cum
417 1184 457 1220 in
485 1184 562 1221 ista
587 1183 810 1222 dileccione
839 1194 918 1222 stat
941 1194 1026 1222 tota
1050 1185 1190 1234 religio
1215 1186 1448 1232 christiana,
1483 1194 1649 1233 Friarshdo
1670 1200 1720 1223 not

129 1242 336 1278 dubitatur
368 1251 503 1279 utrum
537 1243 678 1280 fratres
710 1244 750 1279 in
781 1243 858 1280 ista
891 1244 1112 1281 dileccione
1145 1244 1349 1281 fructuosa
1389 1257 1451 1281 ex·
1489 1230 1571 1256 “⁶⁶¹
1591 1237 1621 1256 ¹¹¹
1644 1230 1722 1256 ,Μ’

129 1301 277 1337 cellunt
310 1301 411 1338 alios
450 1300 705 1348 christianos,
747 1315 837 1339 cum
879 1312 1033 1339 certum
1068 1302 1118 1339 sit
1152 1315 1195 1339 ex
1229 1303 1307 1339 fide
1341 1305 1450 1352 quod

129 1359 161 1395 si
194 1359 431 1407 religionem
464 1373 577 1397 suam
611 1374 733 1409 supra
766 1374 906 1398 omnes
940 1361 1040 1398 alias
1074 1361 1113 1398 in
1136 1361 1266 1398 verbis
1299 1362 1450 1409 magni-

129 1418 251 1454 ficant
290 1427 327 1454 et
365 1427 527 1466 torpent
565 1419 814 1456 infructuosa
855 1419 1077 1457 dileccione
1115 1420 1288 1468 proximi
1328 1433 1450 1468 supra

72 1490 115 1512 20
129 1476 229 1512 alios
286 1489 386 1525 quos
436 1486 689 1526 postponunt
739 1479 847 1527 quod
898 1487 993 1515 tunc
1044 1491 1146 1515 vana
1198 1488 1255 1515 est
1308 1491 1448 1515 eorum

129 1534 270 1583 religio
305 1544 426 1584 atque
460 1537 641 1573 mendax.

186 1595 234 1629 Et
266 1593 424 1630 videtur
456 1596 565 1643 quod
598 1593 785 1632 doctrina
817 1594 1010 1632 Johannis
1045 1604 1104 1631 est
1137 1594 1243 1632 facto
1276 1595 1446 1632 fratrum

127 1651 375 1700 oppositum,
418 1652 615 1702 capiendo
654 1653 694 1689 in
733 1653 874 1702 primis
915 1654 1024 1702 quod
1056 1666 1137 1689 non
1172 1653 1212 1690 in
1246 1654 1447 1702 corporali

127 1710 348 1747 elemosina
377 1712 438 1747 vel
468 1724 591 1759 opere
620 1711 898 1748 misericordie
928 1711 1062 1748 sedin
1083 1724 1205 1760 opere
1228 1712 1448 1760 spiritualis

70 1774 110 1807 25
128 1768 403 1806 misericordie
425 1778 502 1806 stat
518 1770 709 1818 precipue
733 1770 924 1807 meritum
947 1770 1131 1817 viatoris3
1155 1783 1250 1807 nam
1267 1770 1449 1807 Christus

126 1836 164 1864 et
204 1827 265 1864 sui
304 1828 477 1875 apostoli
523 1830 572 1865 ab
617 1828 771 1865 intento
823 1828 992 1865 dominii
1037 1829 1267 1877 perpetuati
1312 1842 1334 1865 a
1379 1829 1447 1866 tali

127 1885 350 1922 elemosina
381 1915 388 1923 .
421 1916 427 1923 .
461 1916 468 1923 .
501 1916 509 1924 .
549 1887 652 1924 foret
685 1886 858 1924 maxime
897 1887 1124 1924 necessaria
1157 1887 1321 1933 viatori3
1354 1900 1448 1935 ergo

127 1957 207 1981 non
240 1944 280 1980 in
313 1944 399 1991 illa3
433 1947 501 1982 sed
535 1945 697 1982 aliunde
729 1954 808 1982 stat
840 1958 1000 1982 summa
1034 1945 1174 1994 religio
1208 1945 1448 1992 christiana3

128 2002 167 2039 in
209 2004 286 2039 hoc
325 2016 467 2040 omnes
508 2013 614 2040 secte
659 2004 829 2041 fratrum
870 2003 1133 2041 consenciunt
1174 2004 1361 2041 faciendo
1409 2017 1449 2041 se

69 2065 111 2098 30
127 2061 250 2109 gratis
291 2061 499 2099 mendicos
539 2062 790 2100 voluntarios
832 2072 869 2099 et
901 2062 1099 2100 inhabiles
1133 2064 1184 2099 ad
1217 2064 1293 2100 hoc
1326 2075 1447 2111 opus3

127 2119 218 2156 ideo
251 2121 515 2157 scrutandum
549 2130 608 2158 est
637 2120 747 2158 aliud
780 2134 881 2169 opus
915 2120 1095 2158 caritatis
1128 2121 1168 2158 in
1192 2134 1272 2170 quo
1305 2121 1448 2157 fratres

127 2178 324 2215 excellunt
348 2178 450 2215 alios
473 2192 495 2216 a
519 2179 687 2216 caritate
714 2180 904 2216 fraterna.
939 2182 988 2215 Et
1015 2192 1098 2216 non
1127 2189 1186 2216 est
1216 2180 1447 2228 fingendum

126 2235 236 2272 aliud
266 2236 297 2273 si
327 2249 408 2273 non
437 2236 477 2273 in
500 2238 576 2275 hoc
599 2239 706 2287 quod
732 2239 830 2275 dant
853 2238 942 2274 aliis
965 2237 1175 2286 spirituale
1198 2237 1448 2286 suffragium.

183 2296 232 2330 Et
269 2294 429 2331 videtur
467 2308 511 2332 ex
548 2296 675 2333 tercio
715 2296 823 2334 dicto
857 2296 1049 2333 Johannis
1090 2298 1199 2346 quod
1232 2296 1375 2333 fratres
1408 2296 1448 2332 in

68 2357 108 2391 35
125 2351 200 2389 ista
225 2353 392 2390 caritate
406 2353 582 2392 fraterna
598 2355 804 2402 deficiunt,
828 2355 961 2404 primo
985 2367 1029 2391 ex
1045 2355 1121 2392 hoc
1136 2356 1245 2404 quod
1269 2354 1447 2392 animam

125 2424 239 2447 suam
270 2424 352 2448 non
381 2422 538 2460 ponunt
560 2426 634 2462 pro
663 2413 854 2450 fratribus
883 2413 986 2450 sicut
1008 2413 1204 2450 Christus.
1240 2413 1316 2449 Ubi
1341 2413 1446 2449 enim

125 2479 290 2517 possent
330 2470 462 2507 dicere
500 2471 712 2508 veritatem
751 2485 825 2520 pro
866 2471 1039 2508 utilitate
1073 2481 1110 2508 et
1143 2472 1272 2508 salute
1305 2471 1446 2520 populi
1474 2478 1563 2515 They
1584 2479 1721 2515 disguise

125 2528 420 2576 subterfugiunt
465 2529 702 2567 simulantes
747 2540 829 2567 tam
875 2530 915 2567 in
958 2529 1278 2567 confessionibus
1324 2542 1443 2579 quam
1518 2515 1567 2542 the
1589 2515 1682 2542 muh'

125 2585 165 2622 in
188 2585 355 2634 privatis
379 2588 556 2625 consiliis
580 2597 617 2625 et
640 2588 926 2625 communibus
950 2588 1318 2634 exhortacionibus,
1336 2589 1445 2637 quod

65 2643 300 2690 4oalienum
350 2645 422 2681 fuit
470 2659 492 2682 a
537 2646 711 2693 Christo,
767 2660 856 2684 cum
911 2659 1084 2683 noscens
1133 2648 1364 2684 sacerdotes
1409 2655 1446 2682 et

192 2768 217 2796 5.
239 2769 334 2797 Cod.:
357 2775 422 2796 s00⁸
442 2777 539 2805 neque
558 2770 626 2797 fust.
706 2779 740 2798 11.
763 2770 859 2798 Cod.:
880 2770 960 2806 ipso.
1045 2778 1084 2806 17.
1105 2771 1137 2798 In
1161 2779 1274 2805 marg:
1297 2769 1444 2797 Dubium.

124 2811 163 2830 21.
184 2804 218 2831 Iu
240 2812 355 2840 marg:
376 2805 414 2831 A.
477 2813 519 2839 27.
541 2805 720 2832 elemosina.
742 2805 801 2832 Hic
821 2805 937 2841 aliquot
958 2805 1050 2832 verba
1070 2806 1259 2832 exciderunt.
1325 2804 1369 2840 37.
1393 2813 1446 2839 po-

126 2839 205 2873 puli:
227 2839 312 2866 cod.:
334 2840 488 2875 prosperi.
562 2839 607 2867 35.
630 2840 726 2868 Cod.:
749 2841 930 2868 similantes.

196 2899 226 2932 5.
253 2900 275 2931 Ι.
303 2899 380 2932 Joh.
410 2901 467 2939 lV,
502 2900 550 2933 18.
