1944 3323
105 253 240 283 sizmio
262 240 330 298 nn]
594 254 767 285 TERTIA
798 253 922 284 PARS.
1659 246 1706 280 25

105 364 182 400 sint
206 363 333 410 magis
356 362 516 399 solliciti
551 374 671 409 quam
707 374 780 409 pro
813 374 883 397 sua
917 362 1177 401 beatitudine,
1213 370 1249 396 et
1275 374 1422 409 suppo-

106 421 183 458 sito
224 422 330 469 quod
371 420 448 456 sint
487 419 649 456 solliciti
690 433 762 467 pro
802 428 987 468 utroque,
1032 433 1105 467 pro
1139 432 1218 467 quo
1252 432 1423 467 prepon-

107 479 317 516 derancius
351 478 391 514 in
430 490 589 518 amore:
631 487 667 514 et
708 477 784 514 ista
824 477 1101 514 consideracio
1142 477 1269 513 fidelis
1309 477 1422 513 recti<

108 538 245 574 ficaret
279 536 572 573 conscienciam
608 535 821 572 cuiuslibet
854 535 1038 581 viatoris-3
1076 549 1170 572 nam
1205 535 1265 571 vix
1299 549 1421 571 unum

74 595 282 632 §invenies
316 596 467 631 mundo
501 594 682 631 deditum
717 593 812 643 quin
851 603 956 631 errat
994 593 1230 631 notabiliter
1270 593 1307 629 in
1350 595 1423 630 hoc

106 653 316 690 desiderio.

164 715 244 748 Nec
290 711 455 748 dubium
498 711 594 759 quin
633 719 738 747 secte
778 710 1017 757 religionum
1062 712 1218 747 novelle
1260 720 1423 758 peccent
1454 716 1523 754 Tm
1546 722 1692 756 >gersen-1*

107 770 340 807 notabiliter
373 769 412 805 in
445 771 520 806 hoc
554 768 768 812 desiderio,
805 768 897 817 quia
931 768 1209 817 principaliter
1241 778 1423 805 amarent
1453 752 1701 814 '¹¹¹¹‚','“„¹1[JJJ³J⁴U

108 828 399 865 beatitudinem
453 837 490 864 et
543 836 836 875 consequenter
890 827 1022 864 media
1068 841 1144 876 que
1190 827 1343 864 reccius
1388 837 1423 863 et

53 886 265 923 iobrevius
298 886 407 935 ipsos
441 887 633 922 ducerent
666 887 715 922 ad
749 885 872 927 illam,
913 887 1021 933 quod
1056 885 1219 922 indubie
1253 899 1334 922 non
1367 895 1423 922 est

108 944 264 993 privata
296 944 436 992 religio
469 945 537 980 sed
571 944 740 991 simplex
772 943 914 992 religio
947 943 1178 981 christiana.
1226 946 1318 981 Ideo
1352 956 1423 991 ego

108 1016 187 1039 non
219 1002 335 1039 video
369 1003 575 1052 quomodo
609 1001 853 1050 quicumque
886 1002 984 1038 tales
1018 1002 1215 1051 attingent
1254 1002 1424 1039 beatitu-

108 1061 256 1107 dinem,
291 1071 506 1109 antequam
541 1061 616 1097 hoc
650 1059 893 1097 desiderium
929 1060 1035 1097 circa
1068 1062 1143 1098 hoc
1174 1060 1350 1098 medium
1375 1060 1424 1096 sit

107 1129 336 1168 purgatum.
378 1121 528 1156 Omnes
567 1118 673 1155 enirn
714 1119 813 1155 tales
854 1128 987 1155 errant
1029 1118 1070 1155 in
1109 1119 1187 1156 fide
1228 1120 1425 1168 quodam-

53 1179 90 1210 15
110 1180 244 1223 modo,
285 1190 375 1214 cum
416 1178 700 1226 blasphemant
733 1176 772 1213 in
805 1177 1111 1214 ordinacionem
1147 1177 1301 1214 domini
1333 1179 1424 1214 Jesu

109 1236 270 1272 Christi.
307 1236 476 1272 Dimitto
510 1245 643 1272 autem
678 1235 886 1284 religiosos
920 1236 1008 1284 plus
1043 1246 1222 1273 errantes
1246 1236 1311 1284 qui
1337 1236 1425 1284 plus

108 1304 273 1343 propter
294 1295 541 1342 voluptatem
577 1303 645 1330 aut
679 1295 923 1330 mundanam
960 1295 1270 1343 prosperitatem
1306 1307 1425 1342 appe-

108 1362 195 1389 tunt
240 1354 361 1389 talem
407 1352 641 1400 religionem
681 1352 742 1388 vel
781 1351 821 1388 in
861 1365 905 1389 ea
949 1353 1262 1400 graduacionem
1304 1366 1423 1401 quam

109 1421 274 1459 propter
317 1424 431 1448 suam
477 1410 766 1447 beatitudinem
813 1411 1121 1459 adquirendam.
1171 1411 1248 1460 Ipsi
1290 1419 1422 1448 autem

50 1481 92 1502 20
111 1469 432 1506 inexcusabiliter
485 1468 611 1517 magis
659 1478 828 1517 peccant
873 1478 910 1505 et
955 1470 1058 1505 forte
1101 1470 1161 1506 vix
1206 1469 1245 1505 in
1290 1469 1426 1518 aliqua

109 1527 302 1576 religione
341 1527 497 1577 privata
530 1540 654 1564 unum
688 1526 864 1564 invenies
897 1527 994 1575 quin
1028 1529 1162 1576 quoad
1195 1528 1305 1564 illam
1339 1540 1425 1575 gra-

109 1586 348 1623 duacionem
389 1595 526 1634 peccet
564 1585 738 1634 graviter
776 1594 813 1622 et
846 1585 959 1621 illum
994 1585 1147 1623 viscum
1180 1586 1309 1622 linivit
1343 1585 1425 1622 dia-

108 1645 222 1681 bolus
266 1644 306 1680 in
350 1644 435 1681 istis
480 1643 739 1692 religionibus
784 1643 962 1692 privatis,
997 1653 1039 1680 ut
1083 1644 1123 1680 in
1163 1644 1426 1692 compedibus

107 1702 186 1739 suis
226 1702 359 1751 capiat
399 1711 435 1739 et
473 1701 595 1738 eviret
634 1701 808 1750 amplius
847 1715 983 1739 servos
1022 1715 1129 1739 suos.
1177 1702 1275 1749 Quis
1320 1702 1423 1739 enim

51 1762 90 1794 25
108 1760 431 1809 possessionatus
464 1760 616 1809 aspirat
649 1769 691 1796 ut
726 1760 794 1797 fiat
827 1760 938 1808 prior
970 1761 1030 1797 vel
1065 1762 1201 1806 abbas,
1237 1770 1304 1797 aut
1337 1760 1426 1809 quis

108 1819 315 1856 mendicus
348 1818 549 1855 desiderat
582 1827 624 1855 ut
657 1818 726 1855 fiat
758 1818 797 1855 in
831 1819 972 1855 ordine
1005 1832 1077 1855 suo
1111 1820 1214 1856 altus
1246 1820 1307 1856 vel
1339 1832 1425 1855 sco-

107 1877 245 1914 lastice
277 1879 511 1925 graduatus,
546 1886 588 1913 ut
620 1876 809 1926 adquirat
842 1877 996 1913 reccius
1030 1887 1066 1914 et
1100 1876 1427 1926 compendiosius

107 1936 423 1972 beatitudinem?
455 1935 621 1972 Indubie
654 1935 806 1972 fructus
840 1935 973 1983 operis
1006 1937 1114 1985 quod
1147 1936 1310 1975 faciunt,
1336 1948 1425 1972 cum

107 1994 196 2031 illos
229 1996 376 2042 gradus
411 1993 624 2030 habuerint
657 1993 887 2040 oculariter,
922 1993 1140 2031 indicabit?

50 2053 92 2084 30
167 2055 373 2098 Quantum
422 2054 471 2088 ad
525 2053 744 2089 secundam
798 2051 1027 2101 passionem
1082 2052 1219 2098 animi,
1274 2051 1426 2088 scilicet
1448 2065 1473 2084 2.
1498 2057 1573 2095 [sear
1594 2057 1627 2083 (τῖ’
1646 2057 1707 2082 10»

107 2110 296 2147 timorem
330 2112 377 2147 de
410 2112 630 2159 perdendo,
665 2119 723 2146 est
756 2111 974 2147 conformis
1008 2110 1300 2152 consideracio,
1335 2123 1424 2146 cum
1452 2095 1659 2160 „11-‹i1ig(t'-i‹¹t⁰¹÷i>
1680 2131 1710 2152 to

108 2168 164 2204 illi
205 2169 270 2217 qui
316 2169 404 2217 plus
449 2169 592 2205 timent
631 2170 799 2217 perdere
838 2169 1002 2217 aliquod
1043 2169 1211 2206 istorum
1253 2178 1427 2217 quatuor
1442 2162 1591 2196 ¹⁶¹¹¹W³¹³¹¹
1608 2161 1715 2194 &¹⁰³⁸

107 2228 306 2264 bonorum
339 2227 625 2276 temporalium
660 2227 934 2275 predictorum
969 2241 1091 2276 quam
1124 2237 1272 2264 statum
1306 2240 1425 2276 quem

109 2288 213 2322 Deus
258 2295 440 2333 acceptat
485 2287 536 2322 ad
579 2285 868 2322 beatitudinem
917 2286 1223 2335 adquirendam.
1264 2285 1426 2322 indubie

52 2341 250 2380 35timent
294 2343 489 2380 serviliter
534 2353 571 2380 et
615 2344 942 2392 dampnabiliter.
982 2346 1091 2393 quod
1131 2357 1174 2380 ex
1214 2343 1425 2392 diligencia

109 2402 242 2450 operis
287 2401 457 2438 discerni
502 2402 663 2450 poterit,
703 2411 740 2439 et
778 2402 987 2439 luciferina
1032 2402 1202 2439 audacia
1247 2401 1425 2439 solvendi

110 2459 258 2497 Christi
312 2462 504 2497 mandata
557 2470 677 2509 atque
728 2461 895 2498 consilia
946 2460 1140 2497 indirecte
1184 2460 1425 2497 rectificaret

110 2518 383 2555 consciencias
428 2518 639 2555 hominum
686 2519 724 2555 in
764 2521 838 2556 hac
878 2529 1004 2567 parte.
1052 2519 1091 2555 Si
1132 2518 1236 2555 enim
1277 2520 1425 2555 audent

111 2586 278 2625 propter
312 2576 430 2613 finem
465 2577 641 2626 aliquem
676 2579 943 2626 temporalem
978 2578 1033 2614 sic
1068 2578 1212 2623 facere,
1247 2578 1336 2625 plus
1370 2577 1425 2612 in-

48 2645 94 2675 40
111 2635 230 2672 dubie
254 2636 358 2671 hunc
378 2634 548 2682 diligunt
566 2649 688 2684 quam
711 2636 1003 2672 beatitudinem
1028 2645 1064 2672 et
1088 2648 1158 2684 per
1177 2647 1425 2683 consequens

111 2692 194 2729 eius
227 2692 453 2730 carenciam
491 2694 616 2742 magis
649 2694 805 2730 timent.

178 2896 202 2925 3.
224 2898 319 2926 Cod.:
341 2898 466 2926 amoris.
541 2897 582 2926 23.
604 2898 699 2926 Cod.:
722 2906 776 2926 uec
796 2898 837 2926 in.
911 2897 956 2926 30.
978 2899 1010 2925 In
1033 2906 1148 2933 marg:
1172 2905 1197 2924 2.
