1944 3323
202 246 278 281 328

250 1001 309 1028 we
332 1005 413 1027 must

228 1035 337 1063 resrain
360 1035 439 1062 from

277 1070 389 1096 t'oolish

254 1105 411 1139 speaking.

203 2096 244 2131 ssy
266 2095 359 2129 doing
380 2095 459 2129 good

223 2138 267 2156 we
289 2131 358 2157 scel<
379 2135 444 2156 true

281 2173 382 2200 peace.

761 255 985 287 JOHANNIS
1009 256 1189 287 wrcmr
1209 255 1467 288 SERMONUM
1491 242 1640 299 [smnio
1657 254 1793 282 xxxix.

487 375 558 409 pro
595 362 699 397 malo
733 360 899 408 peccati,
940 360 1026 408 ipsa
1058 370 1192 397 tamen
1231 373 1333 409 pena
1366 370 1423 397 est
1457 362 1606 398 bonum
1640 362 1793 400 iusticie

488 431 699 467 personam
742 417 950 466 perficiens
990 418 1052 454 cui
1087 420 1216 454 datur.
1270 419 1309 455 Si
1350 431 1442 466 ergo
1487 420 1670 457 volumus
1711 433 1793 457 esse

488 477 557 512 filii
593 476 663 512 Dei
698 485 734 512 et
769 477 935 512 heredes
968 476 1129 521 Christi,
1170 485 1329 524 oportet
1366 489 1439 512 nos
1478 477 1608 525 ipsum
1643 477 1683 514 in
1714 479 1794 515 vita

487 543 522 571 et
574 533 752 570 moribus
805 533 968 570 imitari.
1027 535 1076 570 Et
1126 534 1243 570 istam
1295 535 1471 581 regulam
1523 536 1792 583 evangelicam

486 593 738 628 studeremus
797 600 833 627 et
885 591 983 627 alias
1035 592 1265 639 prophanas
1319 600 1423 635 (cum
1476 592 1551 629 ista
1604 593 1792 637 sufficiat)

486 659 722 685 taceremus.
778 651 878 685 Nam
921 651 1026 684 Luce
1057 651 1142 694 V10‚
1181 649 1226 684 35
1269 649 1475 686 scribitur:
1520 651 1685 701 Diligite
1725 651 1794 687 ini-

487 708 604 743 micos
650 714 810 749 vestros,
854 707 1060 742 benedicite
1105 707 1416 743 maledicentibus
1464 708 1567 744 vobis
1610 717 1645 744 et
1688 717 1796 745 orate

481 777 556 814 pro
589 764 906 800 calzmmiantibus
940 777 1018 809 2⁷05,
1051 764 1167 812 pauci
1201 764 1304 800 enim
1338 766 1398 800 vel
1430 765 1528 801 nulli
1552 767 1599 802 de
1631 766 1795 814 privatis

486 822 693 858 ordinibus
727 821 906 870 obligant
945 834 984 858 se
1018 822 1125 869 ipsos
1164 823 1214 858 ad
1247 822 1364 858 istam
1400 823 1669 871 evangelicam
1706 824 1794 860 reli-

486 880 646 928 gionem
686 881 747 916 vel
787 880 980 927 regulam,
1021 892 1111 916 cum
1152 879 1238 927 ipsa
1277 879 1442 917 dimissa
1481 890 1517 917 et
1563 891 1794 930 contempta

487 939 537 973 ad
568 950 691 974 vanas
725 937 933 985 religiosos
967 937 1186 974 sollicitant
1219 937 1410 985 obligare.

545 997 591 1031 Et
625 1008 715 1032 cum
750 997 969 1031 secundum
1004 995 1237 1043 religionem
1273 995 1419 1032 Christi
1454 997 1644 1033 debemus
1678 998 1794 1034 bene-

487 1053 619 1089 dicere
658 1062 695 1089 et
734 1054 839 1089 nolle
880 1053 1132 1099 maledicere,
1172 1054 1356 1089 hortatur
1396 1055 1534 1090 Petrus
1574 1054 1708 1091 fideles
1748 1057 1795 1091 de

485 1123 555 1147 sua
595 1110 787 1158 religione
832 1110 1008 1158 linguam
1054 1124 1075 1147 a
1120 1110 1372 1159 stultiloquio
1419 1113 1650 1148 cohercere:
1706 1114 1793 1159 Qui,

486 1168 627 1217 inquit,
664 1169 743 1204 vult
776 1169 891 1204 vitam
916 1169 1082 1218 diligere
1114 1176 1148 1204 et
1182 1169 1314 1205 videre
1336 1169 1416 1205 dies
1447 1170 1563 1205 bonos
1595 1172 1796 1207 coherceat

485 1227 657 1276 lingnam
690 1239 797 1262 suam
832 1239 852 1261 a
886 1227 987 1262 malo
1020 1234 1053 1262 et
1086 1227 1184 1262 labia
1217 1239 1300 1271 sua,
1333 1240 1376 1262 ne
1408 1227 1614 1275 loquantur
1646 1229 1797 1271 dolum,-

484 1284 551 1319 ubi
592 1293 701 1332 patet
739 1285 847 1332 quod
887 1285 1022 1331 regula
1061 1284 1135 1320 ista
1175 1285 1222 1320 de
1256 1285 1413 1320 Psalmo
1446 1286 1637 1329 XXXIIIO,
1670 1286 1711 1321 13
1749 1299 1794 1322 ac

487 1341 613 1378 eciam
653 1350 761 1377 textu
796 1341 901 1378 Petri
941 1350 998 1377 est
1038 1341 1288 1389 prestancior
1321 1355 1441 1390 quam
1481 1355 1620 1379 omnes
1659 1344 1794 1391 regule

488 1399 640 1447 private
668 1399 729 1435 vel
758 1399 1015 1435 observancie
1045 1401 1093 1436 de
1122 1399 1287 1435 silencio
1316 1399 1355 1435 in
1391 1400 1554 1447 privatis
1586 1401 1793 1437 ordinibus

487 1458 604 1493 obser
632 1452 636 1510 Ι
664 1458 808 1493 vando.
870 1459 911 1492 ln
964 1457 1074 1493 cuius
1125 1457 1281 1504 signum
1335 1458 1501 1505 professi
1546 1459 1586 1495 in
1630 1459 1794 1506 privatis
1811 1441 1875 1529 Υἱὲ

486 1514 693 1551 ordinibus
724 1524 909 1551 exeuntes
941 1514 979 1550 in
1008 1515 1185 1551 seculum
1216 1515 1304 1562 plus
1329 1516 1540 1552 elabuntur
1563 1516 1603 1552 in
1627 1526 1794 1564 peccato

485 1572 617 1619 lingue
647 1585 766 1620 quam
798 1574 996 1609 seculares
1026 1574 1282 1609 observantes
1313 1573 1545 1621 religionem
1570 1574 1793 1622 simplicem

486 1629 760 1666 christianam.
814 1629 903 1675 Qui,
945 1630 1073 1678 inquit
1114 1631 1323 1678 propheta,
1364 1632 1447 1667 vult
1486 1633 1631 1669 habere
1671 1632 1792 1669 vitam

486 1687 570 1723 sine
604 1697 732 1724 morte
757 1700 832 1736 que
867 1697 923 1724 est
946 1688 1026 1724 vita
1060 1690 1177 1725 beata
1211 1689 1434 1736 (dampnati
1469 1689 1573 1726 enim
1599 1699 1795 1738 appetunt

487 1745 588 1781 mori
634 1755 671 1781 et
715 1745 855 1781 odiunt
900 1755 981 1782 tam
1026 1745 1147 1782 vitam
1193 1746 1399 1794 propriam
1446 1760 1564 1795 quam
1613 1748 1792 1784 omnium

486 1803 671 1848 aliorum,
707 1812 743 1839 et
777 1803 859 1839 dies
894 1803 986 1839 boni
1020 1813 1110 1840 sunt
1145 1804 1227 1840 dies
1268 1804 1525 1841 beatitudinis
1557 1805 1640 1842 sine
1674 1806 1794 1842 inter-

489 1860 680 1908 rupcione
712 1861 855 1903 noctis,
890 1874 968 1897 una
999 1861 1160 1909 quidem
1186 1861 1269 1897 dies
1302 1861 1341 1897 in
1374 1862 1504 1910 patria
1539 1873 1596 1899 est
1629 1873 1793 1912 propter

488 1919 632 1954 multas
656 1919 856 1955 lucencias
881 1919 995 1955 multi
1020 1919 1103 1955 dies
1128 1920 1343 1967 perpetui),
1379 1921 1591 1957 coherceat
1614 1921 1789 1969 linguam

486 1989 598 2012 suam
645 1976 814 2024 publice,
861 1990 908 2013 ne
948 1977 1106 2024 publice
1154 1977 1367 2014 maledicat
1413 1987 1448 2014 et
1486 1978 1592 2015 labia
1633 1992 1703 2016 sua
1743 1993 1792 2015 ne

488 2034 768 2070 machinentur
803 2034 1070 2070 iniurantibus
1105 2036 1256 2071 malum
1291 2035 1329 2070 in
1362 2037 1534 2072 occulto.

543 2092 668 2139 Magis
708 2101 841 2128 autem
883 2093 1032 2128 malum
1066 2092 1171 2129 venit
1205 2105 1226 2129 a
1260 2092 1394 2140 lingua
1427 2093 1558 2141 primo
1592 2094 1793 2142 prohibita

487 2158 523 2185 et
563 2150 712 2185 malum
753 2149 1081 2197 superficietenus
1121 2150 1330 2198 palliatum
1369 2151 1475 2187 venit
1519 2164 1540 2188 a
1584 2152 1712 2195 labiis,
1759 2162 1794 2189 et

487 2209 848 2254 correspondentes
881 2207 947 2255 qui
980 2207 1020 2243 in
1052 2208 1181 2244 verbis
1214 2209 1386 2245 refrenat
1419 2210 1490 2245 hec
1524 2211 1602 2245 duo
1627 2210 1795 2247 crimina

486 2265 606 2300 habet
640 2266 1002 2313 correspondentes
1026 2267 1097 2302 hec
1121 2267 1199 2302 duo
1224 2268 1329 2303 bona
1351 2266 1532 2314 superius
1558 2277 1793 2304 memorata.

487 2323 600 2358 Unde
634 2322 814 2371 sequitur
847 2322 887 2358 in
919 2332 1026 2359 textu
1050 2325 1265 2372 prophete:
1300 2325 1476 2361 Declinet
1497 2333 1621 2361 autem
1647 2339 1667 2361 a
1692 2327 1793 2361 malo

485 2387 520 2415 et
541 2380 672 2428 faciat
693 2381 846 2427 honum,
868 2380 1033 2417 virtutes
1058 2381 1256 2417 firmando
1281 2391 1317 2418 et
1340 2382 1559 2428 fundando,
1595 2383 1688 2431 quia
1721 2383 1794 2419 iste

487 2438 562 2472 due
596 2447 687 2473 sunt
720 2439 835 2486 plene
868 2447 1001 2486 partes
1024 2438 1181 2475 iusticie
1205 2448 1241 2475 et
1266 2441 1398 2487 regule
1423 2440 1650 2477 christiane.
1686 2443 1794 2477 Intus

486 2503 621 2543 querat
648 2508 785 2544 pacem
819 2505 901 2532 tam
935 2496 1139 2533 intellectu
1173 2510 1293 2545 quam
1328 2497 1484 2543 affectu,
1526 2498 1619 2546 quia
1658 2498 1697 2534 in
1730 2498 1792 2535 via

486 2553 760 2598 absconditur,
800 2562 843 2589 ut
882 2554 1055 2601 perfecte
1093 2562 1276 2603 sequatur
1307 2568 1388 2591 eam
1422 2568 1547 2604 usque
1580 2558 1629 2592 ad
1663 2557 1791 2593 celum

1812 596 1827 627 5

1814 895 1853 917 10

1817 1175 1852 1206 15

1812 1753 1850 1785 25

1812 2043 1851 2074 30

1812 2332 1850 2363 35

486 2611 590 2646 unde
635 2611 842 2658 processit.
889 2613 938 2647 Et
976 2621 1085 2660 patet
1125 2614 1231 2660 quod
1278 2613 1466 2662 prosequi
1510 2626 1591 2650 non
1636 2626 1850 2662 semper4o

486 2677 601 2704 sonat
633 2667 673 2704 in
707 2669 856 2704 malum
892 2670 1026 2718 culpe;
1060 2670 1175 2706 multi
1209 2671 1368 2719 quidem
1404 2672 1674 2719 perfunctorie
1698 2684 1792 2720 que-

557 2797 582 2824 7.
604 2788 698 2817 Cod.:
720 2793 751 2817 et
767 2793 854 2818 orate
873 2790 966 2818 deest.

561 2872 609 2902 14.
637 2861 659 2892 I.
687 2860 777 2892 Petri
803 2862 855 2902 ΙΙΙ,
889 2873 937 2894 10.
1035 2862 1086 2904 35,
1115 2862 1166 2904 38,
1195 2863 1248 2906 39.
1277 2863 1299 2895 I.
1326 2864 1415 2895 Petri
1444 2865 1499 2905 III,
1528 2875 1578 2897 ιι.

1878 1484 1890 1501 d
