<?xml version="1.0" encoding="UTF-8"?>
<!DOCTYPE html PUBLIC "-//W3C//DTD XHTML 1.0 Transitional//EN"
    "http://www.w3.org/TR/xhtml1/DTD/xhtml1-transitional.dtd">
<html xmlns="http://www.w3.org/1999/xhtml" xml:lang="en" lang="en">
 <head>
  <title>
</title>
<meta http-equiv="Content-Type" content="text/html;charset=utf-8" />
  <meta name='ocr-system' content='tesseract 3.04.00' />
  <meta name='ocr-capabilities' content='ocr_page ocr_carea ocr_par ocr_line ocrx_word'/>
</head>
<body>
  <div class='ocr_page' id='page_1' title='image "./iohanniswyclifse0703wycl_0528.png"; bbox 0 0 1944 3323; ppageno 0'>
   <div class='ocr_carea' id='block_1_1' title="bbox 135 244 210 279">
    <p class='ocr_par' dir='ltr' id='par_1_1' title="bbox 135 244 210 279">
     <span class='ocr_line' id='line_1_1' title="bbox 135 244 210 279; baseline 0 0"><span class='ocrx_word' id='word_1_1' title='bbox 135 244 210 279; x_wconf 80' lang='lat'>506</span> 
     </span>
    </p>
   </div>
   <div class='ocr_carea' id='block_1_2' title="bbox 141 597 394 764">
    <p class='ocr_par' dir='ltr' id='par_1_2' title="bbox 141 597 394 694">
     <span class='ocr_line' id='line_1_2' title="bbox 141 597 394 632; baseline -0.016 -6"><span class='ocrx_word' id='word_1_2' title='bbox 141 599 169 626; x_wconf 80' lang='lat' dir='ltr'><strong>A</strong></span> <span class='ocrx_word' id='word_1_3' title='bbox 190 598 302 632; x_wconf 71' lang='lat' dir='ltr'>prolate</span> <span class='ocrx_word' id='word_1_4' title='bbox 324 597 394 623; x_wconf 72' lang='lat' dir='ltr'>who</span> 
     </span>
     <span class='ocr_line' id='line_1_3' title="bbox 152 632 383 667; baseline -0.009 -8"><span class='ocrx_word' id='word_1_5' title='bbox 152 633 258 667; x_wconf 67' lang='lat' dir='ltr'>judges</span> <span class='ocrx_word' id='word_1_6' title='bbox 278 632 383 667; x_wconf 60' lang='lat' dir='ltr'>salse-ly</span> 
     </span>
     <span class='ocr_line' id='line_1_4' title="bbox 167 666 372 694; baseline -0.005 -1"><span class='ocrx_word' id='word_1_7' title='bbox 167 668 201 694; x_wconf 77' lang='lat' dir='ltr'>of</span> <span class='ocrx_word' id='word_1_8' title='bbox 219 668 326 693; x_wconf 54' lang='lat' dir='ltr'>heresi·</span> <span class='ocrx_word' id='word_1_9' title='bbox 347 666 372 693; x_wconf 74' lang='lat' dir='ltr'>is</span> 
     </span>
    </p>

    <p class='ocr_par' dir='ltr' id='par_1_3' title="bbox 193 698 349 764">
     <span class='ocr_line' id='line_1_5' title="bbox 193 698 349 728; baseline -0.006 0"><span class='ocrx_word' id='word_1_10' title='bbox 193 698 318 728; x_wconf 80' lang='lat' dir='ltr'>himself</span> <span class='ocrx_word' id='word_1_11' title='bbox 334 710 349 727; x_wconf 83' lang='lat' dir='ltr'>a</span> 
     </span>
     <span class='ocr_line' id='line_1_6' title="bbox 210 736 331 764; baseline -0.025 0"><span class='ocrx_word' id='word_1_12' title='bbox 210 736 331 764; x_wconf 80' lang='lat' dir='ltr'>hcretic.</span> 
     </span>
    </p>
   </div>
   <div class='ocr_carea' id='block_1_3' title="bbox 141 2219 415 2322">
    <p class='ocr_par' dir='ltr' id='par_1_4' title="bbox 141 2219 415 2322">
     <span class='ocr_line' id='line_1_7' title="bbox 150 2219 404 2246; baseline -0.004 0"><span class='ocrx_word' id='word_1_13' title='bbox 150 2219 228 2246; x_wconf 76' lang='lat' dir='ltr'>How</span> <span class='ocrx_word' id='word_1_14' title='bbox 249 2227 350 2245; x_wconf 85' lang='lat' dir='ltr'>crrors</span> <span class='ocrx_word' id='word_1_15' title='bbox 371 2226 404 2245; x_wconf 80' lang='lat' dir='ltr'>as</span> 
     </span>
     <span class='ocr_line' id='line_1_8' title="bbox 141 2253 415 2280; baseline -0.004 0"><span class='ocrx_word' id='word_1_16' title='bbox 141 2259 171 2280; x_wconf 88' lang='lat' dir='ltr'>to</span> <span class='ocrx_word' id='word_1_17' title='bbox 191 2253 240 2280; x_wconf 84' lang='lat' dir='ltr'>the</span> <span class='ocrx_word' id='word_1_18' title='bbox 256 2254 325 2280; x_wconf 82' lang='lat' dir='ltr'>host</span> <span class='ocrx_word' id='word_1_19' title='bbox 342 2253 415 2279; x_wconf 73' lang='lat' dir='ltr'>have</span> 
     </span>
     <span class='ocr_line' id='line_1_9' title="bbox 188 2296 368 2322; baseline -0.011 -7"><span class='ocrx_word' id='word_1_20' title='bbox 188 2296 294 2322; x_wconf 69' lang='lat' dir='ltr'>grown</span> <span class='ocrx_word' id='word_1_21' title='bbox 317 2296 368 2322; x_wconf 84' lang='lat' dir='ltr'>up.</span> 
     </span>
    </p>
   </div>
   <div class='ocr_carea' id='block_1_4' title="bbox 697 235 1725 291">
    <p class='ocr_par' dir='ltr' id='par_1_5' title="bbox 697 235 1725 291">
     <span class='ocr_line' id='line_1_10' title="bbox 697 235 1725 291; baseline -0.005 -10"><span class='ocrx_word' id='word_1_22' title='bbox 697 250 923 281; x_wconf 75' lang='lat' dir='ltr'>JOHANle</span> <span class='ocrx_word' id='word_1_23' title='bbox 943 249 1124 280; x_wconf 68' lang='lat' dir='ltr'>wchF</span> <span class='ocrx_word' id='word_1_24' title='bbox 1143 248 1398 280; x_wconf 81' lang='lat' dir='ltr'>SERMONUM</span> <span class='ocrx_word' id='word_1_25' title='bbox 1442 235 1593 291; x_wconf 69' lang='lat' dir='ltr'>[SERMO</span> <span class='ocrx_word' id='word_1_26' title='bbox 1615 244 1725 272; x_wconf 77' lang='lat' dir='ltr'>Lvm.</span> 
     </span>
    </p>
   </div>
   <div class='ocr_carea' id='block_1_5' title="bbox 418 353 1832 2651">
    <p class='ocr_par' dir='ltr' id='par_1_6' title="bbox 418 353 1726 568">
     <span class='ocr_line' id='line_1_11' title="bbox 419 353 1726 404; baseline -0.004 -10"><span class='ocrx_word' id='word_1_27' title='bbox 419 357 661 394; x_wconf 86' lang='lat' dir='ltr'>catholicare</span> <span class='ocrx_word' id='word_1_28' title='bbox 700 357 808 404; x_wconf 87' lang='lat' dir='ltr'>quod</span> <span class='ocrx_word' id='word_1_29' title='bbox 846 355 977 402; x_wconf 87' lang='lat' dir='ltr'>ipsum</span> <span class='ocrx_word' id='word_1_30' title='bbox 1018 354 1067 390; x_wconf 89' lang='lat' dir='ltr'>sit</span> <span class='ocrx_word' id='word_1_31' title='bbox 1107 354 1292 390; x_wconf 88' lang='lat' dir='ltr'>accidens</span> <span class='ocrx_word' id='word_1_32' title='bbox 1330 354 1414 390; x_wconf 87' lang='lat' dir='ltr'>sine</span> <span class='ocrx_word' id='word_1_33' title='bbox 1454 353 1634 390; x_wconf 87' lang='lat' dir='ltr'>subiecto</span> <span class='ocrx_word' id='word_1_34' title='bbox 1666 354 1726 390; x_wconf 86' lang='lat' dir='ltr'>vel</span> 
     </span>
     <span class='ocr_line' id='line_1_12' title="bbox 418 411 1726 464; baseline -0.004 -12"><span class='ocrx_word' id='word_1_35' title='bbox 418 415 610 464; x_wconf 90' lang='lat' dir='ltr'>quicquid</span> <span class='ocrx_word' id='word_1_36' title='bbox 642 412 853 458; x_wconf 81' lang='lat' dir='ltr'>voluerint,</span> <span class='ocrx_word' id='word_1_37' title='bbox 894 421 930 448; x_wconf 89' lang='lat' dir='ltr'>et</span> <span class='ocrx_word' id='word_1_38' title='bbox 970 425 1058 448; x_wconf 87' lang='lat' dir='ltr'>cum</span> <span class='ocrx_word' id='word_1_39' title='bbox 1092 413 1309 460; x_wconf 82' lang='lat' dir='ltr'>Apostolus</span> <span class='ocrx_word' id='word_1_40' title='bbox 1348 411 1453 448; x_wconf 88' lang='lat' dir='ltr'>dicat</span> <span class='ocrx_word' id='word_1_41' title='bbox 1491 411 1726 459; x_wconf 79' lang='lat' dir='ltr'>regulariter</span> 
     </span>
     <span class='ocr_line' id='line_1_13' title="bbox 419 469 1723 522; baseline -0.004 -12"><span class='ocrx_word' id='word_1_42' title='bbox 419 475 527 522; x_wconf 84' lang='lat' dir='ltr'>quod</span> <span class='ocrx_word' id='word_1_43' title='bbox 565 472 613 509; x_wconf 94' lang='lat' dir='ltr'>sit</span> <span class='ocrx_word' id='word_1_44' title='bbox 646 471 773 520; x_wconf 82' lang='lat' dir='ltr'>panis,</span> <span class='ocrx_word' id='word_1_45' title='bbox 814 470 1062 517; x_wconf 80' lang='lat' dir='ltr'>contingeret</span> <span class='ocrx_word' id='word_1_46' title='bbox 1095 469 1203 518; x_wconf 90' lang='lat' dir='ltr'>ipsos</span> <span class='ocrx_word' id='word_1_47' title='bbox 1236 471 1455 507; x_wconf 87' lang='lat' dir='ltr'>hereticare</span> <span class='ocrx_word' id='word_1_48' title='bbox 1487 470 1723 517; x_wconf 89' lang='lat' dir='ltr'>Apostolum</span> 
     </span>
     <span class='ocr_line' id='line_1_14' title="bbox 420 530 794 568; baseline -0.008 0"><span class='ocrx_word' id='word_1_49' title='bbox 420 541 456 568; x_wconf 89' lang='lat' dir='ltr'>et</span> <span class='ocrx_word' id='word_1_50' title='bbox 489 531 544 568; x_wconf 89' lang='lat' dir='ltr'>sic</span> <span class='ocrx_word' id='word_1_51' title='bbox 578 530 794 567; x_wconf 81' lang='lat' dir='ltr'>Christum.</span> 
     </span>
    </p>

    <p class='ocr_par' dir='ltr' id='par_1_7' title="bbox 422 585 1790 1967">
     <span class='ocr_line' id='line_1_15' title="bbox 478 585 1759 637; baseline -0.005 -12"><span class='ocrx_word' id='word_1_52' title='bbox 478 592 525 625; x_wconf 86' lang='lat' dir='ltr'>Et</span> <span class='ocrx_word' id='word_1_53' title='bbox 558 597 667 637; x_wconf 88' lang='lat' dir='ltr'>patet</span> <span class='ocrx_word' id='word_1_54' title='bbox 700 600 819 636; x_wconf 89' lang='lat' dir='ltr'>quam</span> <span class='ocrx_word' id='word_1_55' title='bbox 860 586 1129 635; x_wconf 87' lang='lat' dir='ltr'>periculosum</span> <span class='ocrx_word' id='word_1_56' title='bbox 1170 594 1226 622; x_wconf 87' lang='lat' dir='ltr'>est</span> <span class='ocrx_word' id='word_1_57' title='bbox 1265 598 1401 622; x_wconf 91' lang='lat' dir='ltr'>cecum</span> <span class='ocrx_word' id='word_1_58' title='bbox 1442 586 1638 633; x_wconf 84' lang='lat' dir='ltr'>prelatum</span> <span class='ocrx_word' id='word_1_59' title='bbox 1680 585 1759 620; x_wconf 85' lang='lat' dir='ltr'>de5</span> 
     </span>
     <span class='ocr_line' id='line_1_16' title="bbox 422 642 1727 693; baseline -0.005 -10"><span class='ocrx_word' id='word_1_60' title='bbox 422 647 549 683; x_wconf 85' lang='lat' dir='ltr'>heresi</span> <span class='ocrx_word' id='word_1_61' title='bbox 587 646 777 691; x_wconf 88' lang='lat' dir='ltr'>iudicare,</span> <span class='ocrx_word' id='word_1_62' title='bbox 819 645 912 693; x_wconf 86' lang='lat' dir='ltr'>quia</span> <span class='ocrx_word' id='word_1_63' title='bbox 951 643 1160 692; x_wconf 86' lang='lat' dir='ltr'>supposito</span> <span class='ocrx_word' id='word_1_64' title='bbox 1199 645 1305 692; x_wconf 87' lang='lat' dir='ltr'>quod</span> <span class='ocrx_word' id='word_1_65' title='bbox 1345 643 1384 679; x_wconf 89' lang='lat' dir='ltr'>in</span> <span class='ocrx_word' id='word_1_66' title='bbox 1423 644 1499 679; x_wconf 93' lang='lat' dir='ltr'>hoc</span> <span class='ocrx_word' id='word_1_67' title='bbox 1539 642 1727 678; x_wconf 83' lang='lat' dir='ltr'>erraverit</span> 
     </span>
     <span class='ocr_line' id='line_1_17' title="bbox 422 700 1728 752; baseline -0.005 -11"><span class='ocrx_word' id='word_1_68' title='bbox 422 705 610 742; x_wconf 88' lang='lat' dir='ltr'>adiuncta</span> <span class='ocrx_word' id='word_1_69' title='bbox 649 703 871 752; x_wconf 78' lang='lat' dir='ltr'>pertinacia</span> <span class='ocrx_word' id='word_1_70' title='bbox 913 703 1037 750; x_wconf 80' lang='lat' dir='ltr'>(quod</span> <span class='ocrx_word' id='word_1_71' title='bbox 1077 701 1271 749; x_wconf 83' lang='lat' dir='ltr'>contingit</span> <span class='ocrx_word' id='word_1_72' title='bbox 1310 700 1605 745; x_wconf 81' lang='lat' dir='ltr'>communiter),</span> <span class='ocrx_word' id='word_1_73' title='bbox 1645 700 1728 747; x_wconf 91' lang='lat' dir='ltr'>ipse</span> 
     </span>
     <span class='ocr_line' id='line_1_18' title="bbox 423 757 1729 808; baseline -0.005 -9"><span class='ocrx_word' id='word_1_74' title='bbox 423 763 537 799; x_wconf 80' lang='lat' dir='ltr'>iudex</span> <span class='ocrx_word' id='word_1_75' title='bbox 578 771 635 799; x_wconf 89' lang='lat' dir='ltr'>est</span> <span class='ocrx_word' id='word_1_76' title='bbox 667 771 709 798; x_wconf 84' lang='lat' dir='ltr'>ut</span> <span class='ocrx_word' id='word_1_77' title='bbox 751 761 807 797; x_wconf 91' lang='lat' dir='ltr'>sic</span> <span class='ocrx_word' id='word_1_78' title='bbox 847 760 1056 804; x_wconf 80' lang='lat' dir='ltr'>hereticus,</span> <span class='ocrx_word' id='word_1_79' title='bbox 1092 759 1184 808; x_wconf 85' lang='lat' dir='ltr'>quia</span> <span class='ocrx_word' id='word_1_80' title='bbox 1222 768 1265 795; x_wconf 85' lang='lat' dir='ltr'>ut</span> <span class='ocrx_word' id='word_1_81' title='bbox 1303 759 1358 795; x_wconf 93' lang='lat' dir='ltr'>sic</span> <span class='ocrx_word' id='word_1_82' title='bbox 1396 758 1571 795; x_wconf 84' lang='lat' dir='ltr'>defendit</span> <span class='ocrx_word' id='word_1_83' title='bbox 1610 757 1729 806; x_wconf 88' lang='lat' dir='ltr'>perti-</span> 
     </span>
     <span class='ocr_line' id='line_1_19' title="bbox 423 815 1728 857; baseline -0.005 0"><span class='ocrx_word' id='word_1_84' title='bbox 423 820 574 857; x_wconf 86' lang='lat' dir='ltr'>naciter</span> <span class='ocrx_word' id='word_1_85' title='bbox 626 819 870 856; x_wconf 80' lang='lat' dir='ltr'>sentenciam</span> <span class='ocrx_word' id='word_1_86' title='bbox 926 817 1168 854; x_wconf 86' lang='lat' dir='ltr'>contrariam</span> <span class='ocrx_word' id='word_1_87' title='bbox 1217 816 1386 853; x_wconf 85' lang='lat' dir='ltr'>veritati.</span> <span class='ocrx_word' id='word_1_88' title='bbox 1440 818 1531 852; x_wconf 91' lang='lat' dir='ltr'>Ideo</span> <span class='ocrx_word' id='word_1_89' title='bbox 1584 815 1728 852; x_wconf 86' lang='lat' dir='ltr'>dicitur</span> 
     </span>
     <span class='ocr_line' id='line_1_20' title="bbox 425 873 1786 926; baseline -0.004 -11"><span class='ocrx_word' id='word_1_90' title='bbox 425 879 692 915; x_wconf 86' lang='lat' dir='ltr'>communiter</span> <span class='ocrx_word' id='word_1_91' title='bbox 737 879 843 926; x_wconf 87' lang='lat' dir='ltr'>quod</span> <span class='ocrx_word' id='word_1_92' title='bbox 888 888 1080 913; x_wconf 86' lang='lat' dir='ltr'>accusans</span> <span class='ocrx_word' id='word_1_93' title='bbox 1127 888 1369 923; x_wconf 79' lang='lat' dir='ltr'>quemquam</span> <span class='ocrx_word' id='word_1_94' title='bbox 1417 876 1464 910; x_wconf 90' lang='lat' dir='ltr'>de</span> <span class='ocrx_word' id='word_1_95' title='bbox 1509 873 1637 910; x_wconf 89' lang='lat' dir='ltr'>heresi</span> <span class='ocrx_word' id='word_1_96' title='bbox 1689 885 1786 909; x_wconf 76' lang='lat' dir='ltr'>seio</span> 
     </span>
     <span class='ocr_line' id='line_1_21' title="bbox 424 931 1729 984; baseline -0.005 -11"><span class='ocrx_word' id='word_1_97' title='bbox 424 937 575 984; x_wconf 76' lang='lat' dir='ltr'>obligat</span> <span class='ocrx_word' id='word_1_98' title='bbox 619 937 669 973; x_wconf 91' lang='lat' dir='ltr'>ad</span> <span class='ocrx_word' id='word_1_99' title='bbox 707 948 851 983; x_wconf 89' lang='lat' dir='ltr'>penam</span> <span class='ocrx_word' id='word_1_100' title='bbox 894 933 1068 970; x_wconf 89' lang='lat' dir='ltr'>talionis.</span> <span class='ocrx_word' id='word_1_101' title='bbox 1114 935 1206 969; x_wconf 90' lang='lat' dir='ltr'>Ideo</span> <span class='ocrx_word' id='word_1_102' title='bbox 1248 942 1419 981; x_wconf 88' lang='lat' dir='ltr'>querunt</span> <span class='ocrx_word' id='word_1_103' title='bbox 1461 931 1729 968; x_wconf 89' lang='lat' dir='ltr'>communiter</span> 
     </span>
     <span class='ocr_line' id='line_1_22' title="bbox 424 990 1729 1042; baseline -0.005 -11"><span class='ocrx_word' id='word_1_104' title='bbox 424 994 596 1042; x_wconf 89' lang='lat' dir='ltr'>impetiti</span> <span class='ocrx_word' id='word_1_105' title='bbox 630 995 677 1030; x_wconf 90' lang='lat' dir='ltr'>de</span> <span class='ocrx_word' id='word_1_106' title='bbox 718 992 845 1029; x_wconf 86' lang='lat' dir='ltr'>heresi</span> <span class='ocrx_word' id='word_1_107' title='bbox 879 992 945 1040; x_wconf 89' lang='lat' dir='ltr'>qui</span> <span class='ocrx_word' id='word_1_108' title='bbox 986 1000 1077 1027; x_wconf 89' lang='lat' dir='ltr'>sunt</span> <span class='ocrx_word' id='word_1_109' title='bbox 1115 991 1171 1026; x_wconf 90' lang='lat' dir='ltr'>illi</span> <span class='ocrx_word' id='word_1_110' title='bbox 1206 991 1272 1039; x_wconf 88' lang='lat' dir='ltr'>qui</span> <span class='ocrx_word' id='word_1_111' title='bbox 1314 991 1419 1038; x_wconf 89' lang='lat' dir='ltr'>ipsos</span> <span class='ocrx_word' id='word_1_112' title='bbox 1460 998 1648 1026; x_wconf 86' lang='lat' dir='ltr'>accusant</span> <span class='ocrx_word' id='word_1_113' title='bbox 1682 990 1729 1025; x_wconf 93' lang='lat' dir='ltr'>de</span> 
     </span>
     <span class='ocr_line' id='line_1_23' title="bbox 426 1047 1730 1100; baseline -0.005 -11"><span class='ocrx_word' id='word_1_114' title='bbox 426 1053 552 1089; x_wconf 87' lang='lat' dir='ltr'>heresi</span> <span class='ocrx_word' id='word_1_115' title='bbox 592 1061 629 1088; x_wconf 92' lang='lat' dir='ltr'>et</span> <span class='ocrx_word' id='word_1_116' title='bbox 661 1050 925 1100; x_wconf 86' lang='lat' dir='ltr'>probaciones</span> <span class='ocrx_word' id='word_1_117' title='bbox 964 1062 1101 1086; x_wconf 85' lang='lat' dir='ltr'>eorum</span> <span class='ocrx_word' id='word_1_118' title='bbox 1140 1058 1281 1085; x_wconf 89' lang='lat' dir='ltr'>notant</span> <span class='ocrx_word' id='word_1_119' title='bbox 1315 1047 1548 1096; x_wconf 78' lang='lat' dir='ltr'>diligencius</span> <span class='ocrx_word' id='word_1_120' title='bbox 1589 1056 1625 1084; x_wconf 93' lang='lat' dir='ltr'>et</span> <span class='ocrx_word' id='word_1_121' title='bbox 1658 1047 1730 1082; x_wconf 92' lang='lat' dir='ltr'>im-</span> 
     </span>
     <span class='ocr_line' id='line_1_24' title="bbox 425 1104 1728 1159; baseline -0.005 -12"><span class='ocrx_word' id='word_1_122' title='bbox 425 1119 617 1159; x_wconf 75' lang='lat' dir='ltr'>pugnant.</span> <span class='ocrx_word' id='word_1_123' title='bbox 657 1112 705 1145; x_wconf 83' lang='lat' dir='ltr'>Et</span> <span class='ocrx_word' id='word_1_124' title='bbox 738 1109 829 1145; x_wconf 91' lang='lat' dir='ltr'>licet</span> <span class='ocrx_word' id='word_1_125' title='bbox 862 1120 954 1156; x_wconf 83' lang='lat' dir='ltr'>sepe</span> <span class='ocrx_word' id='word_1_126' title='bbox 988 1107 1147 1144; x_wconf 79' lang='lat' dir='ltr'>deficiat</span> <span class='ocrx_word' id='word_1_127' title='bbox 1180 1106 1371 1142; x_wconf 87' lang='lat' dir='ltr'>iudicium</span> <span class='ocrx_word' id='word_1_128' title='bbox 1405 1105 1553 1142; x_wconf 89' lang='lat' dir='ltr'>terreni</span> <span class='ocrx_word' id='word_1_129' title='bbox 1586 1104 1728 1141; x_wconf 86' lang='lat' dir='ltr'>iudicis</span> 
     </span>
     <span class='ocr_line' id='line_1_25' title="bbox 424 1163 1787 1216; baseline -0.005 -11"><span class='ocrx_word' id='word_1_130' title='bbox 424 1169 464 1205; x_wconf 89' lang='lat' dir='ltr'>in</span> <span class='ocrx_word' id='word_1_131' title='bbox 504 1170 577 1205; x_wconf 87' lang='lat' dir='ltr'>hac</span> <span class='ocrx_word' id='word_1_132' title='bbox 615 1176 741 1216; x_wconf 83' lang='lat' dir='ltr'>parte,</span> <span class='ocrx_word' id='word_1_133' title='bbox 780 1166 973 1202; x_wconf 86' lang='lat' dir='ltr'>iudicium</span> <span class='ocrx_word' id='word_1_134' title='bbox 1013 1174 1147 1202; x_wconf 91' lang='lat' dir='ltr'>tamen</span> <span class='ocrx_word' id='word_1_135' title='bbox 1186 1164 1306 1212; x_wconf 89' lang='lat' dir='ltr'>primi</span> <span class='ocrx_word' id='word_1_136' title='bbox 1345 1163 1488 1200; x_wconf 87' lang='lat' dir='ltr'>iudicis</span> <span class='ocrx_word' id='word_1_137' title='bbox 1526 1167 1787 1211; x_wconf 78' lang='lat' dir='ltr'>nunquam15</span> 
     </span>
     <span class='ocr_line' id='line_1_26' title="bbox 425 1222 1731 1272; baseline -0.005 -9"><span class='ocrx_word' id='word_1_138' title='bbox 425 1229 548 1272; x_wconf 83' lang='lat' dir='ltr'>deest,</span> <span class='ocrx_word' id='word_1_139' title='bbox 588 1239 678 1262; x_wconf 87' lang='lat' dir='ltr'>cum</span> <span class='ocrx_word' id='word_1_140' title='bbox 714 1227 818 1262; x_wconf 89' lang='lat' dir='ltr'>Luce</span> <span class='ocrx_word' id='word_1_141' title='bbox 849 1226 934 1269; x_wconf 82' lang='lat' dir='ltr'>V10‚</span> <span class='ocrx_word' id='word_1_142' title='bbox 973 1224 1021 1270; x_wconf 82' lang='lat'>37</span> <span class='ocrx_word' id='word_1_143' title='bbox 1057 1223 1182 1259; x_wconf 89' lang='lat' dir='ltr'>dicat:</span> <span class='ocrx_word' id='word_1_144' title='bbox 1222 1222 1351 1258; x_wconf 83' lang='lat' dir='ltr'>Nolite</span> <span class='ocrx_word' id='word_1_145' title='bbox 1389 1222 1562 1257; x_wconf 74' lang='lat' dir='ltr'>iudicare</span> <span class='ocrx_word' id='word_1_146' title='bbox 1593 1228 1628 1257; x_wconf 82' lang='lat' dir='ltr'>et</span> <span class='ocrx_word' id='word_1_147' title='bbox 1659 1233 1731 1256; x_wconf 83' lang='lat' dir='ltr'>non</span> 
     </span>
     <span class='ocr_line' id='line_1_27' title="bbox 425 1279 1732 1330; baseline -0.005 -10"><span class='ocrx_word' id='word_1_148' title='bbox 425 1284 692 1321; x_wconf 75' lang='lat' dir='ltr'>iudicabimini.</span> <span class='ocrx_word' id='word_1_149' title='bbox 738 1284 908 1330; x_wconf 87' lang='lat' dir='ltr'>Oportet</span> <span class='ocrx_word' id='word_1_150' title='bbox 954 1281 1056 1317; x_wconf 88' lang='lat' dir='ltr'>enim</span> <span class='ocrx_word' id='word_1_151' title='bbox 1104 1280 1348 1316; x_wconf 87' lang='lat' dir='ltr'>iudicantem</span> <span class='ocrx_word' id='word_1_152' title='bbox 1394 1291 1638 1327; x_wconf 84' lang='lat' dir='ltr'>quemquam</span> <span class='ocrx_word' id='word_1_153' title='bbox 1685 1279 1732 1314; x_wconf 92' lang='lat' dir='ltr'>de</span> 
     </span>
     <span class='ocr_line' id='line_1_28' title="bbox 427 1335 1732 1386; baseline -0.005 -7"><span class='ocrx_word' id='word_1_154' title='bbox 427 1342 553 1379; x_wconf 85' lang='lat' dir='ltr'>heresi</span> <span class='ocrx_word' id='word_1_155' title='bbox 588 1353 793 1378; x_wconf 78' lang='lat' dir='ltr'>excercere</span> <span class='ocrx_word' id='word_1_156' title='bbox 827 1340 924 1376; x_wconf 89' lang='lat' dir='ltr'>illud</span> <span class='ocrx_word' id='word_1_157' title='bbox 962 1338 1154 1374; x_wconf 88' lang='lat' dir='ltr'>iudicium</span> <span class='ocrx_word' id='word_1_158' title='bbox 1190 1346 1355 1386; x_wconf 87' lang='lat' dir='ltr'>propter</span> <span class='ocrx_word' id='word_1_159' title='bbox 1394 1337 1589 1373; x_wconf 85' lang='lat' dir='ltr'>sinceram</span> <span class='ocrx_word' id='word_1_160' title='bbox 1634 1335 1732 1372; x_wconf 88' lang='lat' dir='ltr'>cari-</span> 
     </span>
     <span class='ocr_line' id='line_1_29' title="bbox 425 1393 1732 1444; baseline -0.006 -7"><span class='ocrx_word' id='word_1_161' title='bbox 425 1410 548 1437; x_wconf 81' lang='lat' dir='ltr'>tatem</span> <span class='ocrx_word' id='word_1_162' title='bbox 573 1413 618 1436; x_wconf 88' lang='lat' dir='ltr'>ac</span> <span class='ocrx_word' id='word_1_163' title='bbox 643 1398 959 1435; x_wconf 87' lang='lat' dir='ltr'>misericordiam</span> <span class='ocrx_word' id='word_1_164' title='bbox 984 1396 1161 1439; x_wconf 78' lang='lat' dir='ltr'>iudicati,</span> <span class='ocrx_word' id='word_1_165' title='bbox 1187 1396 1279 1444; x_wconf 87' lang='lat' dir='ltr'>quia</span> <span class='ocrx_word' id='word_1_166' title='bbox 1302 1395 1449 1431; x_wconf 87' lang='lat' dir='ltr'>ibidem</span> <span class='ocrx_word' id='word_1_167' title='bbox 1474 1394 1513 1431; x_wconf 91' lang='lat' dir='ltr'>in</span> <span class='ocrx_word' id='word_1_168' title='bbox 1534 1393 1732 1442; x_wconf 86' lang='lat' dir='ltr'>principio</span> 
     </span>
     <span class='ocr_line' id='line_1_30' title="bbox 427 1452 1790 1503; baseline -0.006 -9"><span class='ocrx_word' id='word_1_169' title='bbox 427 1458 521 1495; x_wconf 88' lang='lat' dir='ltr'>dicit</span> <span class='ocrx_word' id='word_1_170' title='bbox 545 1457 743 1494; x_wconf 88' lang='lat' dir='ltr'>Christus:</span> <span class='ocrx_word' id='word_1_171' title='bbox 777 1457 912 1492; x_wconf 81' lang='lat' dir='ltr'>Estote</span> <span class='ocrx_word' id='word_1_172' title='bbox 933 1454 1216 1499; x_wconf 76' lang='lat' dir='ltr'>misericordes,</span> <span class='ocrx_word' id='word_1_173' title='bbox 1244 1454 1341 1490; x_wconf 76' lang='lat' dir='ltr'>sicut</span> <span class='ocrx_word' id='word_1_174' title='bbox 1363 1461 1396 1489; x_wconf 79' lang='lat' dir='ltr'>et</span> <span class='ocrx_word' id='word_1_175' title='bbox 1419 1465 1490 1503; x_wconf 78' lang='lat' dir='ltr'>ego</span> <span class='ocrx_word' id='word_1_176' title='bbox 1513 1452 1732 1488; x_wconf 76' lang='lat' dir='ltr'>misericors</span> <span class='ocrx_word' id='word_1_177' title='bbox 1748 1465 1790 1487; x_wconf 87' lang='lat'>20</span> 
     </span>
     <span class='ocr_line' id='line_1_31' title="bbox 425 1509 1733 1564; baseline -0.005 -12"><span class='ocrx_word' id='word_1_178' title='bbox 425 1530 521 1553; x_wconf 79' lang='lat' dir='ltr'>sum.</span> <span class='ocrx_word' id='word_1_179' title='bbox 567 1517 737 1564; x_wconf 86' lang='lat' dir='ltr'>Oportet</span> <span class='ocrx_word' id='word_1_180' title='bbox 782 1526 874 1561; x_wconf 81' lang='lat' dir='ltr'>ergo</span> <span class='ocrx_word' id='word_1_181' title='bbox 914 1513 1021 1561; x_wconf 88' lang='lat' dir='ltr'>quod</span> <span class='ocrx_word' id='word_1_182' title='bbox 1065 1512 1120 1548; x_wconf 90' lang='lat' dir='ltr'>sic</span> <span class='ocrx_word' id='word_1_183' title='bbox 1165 1511 1345 1548; x_wconf 89' lang='lat' dir='ltr'>iudicans</span> <span class='ocrx_word' id='word_1_184' title='bbox 1389 1519 1500 1547; x_wconf 91' lang='lat' dir='ltr'>notet</span> <span class='ocrx_word' id='word_1_185' title='bbox 1544 1509 1733 1558; x_wconf 89' lang='lat' dir='ltr'>precipue</span> 
     </span>
     <span class='ocr_line' id='line_1_32' title="bbox 428 1567 1731 1623; baseline -0.006 -13"><span class='ocrx_word' id='word_1_186' title='bbox 428 1575 534 1623; x_wconf 85' lang='lat' dir='ltr'>quod</span> <span class='ocrx_word' id='word_1_187' title='bbox 567 1573 707 1621; x_wconf 89' lang='lat' dir='ltr'>puniat</span> <span class='ocrx_word' id='word_1_188' title='bbox 739 1584 953 1620; x_wconf 88' lang='lat' dir='ltr'>personam</span> <span class='ocrx_word' id='word_1_189' title='bbox 987 1582 1107 1618; x_wconf 87' lang='lat' dir='ltr'>quam</span> <span class='ocrx_word' id='word_1_190' title='bbox 1147 1569 1304 1617; x_wconf 88' lang='lat' dir='ltr'>impetit</span> <span class='ocrx_word' id='word_1_191' title='bbox 1338 1569 1436 1605; x_wconf 90' lang='lat' dir='ltr'>citra</span> <span class='ocrx_word' id='word_1_192' title='bbox 1476 1567 1731 1615; x_wconf 79' lang='lat' dir='ltr'>condignum,</span> 
     </span>
     <span class='ocr_line' id='line_1_33' title="bbox 428 1625 1732 1681; baseline -0.007 -12"><span class='ocrx_word' id='word_1_193' title='bbox 428 1633 521 1681; x_wconf 82' lang='lat' dir='ltr'>quia</span> <span class='ocrx_word' id='word_1_194' title='bbox 553 1631 691 1668; x_wconf 88' lang='lat' dir='ltr'>Jacobi</span> <span class='ocrx_word' id='word_1_195' title='bbox 725 1632 791 1675; x_wconf 81' lang='lat'>110,</span> <span class='ocrx_word' id='word_1_196' title='bbox 824 1630 865 1665; x_wconf 82' lang='lat'>13</span> <span class='ocrx_word' id='word_1_197' title='bbox 910 1628 1074 1664; x_wconf 85' lang='lat' dir='ltr'>dicitur:</span> <span class='ocrx_word' id='word_1_198' title='bbox 1120 1628 1305 1663; x_wconf 77' lang='lat' dir='ltr'>Iudicium</span> <span class='ocrx_word' id='word_1_199' title='bbox 1345 1627 1441 1663; x_wconf 83' lang='lat' dir='ltr'>enim</span> <span class='ocrx_word' id='word_1_200' title='bbox 1474 1626 1553 1662; x_wconf 80' lang='lat' dir='ltr'>sine</span> <span class='ocrx_word' id='word_1_201' title='bbox 1584 1625 1732 1661; x_wconf 81' lang='lat' dir='ltr'>miseri-</span> 
     </span>
     <span class='ocr_line' id='line_1_34' title="bbox 428 1684 1734 1737; baseline -0.007 -10"><span class='ocrx_word' id='word_1_202' title='bbox 428 1691 560 1727; x_wconf 79' lang='lat' dir='ltr'>cordia</span> <span class='ocrx_word' id='word_1_203' title='bbox 613 1690 671 1725; x_wconf 83' lang='lat' dir='ltr'>illi</span> <span class='ocrx_word' id='word_1_204' title='bbox 718 1689 781 1737; x_wconf 82' lang='lat' dir='ltr'>qui</span> <span class='ocrx_word' id='word_1_205' title='bbox 828 1700 899 1723; x_wconf 74' lang='lat' dir='ltr'>non</span> <span class='ocrx_word' id='word_1_206' title='bbox 940 1686 1044 1735; x_wconf 75' lang='lat' dir='ltr'>facit</span> <span class='ocrx_word' id='word_1_207' title='bbox 1088 1685 1417 1729; x_wconf 75' lang='lat' dir='ltr'>misericordimn;</span> <span class='ocrx_word' id='word_1_208' title='bbox 1467 1684 1734 1733; x_wconf 60' lang='lat' dir='ltr'>superexultat</span> 
     </span>
     <span class='ocr_line' id='line_1_35' title="bbox 427 1740 1789 1790; baseline -0.007 -6"><span class='ocrx_word' id='word_1_209' title='bbox 427 1756 552 1784; x_wconf 79' lang='lat' dir='ltr'>aulem</span> <span class='ocrx_word' id='word_1_210' title='bbox 577 1746 842 1783; x_wconf 79' lang='lat' dir='ltr'>misericordia</span> <span class='ocrx_word' id='word_1_211' title='bbox 866 1745 1058 1780; x_wconf 76' lang='lat' dir='ltr'>iudicium.</span> <span class='ocrx_word' id='word_1_212' title='bbox 1094 1743 1161 1779; x_wconf 91' lang='lat' dir='ltr'>Ille</span> <span class='ocrx_word' id='word_1_213' title='bbox 1184 1755 1277 1790; x_wconf 77' lang='lat' dir='ltr'>ergo</span> <span class='ocrx_word' id='word_1_214' title='bbox 1310 1744 1485 1790; x_wconf 89' lang='lat' dir='ltr'>prelatus</span> <span class='ocrx_word' id='word_1_215' title='bbox 1510 1741 1576 1789; x_wconf 85' lang='lat' dir='ltr'>qui</span> <span class='ocrx_word' id='word_1_216' title='bbox 1608 1740 1734 1776; x_wconf 86' lang='lat' dir='ltr'>nescit</span> <span class='ocrx_word' id='word_1_217' title='bbox 1752 1744 1789 1775; x_wconf 79' lang='lat'>25</span> 
     </span>
     <span class='ocr_line' id='line_1_36' title="bbox 428 1800 1735 1853; baseline -0.008 -10"><span class='ocrx_word' id='word_1_218' title='bbox 428 1815 562 1843; x_wconf 85' lang='lat' dir='ltr'>taxare</span> <span class='ocrx_word' id='word_1_219' title='bbox 595 1804 906 1853; x_wconf 86' lang='lat' dir='ltr'>proporcionern</span> <span class='ocrx_word' id='word_1_220' title='bbox 941 1815 1041 1850; x_wconf 91' lang='lat' dir='ltr'>pene</span> <span class='ocrx_word' id='word_1_221' title='bbox 1074 1800 1221 1837; x_wconf 86' lang='lat' dir='ltr'>heresis</span> <span class='ocrx_word' id='word_1_222' title='bbox 1255 1802 1305 1837; x_wconf 88' lang='lat' dir='ltr'>ad</span> <span class='ocrx_word' id='word_1_223' title='bbox 1328 1808 1551 1848; x_wconf 87' lang='lat' dir='ltr'>peccatum,</span> <span class='ocrx_word' id='word_1_224' title='bbox 1586 1807 1735 1835; x_wconf 90' lang='lat' dir='ltr'>taceret</span> 
     </span>
     <span class='ocr_line' id='line_1_37' title="bbox 429 1856 1735 1911; baseline -0.008 -10"><span class='ocrx_word' id='word_1_225' title='bbox 429 1877 450 1900; x_wconf 83' lang='lat' dir='ltr'>a</span> <span class='ocrx_word' id='word_1_226' title='bbox 484 1862 778 1911; x_wconf 87' lang='lat' dir='ltr'>dampnacione</span> <span class='ocrx_word' id='word_1_227' title='bbox 817 1860 980 1905; x_wconf 83' lang='lat' dir='ltr'>heresis,</span> <span class='ocrx_word' id='word_1_228' title='bbox 1018 1871 1065 1895; x_wconf 89' lang='lat' dir='ltr'>ne</span> <span class='ocrx_word' id='word_1_229' title='bbox 1103 1859 1204 1895; x_wconf 85' lang='lat' dir='ltr'>forte</span> <span class='ocrx_word' id='word_1_230' title='bbox 1245 1858 1404 1906; x_wconf 88' lang='lat' dir='ltr'>puniret</span> <span class='ocrx_word' id='word_1_231' title='bbox 1442 1857 1642 1893; x_wconf 86' lang='lat' dir='ltr'>insontem</span> <span class='ocrx_word' id='word_1_232' title='bbox 1674 1856 1735 1892; x_wconf 84' lang='lat' dir='ltr'>vel</span> 
     </span>
     <span class='ocr_line' id='line_1_38' title="bbox 429 1918 1142 1967; baseline -0.008 -9"><span class='ocrx_word' id='word_1_233' title='bbox 429 1935 539 1958; x_wconf 87' lang='lat' dir='ltr'>reum</span> <span class='ocrx_word' id='word_1_234' title='bbox 575 1923 624 1957; x_wconf 89' lang='lat' dir='ltr'>ad</span> <span class='ocrx_word' id='word_1_235' title='bbox 658 1920 899 1967; x_wconf 81' lang='lat' dir='ltr'>condignum</span> <span class='ocrx_word' id='word_1_236' title='bbox 933 1918 993 1954; x_wconf 90' lang='lat' dir='ltr'>vel</span> <span class='ocrx_word' id='word_1_237' title='bbox 1025 1918 1142 1953; x_wconf 86' lang='lat' dir='ltr'>ultra.</span> 
     </span>
    </p>

    <p class='ocr_par' dir='ltr' id='par_1_8' title="bbox 429 1970 1832 2651">
     <span class='ocr_line' id='line_1_39' title="bbox 487 1970 1735 2022; baseline -0.008 -6"><span class='ocrx_word' id='word_1_238' title='bbox 487 1981 579 2016; x_wconf 88' lang='lat' dir='ltr'>Ideo</span> <span class='ocrx_word' id='word_1_239' title='bbox 619 1979 659 2015; x_wconf 90' lang='lat' dir='ltr'>in</span> <span class='ocrx_word' id='word_1_240' title='bbox 696 1978 781 2014; x_wconf 87' lang='lat' dir='ltr'>istis</span> <span class='ocrx_word' id='word_1_241' title='bbox 813 1976 969 2013; x_wconf 72' lang='lat' dir='ltr'>videtur</span> <span class='ocrx_word' id='word_1_242' title='bbox 1009 1974 1105 2010; x_wconf 90' lang='lat' dir='ltr'>mihi</span> <span class='ocrx_word' id='word_1_243' title='bbox 1139 1975 1246 2022; x_wconf 88' lang='lat' dir='ltr'>quod</span> <span class='ocrx_word' id='word_1_244' title='bbox 1285 1974 1473 2009; x_wconf 89' lang='lat' dir='ltr'>standum</span> <span class='ocrx_word' id='word_1_245' title='bbox 1513 1980 1570 2008; x_wconf 91' lang='lat' dir='ltr'>est</span> <span class='ocrx_word' id='word_1_246' title='bbox 1603 1970 1735 2007; x_wconf 88' lang='lat' dir='ltr'>sensui</span> 
     </span>
     <span class='ocr_line' id='line_1_40' title="bbox 431 2009 1832 2089; baseline -0.007 -15"><span class='ocrx_word' id='word_1_247' title='bbox 431 2047 467 2074; x_wconf 90' lang='lat' dir='ltr'>et</span> <span class='ocrx_word' id='word_1_248' title='bbox 490 2037 618 2074; x_wconf 84' lang='lat' dir='ltr'>verbis</span> <span class='ocrx_word' id='word_1_249' title='bbox 646 2033 652 2089; x_wconf 73' lang='grc' dir='ltr'>Ι</span> <span class='ocrx_word' id='word_1_250' title='bbox 681 2035 878 2083; x_wconf 87' lang='lat' dir='ltr'>scripture</span> <span class='ocrx_word' id='word_1_251' title='bbox 912 2045 1022 2070; x_wconf 85' lang='lat' dir='ltr'>sacre</span> <span class='ocrx_word' id='word_1_252' title='bbox 1055 2032 1095 2068; x_wconf 88' lang='lat' dir='ltr'>in</span> <span class='ocrx_word' id='word_1_253' title='bbox 1128 2030 1304 2068; x_wconf 86' lang='lat' dir='ltr'>materiis</span> <span class='ocrx_word' id='word_1_254' title='bbox 1338 2029 1593 2078; x_wconf 76' lang='lat' dir='ltr'>tangentibus</span> <span class='ocrx_word' id='word_1_255' title='bbox 1625 2030 1736 2065; x_wconf 84' lang='lat' dir='ltr'>here-</span> <span class='ocrx_word' id='word_1_256' title='bbox 1752 2009 1832 2087; x_wconf 45' lang='grc' dir='ltr'>ἓξὲξ,</span> 
     </span>
     <span class='ocr_line' id='line_1_41' title="bbox 431 2086 1736 2140; baseline -0.008 -8"><span class='ocrx_word' id='word_1_257' title='bbox 431 2095 519 2140; x_wconf 85' lang='lat' dir='ltr'>sim,</span> <span class='ocrx_word' id='word_1_258' title='bbox 553 2103 595 2130; x_wconf 89' lang='lat' dir='ltr'>ut</span> <span class='ocrx_word' id='word_1_259' title='bbox 629 2095 660 2130; x_wconf 89' lang='lat' dir='ltr'>si</span> <span class='ocrx_word' id='word_1_260' title='bbox 693 2096 814 2130; x_wconf 90' lang='lat' dir='ltr'>homo</span> <span class='ocrx_word' id='word_1_261' title='bbox 848 2105 869 2128; x_wconf 93' lang='lat' dir='ltr'>a</span> <span class='ocrx_word' id='word_1_262' title='bbox 899 2104 1015 2127; x_wconf 86' lang='lat' dir='ltr'>sensu</span> <span class='ocrx_word' id='word_1_263' title='bbox 1037 2090 1177 2135; x_wconf 83' lang='lat' dir='ltr'>variat,</span> <span class='ocrx_word' id='word_1_264' title='bbox 1211 2098 1343 2125; x_wconf 87' lang='lat' dir='ltr'>teneat</span> <span class='ocrx_word' id='word_1_265' title='bbox 1366 2089 1506 2124; x_wconf 90' lang='lat' dir='ltr'>saltem</span> <span class='ocrx_word' id='word_1_266' title='bbox 1532 2086 1736 2123; x_wconf 84' lang='lat' dir='ltr'>humiliter</span> 
     </span>
     <span class='ocr_line' id='line_1_42' title="bbox 429 2146 1734 2199; baseline -0.008 -9"><span class='ocrx_word' id='word_1_267' title='bbox 429 2155 550 2190; x_wconf 88' lang='lat' dir='ltr'>verba</span> <span class='ocrx_word' id='word_1_268' title='bbox 591 2152 682 2188; x_wconf 84' lang='lat' dir='ltr'>fidei</span> <span class='ocrx_word' id='word_1_269' title='bbox 722 2159 886 2199; x_wconf 89' lang='lat' dir='ltr'>paratus</span> <span class='ocrx_word' id='word_1_270' title='bbox 925 2161 1082 2196; x_wconf 87' lang='lat' dir='ltr'>semper</span> <span class='ocrx_word' id='word_1_271' title='bbox 1120 2147 1282 2183; x_wconf 91' lang='lat' dir='ltr'>obedire</span> <span class='ocrx_word' id='word_1_272' title='bbox 1322 2146 1453 2182; x_wconf 88' lang='lat' dir='ltr'>sensui</span> <span class='ocrx_word' id='word_1_273' title='bbox 1498 2146 1734 2181; x_wconf 81' lang='lat' dir='ltr'>orthodoxo.</span> 
     </span>
     <span class='ocr_line' id='line_1_43' title="bbox 431 2202 1736 2257; baseline -0.008 -10"><span class='ocrx_word' id='word_1_274' title='bbox 431 2212 507 2247; x_wconf 82' lang='lat' dir='ltr'>Sed</span> <span class='ocrx_word' id='word_1_275' title='bbox 541 2223 563 2246; x_wconf 92' lang='lat' dir='ltr'>a</span> <span class='ocrx_word' id='word_1_276' title='bbox 595 2219 776 2257; x_wconf 90' lang='lat' dir='ltr'>tempore</span> <span class='ocrx_word' id='word_1_277' title='bbox 810 2221 890 2256; x_wconf 88' lang='lat' dir='ltr'>quo</span> <span class='ocrx_word' id='word_1_278' title='bbox 924 2205 1089 2243; x_wconf 90' lang='lat' dir='ltr'>ecclesia</span> <span class='ocrx_word' id='word_1_279' title='bbox 1124 2206 1211 2253; x_wconf 91' lang='lat' dir='ltr'>plus</span> <span class='ocrx_word' id='word_1_280' title='bbox 1244 2203 1419 2241; x_wconf 89' lang='lat' dir='ltr'>obedivit</span> <span class='ocrx_word' id='word_1_281' title='bbox 1452 2202 1616 2251; x_wconf 89' lang='lat' dir='ltr'>privatis</span> <span class='ocrx_word' id='word_1_282' title='bbox 1649 2214 1736 2250; x_wconf 90' lang='lat' dir='ltr'>pre-</span> 
     </span>
     <span class='ocr_line' id='line_1_44' title="bbox 431 2262 1736 2317; baseline -0.008 -12"><span class='ocrx_word' id='word_1_283' title='bbox 431 2268 571 2317; x_wconf 88' lang='lat' dir='ltr'>positis</span> <span class='ocrx_word' id='word_1_284' title='bbox 617 2280 737 2316; x_wconf 87' lang='lat' dir='ltr'>quam</span> <span class='ocrx_word' id='word_1_285' title='bbox 785 2266 974 2314; x_wconf 88' lang='lat' dir='ltr'>episcopo</span> <span class='ocrx_word' id='word_1_286' title='bbox 1027 2263 1267 2308; x_wconf 73' lang='lat' dir='ltr'>animarum,</span> <span class='ocrx_word' id='word_1_287' title='bbox 1320 2271 1362 2297; x_wconf 90' lang='lat' dir='ltr'>ut</span> <span class='ocrx_word' id='word_1_288' title='bbox 1415 2262 1503 2309; x_wconf 89' lang='lat' dir='ltr'>plus</span> <span class='ocrx_word' id='word_1_289' title='bbox 1555 2263 1736 2296; x_wconf 86' lang='lat' dir='ltr'>Romano</span> 
     </span>
     <span class='ocr_line' id='line_1_45' title="bbox 431 2319 1794 2375; baseline -0.006 -13"><span class='ocrx_word' id='word_1_290' title='bbox 431 2325 612 2375; x_wconf 84' lang='lat' dir='ltr'>pontifici</span> <span class='ocrx_word' id='word_1_291' title='bbox 635 2337 754 2373; x_wconf 88' lang='lat' dir='ltr'>quam</span> <span class='ocrx_word' id='word_1_292' title='bbox 780 2322 983 2370; x_wconf 79' lang='lat' dir='ltr'>evangelio</span> <span class='ocrx_word' id='word_1_293' title='bbox 998 2323 1087 2358; x_wconf 85' lang='lat' dir='ltr'>Jesu</span> <span class='ocrx_word' id='word_1_294' title='bbox 1105 2320 1264 2366; x_wconf 76' lang='lat' dir='ltr'>Christi,</span> <span class='ocrx_word' id='word_1_295' title='bbox 1281 2327 1558 2367; x_wconf 88' lang='lat' dir='ltr'>surrepserunt</span> <span class='ocrx_word' id='word_1_296' title='bbox 1581 2319 1738 2354; x_wconf 92' lang='lat' dir='ltr'>hereses</span> <span class='ocrx_word' id='word_1_297' title='bbox 1755 2321 1794 2354; x_wconf 83' lang='lat'>35</span> 
     </span>
     <span class='ocr_line' id='line_1_46' title="bbox 431 2375 1738 2431; baseline -0.008 -11"><span class='ocrx_word' id='word_1_298' title='bbox 431 2394 513 2420; x_wconf 88' lang='lat' dir='ltr'>tam</span> <span class='ocrx_word' id='word_1_299' title='bbox 547 2382 678 2431; x_wconf 86' lang='lat' dir='ltr'>operis</span> <span class='ocrx_word' id='word_1_300' title='bbox 703 2395 822 2430; x_wconf 85' lang='lat' dir='ltr'>quam</span> <span class='ocrx_word' id='word_1_301' title='bbox 857 2379 1053 2417; x_wconf 88' lang='lat' dir='ltr'>sermonis</span> <span class='ocrx_word' id='word_1_302' title='bbox 1087 2388 1123 2415; x_wconf 89' lang='lat' dir='ltr'>et</span> <span class='ocrx_word' id='word_1_303' title='bbox 1156 2378 1383 2426; x_wconf 87' lang='lat' dir='ltr'>specialiter</span> <span class='ocrx_word' id='word_1_304' title='bbox 1416 2377 1455 2412; x_wconf 87' lang='lat' dir='ltr'>in</span> <span class='ocrx_word' id='word_1_305' title='bbox 1490 2375 1657 2412; x_wconf 87' lang='lat' dir='ltr'>materia</span> <span class='ocrx_word' id='word_1_306' title='bbox 1691 2376 1738 2411; x_wconf 92' lang='lat' dir='ltr'>de</span> 
     </span>
     <span class='ocr_line' id='line_1_47' title="bbox 432 2433 1738 2483; baseline -0.008 -5"><span class='ocrx_word' id='word_1_307' title='bbox 432 2449 684 2478; x_wconf 88' lang='lat' dir='ltr'>sacramento</span> <span class='ocrx_word' id='word_1_308' title='bbox 726 2439 874 2476; x_wconf 85' lang='lat' dir='ltr'>altaris.</span> <span class='ocrx_word' id='word_1_309' title='bbox 917 2441 1021 2474; x_wconf 87' lang='lat' dir='ltr'>Deus</span> <span class='ocrx_word' id='word_1_310' title='bbox 1060 2446 1194 2473; x_wconf 86' lang='lat' dir='ltr'>tamen</span> <span class='ocrx_word' id='word_1_311' title='bbox 1233 2448 1277 2471; x_wconf 82' lang='lat' dir='ltr'>ex</span> <span class='ocrx_word' id='word_1_312' title='bbox 1317 2433 1479 2483; x_wconf 90' lang='lat' dir='ltr'>speciali</span> <span class='ocrx_word' id='word_1_313' title='bbox 1517 2433 1651 2481; x_wconf 75' lang='lat' dir='ltr'>gracia</span> <span class='ocrx_word' id='word_1_314' title='bbox 1689 2434 1738 2469; x_wconf 87' lang='lat' dir='ltr'>ad</span> 
     </span>
     <span class='ocr_line' id='line_1_48' title="bbox 432 2489 1739 2543; baseline -0.008 -7"><span class='ocrx_word' id='word_1_315' title='bbox 432 2509 587 2536; x_wconf 88' lang='lat' dir='ltr'>tantum</span> <span class='ocrx_word' id='word_1_316' title='bbox 633 2497 783 2534; x_wconf 87' lang='lat' dir='ltr'>cecavit</span> <span class='ocrx_word' id='word_1_317' title='bbox 828 2497 950 2532; x_wconf 86' lang='lat' dir='ltr'>corda</span> <span class='ocrx_word' id='word_1_318' title='bbox 989 2494 1236 2543; x_wconf 82' lang='lat' dir='ltr'>privatorum</span> <span class='ocrx_word' id='word_1_319' title='bbox 1282 2492 1470 2529; x_wconf 90' lang='lat' dir='ltr'>ordinum</span> <span class='ocrx_word' id='word_1_320' title='bbox 1515 2500 1551 2527; x_wconf 90' lang='lat' dir='ltr'>et</span> <span class='ocrx_word' id='word_1_321' title='bbox 1595 2489 1739 2526; x_wconf 89' lang='lat' dir='ltr'>hereti-</span> 
     </span>
     <span class='ocr_line' id='line_1_49' title="bbox 433 2548 1739 2600; baseline -0.008 -7"><span class='ocrx_word' id='word_1_322' title='bbox 433 2570 570 2594; x_wconf 87' lang='lat' dir='ltr'>corum</span> <span class='ocrx_word' id='word_1_323' title='bbox 616 2556 656 2591; x_wconf 89' lang='lat' dir='ltr'>in</span> <span class='ocrx_word' id='word_1_324' title='bbox 694 2555 768 2591; x_wconf 88' lang='lat' dir='ltr'>ista</span> <span class='ocrx_word' id='word_1_325' title='bbox 810 2553 977 2590; x_wconf 87' lang='lat' dir='ltr'>materia</span> <span class='ocrx_word' id='word_1_326' title='bbox 1015 2553 1123 2600; x_wconf 89' lang='lat' dir='ltr'>quod</span> <span class='ocrx_word' id='word_1_327' title='bbox 1162 2550 1344 2587; x_wconf 88' lang='lat' dir='ltr'>nesciunt</span> <span class='ocrx_word' id='word_1_328' title='bbox 1383 2549 1478 2597; x_wconf 88' lang='lat' dir='ltr'>quid</span> <span class='ocrx_word' id='word_1_329' title='bbox 1517 2548 1557 2584; x_wconf 89' lang='lat' dir='ltr'>in</span> <span class='ocrx_word' id='word_1_330' title='bbox 1595 2557 1739 2584; x_wconf 88' lang='lat' dir='ltr'>natura</span> 
     </span>
     <span class='ocr_line' id='line_1_50' title="bbox 433 2605 1796 2651; baseline -0.008 0"><span class='ocrx_word' id='word_1_331' title='bbox 433 2628 503 2651; x_wconf 89' lang='lat' dir='ltr'>sua</span> <span class='ocrx_word' id='word_1_332' title='bbox 526 2614 575 2650; x_wconf 86' lang='lat' dir='ltr'>sit</span> <span class='ocrx_word' id='word_1_333' title='bbox 598 2620 895 2650; x_wconf 88' lang='lat' dir='ltr'>sacramentum</span> <span class='ocrx_word' id='word_1_334' title='bbox 920 2610 1056 2647; x_wconf 85' lang='lat' dir='ltr'>altaris</span> <span class='ocrx_word' id='word_1_335' title='bbox 1089 2610 1308 2645; x_wconf 85' lang='lat' dir='ltr'>secundum</span> <span class='ocrx_word' id='word_1_336' title='bbox 1343 2609 1544 2643; x_wconf 86' lang='lat' dir='ltr'>decretum</span> <span class='ocrx_word' id='word_1_337' title='bbox 1570 2605 1796 2650; x_wconf 84' lang='lat' dir='ltr'>Romani4o</span> 
     </span>
    </p>
   </div>
   <div class='ocr_carea' id='block_1_6' title="bbox 435 2739 1741 2810">
    <p class='ocr_par' dir='ltr' id='par_1_9' title="bbox 435 2739 1741 2810">
     <span class='ocr_line' id='line_1_51' title="bbox 503 2739 1741 2808; baseline -0.008 -33"><span class='ocrx_word' id='word_1_338' title='bbox 503 2756 547 2781; x_wconf 69' lang='lat'>24.</span> <span class='ocrx_word' id='word_1_339' title='bbox 565 2747 658 2808; x_wconf 41' lang='lat' dir='ltr'>(ljodq</span> <span class='ocrx_word' id='word_1_340' title='bbox 686 2746 737 2781; x_wconf 84' lang='lat' dir='ltr'>qui</span> <span class='ocrx_word' id='word_1_341' title='bbox 758 2745 838 2772; x_wconf 72' lang='lat' dir='ltr'>facit.</span> <span class='ocrx_word' id='word_1_342' title='bbox 901 2743 946 2778; x_wconf 65' lang='lat'>34.</span> <span class='ocrx_word' id='word_1_343' title='bbox 966 2744 998 2771; x_wconf 82' lang='lat' dir='ltr'>In</span> <span class='ocrx_word' id='word_1_344' title='bbox 1021 2751 1134 2777; x_wconf 45' lang='lat' dir='ltr'>marga</span> <span class='ocrx_word' id='word_1_345' title='bbox 1161 2742 1251 2770; x_wconf 83' lang='lat' dir='ltr'>Nota.</span> <span class='ocrx_word' id='word_1_346' title='bbox 1313 2740 1359 2769; x_wconf 76' lang='lat'>38.</span> <span class='ocrx_word' id='word_1_347' title='bbox 1380 2741 1414 2768; x_wconf 88' lang='lat' dir='ltr'>In</span> <span class='ocrx_word' id='word_1_348' title='bbox 1435 2747 1548 2775; x_wconf 61' lang='lat' dir='ltr'>marg:</span> <span class='ocrx_word' id='word_1_349' title='bbox 1577 2739 1621 2766; x_wconf 91' lang='lat' dir='ltr'>De</span> <span class='ocrx_word' id='word_1_350' title='bbox 1642 2746 1741 2766; x_wconf 88' lang='lat' dir='ltr'>sacra-</span> 
     </span>
     <span class='ocr_line' id='line_1_52' title="bbox 435 2787 671 2810; baseline -0.013 0"><span class='ocrx_word' id='word_1_351' title='bbox 435 2787 537 2810; x_wconf 77' lang='lat' dir='ltr'>mento</span> <span class='ocrx_word' id='word_1_352' title='bbox 558 2791 572 2808; x_wconf 80' lang='lat' dir='ltr'>a</span> <span class='ocrx_word' id='word_1_353' title='bbox 589 2787 671 2808; x_wconf 78' lang='lat' dir='ltr'>tarls.</span> 
     </span>
    </p>
   </div>
   <div class='ocr_carea' id='block_1_7' title="bbox 506 2862 853 2903">
    <p class='ocr_par' dir='ltr' id='par_1_10' title="bbox 506 2862 853 2903">
     <span class='ocr_line' id='line_1_53' title="bbox 506 2862 853 2903; baseline -0.006 -7"><span class='ocrx_word' id='word_1_354' title='bbox 506 2875 557 2896; x_wconf 82' lang='lat'>22.</span> <span class='ocrx_word' id='word_1_355' title='bbox 584 2865 699 2896; x_wconf 84' lang='lat' dir='ltr'>Lucae</span> <span class='ocrx_word' id='word_1_356' title='bbox 717 2864 772 2903; x_wconf 86' lang='lat' dir='ltr'>VI,</span> <span class='ocrx_word' id='word_1_357' title='bbox 801 2862 853 2895; x_wconf 82' lang='lat'>36.</span> 
     </span>
    </p>
   </div>
  </div>
 </body>
</html>
