1944 3323
144 235 216 271 502

154 646 229 672 How
252 644 397 678 earne-su>

176 681 224 707 the
244 679 373 714 Apostle

212 714 337 750 prayed.

169 1510 236 1537 The
257 1510 391 1544 apostles

157 1545 208 1572 did
230 1549 282 1571 not
304 1548 401 1571 assert

172 1580 236 1606 that
256 1580 292 1606 all
315 1579 392 1605 their

169 1622 294 1650 prayers
316 1622 394 1640 were

151 1648 288 1683 granted,
311 1657 344 1675 as
365 1648 420 1675 the⁴

203 1683 293 1710 sriars
314 1683 365 1710 do.

174 2146 260 2184 They
281 2144 392 2183 prayed

178 2183 225 2207 tor
244 2180 384 2215 spiritual

214 2215 350 2241 benefits.

721 239 942 271 =IOHANNIS
960 238 1142 270 WYCLIF
1162 237 1416 270 SERMONUM
1453 223 1603 281 [SERMO
1625 233 1732 261 LVIII-

895 411 1086 452 SERMO
1121 412 1264 452 LVIII.

486 522 571 556 Non
609 532 801 556 cessmnzts
835 531 910 568 pro
950 518 1054 554 vobis
1097 524 1252 553 orantes
1304 524 1337 553 el
1377 517 1617 565 postulantes
1661 517 1733 550 Ad.

430 580 513 615 Col.
550 581 596 623 10,
634 590 670 624 9.

488 639 529 672 In
568 637 641 672 ista
682 634 851 683 epistola
889 633 1062 669 ostendit
1100 633 1316 680 Apostolus
1355 640 1436 667 tam
1476 630 1732 667 affeccionem

429 707 547 742 quam
589 692 872 741 operacionem
912 703 980 727 sue
1025 690 1202 734 ecclesie,
1242 699 1284 725 ut
1324 689 1490 725 ecclesia
1524 688 1768 736 dupliciterf)

429 752 677 788 informetur.
722 750 827 786 Dicit
872 762 965 797 ergo
1010 748 1116 796 ipsos
1163 747 1308 783 Christi
1355 747 1573 794 discipulos
1618 758 1734 782 orare

429 809 616 846 continue
649 821 721 856 pro
754 816 839 843 tota
873 806 1039 843 ecclesia
1071 807 1289 842 secundum
1324 817 1435 841 suam
1471 803 1733 852 capacitatem

429 876 465 904 et
515 866 741 915 specialiter
791 878 863 913 pro
909 864 1224 908 Colossensibus,
1276 862 1368 911 quia
1419 875 1507 899 cum
1559 861 1736 910 preventi

429 934 540 961 erant
564 925 781 961 secundum
804 922 1063 970 Jeronymum
1094 934 1115 958 a
1138 920 1501 970 pseudoapostolis,
1535 932 1607 968 pro
1641 919 1737 968 ipsis

430 982 657 1019 constitutis
703 981 742 1017 in
787 990 900 1017 tanto
947 980 1128 1028 periculo
1180 991 1294 1015 orare
1343 979 1459 1014 debet
1503 977 1795 1014 instancius.1o

431 1043 511 1077 Nec
556 1048 751 1088 repugnat
797 1039 992 1075 viatorem
1041 1049 1157 1074 orare
1201 1037 1458 1079 incessanter,
1506 1048 1593 1072 cum
1639 1037 1737 1071 bene

428 1098 597 1135 vivendo
630 1106 719 1134 orat
753 1096 953 1141 continue,
987 1097 1093 1144 quod
1128 1095 1382 1143 competebat
1404 1094 1612 1142 Apostolo,
1647 1107 1736 1130 cum

431 1156 540 1192 omni
580 1164 762 1203 tempore
801 1153 951 1191 scilicet
989 1162 1106 1189 nocte
1145 1162 1181 1189 et
1221 1152 1282 1188 die
1321 1164 1440 1188 omne
1479 1160 1637 1199 tempus
1681 1151 1738 1187 in-

431 1214 681 1251 cludentibus
721 1212 849 1249 oravit
892 1220 973 1249 tam
1019 1212 1288 1259 promerendo
1334 1222 1453 1258 quam
1495 1209 1548 1245 eis
1588 1211 1735 1245 bonum

429 1271 621 1309 vocaliter
672 1271 910 1318 exoptando.
978 1270 1092 1306 Unde
1151 1268 1287 1305 oracio
1346 1267 1441 1303 dicit
1497 1267 1795 1315 peticionemib

431 1329 655 1377 simplicem
695 1330 763 1365 sed
802 1327 1027 1376 postulacio
1068 1326 1163 1362 dicit
1202 1325 1489 1373 allegacionem
1529 1326 1577 1361 ad
1611 1325 1739 1361 racio-

432 1387 682 1424 nabilitatem
722 1398 957 1429 consensus;
1003 1393 1039 1421 et
1081 1397 1169 1420 cum
1210 1396 1325 1420 orare
1364 1382 1458 1419 dicit
1498 1382 1738 1418 desiderium

432 1458 513 1482 non
546 1444 827 1492 implecionem
854 1442 980 1492 petiti,
1012 1451 1121 1490 patet
1145 1450 1338 1490 quantum
1364 1441 1546 1476 moderni
1569 1442 1740 1488 pseudo-

434 1502 619 1551 discipuli
672 1503 865 1539 excedunt
917 1501 1135 1549 apostolos.
1195 1502 1284 1535 Non
1335 1498 1438 1535 enim
1497 1507 1739 1546 pomparum

434 1560 608 1610 apostoli
632 1561 739 1608 quod
756 1558 946 1608 quicquid
969 1557 1171 1595 oraverint
1192 1557 1468 1605 impetrarent,
1489 1569 1578 1592 cum
1597 1557 1740 1593 Paulus
1758 1571 1798 1593 20

435 1621 482 1656 ab
522 1619 598 1655 isto
632 1618 830 1654 defecerat
869 1629 941 1665 pro
975 1629 1014 1652 se
1047 1615 1146 1664 ipso,
1186 1617 1254 1651 sed
1294 1615 1414 1651 corde
1446 1614 1619 1662 simplici
1651 1627 1741 1650 vere

435 1677 734 1713 affirmaverant
774 1677 881 1724 quod
921 1676 1066 1710 habent
1106 1673 1291 1709 affectum
1331 1672 1463 1708 taliter
1496 1672 1740 1720 postulandi.

436 1737 592 1771 Fratres
625 1742 758 1770 autem
794 1742 830 1769 et
862 1741 1022 1769 orantes
1056 1731 1238 1767 moderni
1272 1730 1473 1766 diffiniunt
1506 1731 1612 1778 quod
1646 1729 1742 1765 illud

436 1794 543 1840 quod
594 1792 797 1839 postulant
847 1790 1132 1838 impetrabunt,
1186 1801 1257 1825 nec
1309 1797 1444 1824 tamen
1489 1788 1743 1824 considerant

436 1849 669 1898 dignitatem
710 1861 879 1897 persone
918 1861 991 1896 pro
1031 1860 1108 1895 qua
1146 1846 1295 1895 petitur
1332 1846 1392 1881 vel
1431 1858 1506 1893 que
1544 1845 1655 1893 petit.
1701 1848 1798 1882 11125

436 1909 511 1944 hoc
556 1907 662 1943 enim
707 1907 952 1943 extolluntur
995 1918 1112 1954 super
1156 1916 1265 1940 omne
1308 1904 1408 1952 quod
1452 1904 1592 1939 dicitur
1623 1904 1740 1939 Deus.

436 1968 517 2001 Nec
556 1973 722 2001 orarunt
761 1964 935 2012 apostoli
974 1975 1047 2011 pro
1087 1961 1354 2010 prosperitate
1387 1961 1522 2006 seculi,
1558 1973 1630 2009 pro
1662 1961 1742 1997 vic—

435 2023 539 2059 toria
571 2022 695 2059 hostis
729 2022 908 2070 corporis
930 2022 991 2057 vel
1014 2033 1086 2068 pro
1111 2020 1245 2068 aliquo
1275 2018 1503 2055 huiusmodi
1528 2019 1742 2066 corporali,

436 2082 503 2117 sed
537 2089 579 2116 ut
612 2081 868 2117 Colossenses
902 2079 1143 2126 impleantur
1176 2076 1384 2125 agnicione
1422 2077 1638 2113 voluntatis
1672 2076 1743 2112 Dei

436 2138 475 2174 in
514 2138 623 2174 omni
662 2137 864 2185 sapiencia
903 2146 939 2172 et
977 2136 1180 2172 intellectu
1219 2133 1429 2182 spirituali,
1463 2143 1506 2170 ut
1539 2135 1744 2170 ambulent
1761 2139 1802 2170 30

436 2195 565 2243 digne,
601 2198 683 2231 Deo
723 2207 793 2243 per
832 2193 967 2230 omnia
1009 2194 1222 2241 placentes,
1265 2192 1304 2228 in
1343 2191 1451 2228 omni
1485 2204 1605 2239 opere
1638 2193 1744 2228 bono

435 2253 721 2289 fructificantes
745 2261 781 2288 et
805 2261 1025 2288 crescentes
1049 2251 1088 2287 in
1111 2249 1282 2287 sciencia
1307 2249 1391 2286 Dei.
1426 2249 1559 2285 Primo
1583 2250 1743 2298 quidem

436 2311 614 2347 omnium
651 2319 706 2346 est
739 2309 1008 2346 necessarium
1032 2308 1176 2345 viatori
1209 2317 1251 2344 ut
1281 2316 1497 2355 cognoscat
1522 2307 1615 2355 quid
1640 2310 1744 2344 Deus

436 2368 529 2404 velit
573 2380 643 2416 per
687 2368 816 2416 ipsum
866 2366 964 2413 fieri,
1012 2368 1119 2415 quod
1167 2366 1261 2402 satis
1306 2365 1422 2401 facile
1468 2373 1524 2400 est
1564 2365 1744 2401 fidelibus

438 2428 536 2462 bene
576 2425 835 2474 operantibus
874 2434 910 2461 et
950 2425 989 2460 in
1028 2423 1235 2472 principiis
1277 2423 1369 2459 fidei
1410 2422 1604 2459 enutritis.
1639 2425 1744 2459 Deus
1762 2427 1800 2458 35

508 2579 535 2606 ς).
556 2571 589 2597 In
612 2579 724 2605 marg:
753 2570 946 2605 Jeronymus.
1031 2569 1066 2596 15.
1088 2571 1120 2597 In
1142 2577 1255 2604 marg:
1283 2569 1326 2596 De
1348 2569 1500 2596 oracione.
1582 2576 1628 2595 20.
1650 2567 1743 2595 Cod.:

438 2610 609 2632 oraverent.
716 2604 754 2632 31.
782 2606 814 2632 In
842 2613 937 2639 marg.
966 2605 1017 2631 sol.
1039 2603 1124 2631 350oe
1150 2603 1314 2631 Ambuletis
1340 2604 1435 2638 digne
1458 2603 1540 2634 Deo:
1566 2603 1601 2629 ad
1623 2602 1743 2629 coloss.

438 2640 671 2667 Ambulandum
699 2644 743 2666 est
770 2640 908 2666 modeste
935 2644 966 2666 ut
993 2639 1084 2666 nichil
1111 2638 1235 2665 videant
1255 2638 1385 2665 levitatis
1406 2638 1435 2664 in
1457 2637 1595 2664 moribus
1616 2637 1666 2672 qui
1688 2644 1745 2663 nos

439 2675 571 2707 laudent,
599 2674 754 2709 sapienter
776 2679 807 2700 ut
827 2682 895 2701 cum
919 2678 988 2700 sunt
1010 2674 1117 2700 semite
1139 2674 1225 2708 plene
1247 2673 1421 2707 raptoribus
1442 2672 1494 2707 qui
1515 2680 1571 2699 nos
1591 2671 1744 2701 obsident,

440 2714 467 2736 et
489 2709 670 2736 festinanter
691 2717 760 2735 cum
783 2713 852 2735 sunt
875 2709 996 2735 tenebre
1017 2708 1124 2735 nocive
1144 2708 1314 2734 viatoribus
1336 2707 1359 2733 si
1382 2715 1438 2733 nos
1460 2711 1620 2741 occupent.

514 2815 538 2835 1.
573 2802 756 2834 Dominica
788 2803 952 2834 vicesima
985 2810 1108 2845 quarta
1140 2810 1219 2844 post
1246 2801 1463 2833 Trinitatem.
1506 2801 1558 2833 Cf.
1585 2799 1744 2843 Wyclif's

439 2851 619 2888 Sermons,
639 2849 693 2880 ed.
711 2848 755 2891 by
775 2849 921 2887 Arnold,
942 2849 982 2888 ΙΙ,
1002 2858 1079 2891 pag.
1103 2848 1293 2890 373—378.
1391 2847 1442 2879 26.
1470 2848 1492 2879 1.
1509 2846 1636 2879 Thess.
1659 2847 1695 2885 II,
1711 2856 1742 2886 4.
