1944 3323
202 232 280 278 370
782 239 1005 269 JoHANNis
1026 238 1206 269 wwziir
1226 238 1482 270 SERMONUM
1513 223 1664 281 [SERMO
1688 233 1791 262 xlm

246 388 252 393 ἡ
302 353 368 380 The
484 344 636 393 poralict
688 345 734 380 ab
778 344 934 380 ecclesia
988 344 1233 380 lzahitualiter
1272 344 1520 392 delinquente,
1573 352 1609 379 et
1650 343 1794 380 dicitur

231 388 437 450 Ῑζῗὲιὲὲᾛζιζξ
486 404 593 451 quod
627 402 702 438 ista
743 401 947 438 conclusio
987 410 1193 449 tamquam
1235 414 1346 438 error
1384 401 1504 437 nimis
1545 401 1794 449 periculosus

210 455 460 520 cffffassgnglff‘guff
487 473 508 497 a
553 461 704 508 synodo
748 461 1009 496 Terremotus
1054 459 1093 495 in
1139 460 1281 507 Anglia
1326 468 1381 495 est
1428 461 1659 508 dampnata.
1713 463 1794 496 Nec

198 511 235 539 fl
256 501 343 566 ειη-οῗ
363 527 412 554 the
487 518 626 554 dubito
659 517 755 566 quin
790 526 947 554 caterva
981 520 1197 554 demonum
1233 519 1280 553 de
1312 517 1420 553 falsis
1453 517 1642 554 fratribus
1676 517 1795 554 inter-

199 563 465 631 {glssfggssssfsnlotll-hast
486 576 557 612 fuit
590 585 632 612 ut
664 576 909 623 temptatrix.
957 576 998 612 Si
1031 576 1136 612 enim
1180 575 1229 612 sit
1271 577 1346 612 hoc
1386 589 1496 612 error
1535 575 1653 612 nimis
1691 576 1826 624 peri-5

225 632 440 702 ¹¹]1[.⁸¹il3ffqssffi¹i¹⁸t'e
486 635 657 679 culosus,
677 642 771 670 tunc
795 643 852 670 est
876 634 1019 670 falsum
1044 643 1184 671 contra
1208 642 1357 670 rectam
1382 634 1604 670 viacionem
1631 634 1796 670 ecclesie

275 702 386 737 clm-gy.
485 701 522 728 et
567 692 622 728 sic
669 691 830 737 heresis,
877 704 922 728 eo
963 694 1069 740 quod
1115 693 1150 727 in
1194 692 1389 740 scriptura
1428 704 1542 728 sacra
1582 700 1636 728 est
1675 693 1796 728 omnis

486 751 628 785 veritas
661 754 718 795 (ut
751 762 843 798 sepe
876 750 1017 786 asserit
1039 749 1319 798 Augustinus);
1355 758 1392 786 et
1424 763 1495 798 per
1528 762 1792 799 consequens,

486 820 575 844 cum
610 808 684 844 iste
718 820 830 845 error
862 808 912 844 sit
946 808 1110 855 falsitas,
1145 807 1324 856 sequitur
1348 809 1455 856 quod
1489 809 1539 844 sit
1571 808 1636 846 ille
1669 809 1794 857 scrip-

486 875 572 902 ture
605 879 716 903 sacre
750 865 990 903 contrarius.
1036 869 1083 902 Et
1117 875 1270 903 certum
1304 875 1360 902 est
1394 867 1502 914 quod
1535 867 1794 915 pertinaciter
1814 877 1852 897 ¹0

486 925 726 970 defensatur,
767 925 861 973 quia
906 937 1018 973 reges
1062 933 1098 961 et
1143 924 1343 972 principes
1389 925 1556 960 credunt
1597 927 1705 973 quod
1744 926 1794 961 ad

485 983 677 1030 regaliam
711 995 826 1019 suam
860 983 1060 1031 pertineat
1093 982 1147 1019 ita
1180 995 1315 1030 posse3
1349 995 1442 1018 nam
1476 984 1571 1019 dato
1605 983 1794 1031 opposito

485 1041 666 1090 sequitur
699 1042 806 1089 quod
839 1040 912 1078 viri
946 1040 1219 1086 ecclesiastici,
1260 1053 1349 1076 cum
1390 1040 1467 1076 sint
1505 1042 1622 1077 valde
1654 1054 1795 1089 pecca-

485 1099 596 1145 biles,
637 1108 804 1147 possunt
844 1112 964 1148 regna
999 1108 1036 1136 et
1070 1100 1265 1148 populum
1300 1111 1439 1135 eorum
1475 1100 1680 1136 destruere
1713 1099 1795 1135 sine

485 1158 560 1194 hoc
584 1159 693 1206 quod
726 1157 884 1205 regibus
918 1157 1035 1194 liceat
1069 1158 1175 1194 clero
1200 1157 1383 1193 resistere
1406 1158 1467 1193 vel
1491 1157 1574 1193 eius
1598 1157 1793 1194 insaniam
1816 1160 1851 1191 15

484 1229 554 1264 per
587 1215 837 1252 ablacionem
874 1215 1037 1264 proprie
1071 1215 1289 1252 elemosine
1314 1227 1389 1264 que
1414 1224 1471 1251 est
1504 1215 1605 1263 ignis
1638 1217 1687 1252 ad
1720 1217 1796 1251 hoc

484 1273 658 1310 excitans
692 1274 944 1322 impugnare.
980 1275 1058 1310 Rex
1090 1282 1223 1311 autem
1250 1273 1390 1321 Anglie
1421 1286 1503 1309 non
1531 1283 1665 1322 posset
1689 1273 1796 1310 licite

483 1331 625 1380 punire
659 1344 830 1380 corpora
863 1332 1003 1368 talium
1037 1331 1294 1378 traditorum,
1334 1331 1365 1368 si
1403 1344 1485 1368 non
1522 1340 1656 1379 posset
1689 1331 1796 1368 licite

484 1391 719 1426 subtrahere
751 1403 821 1426 sua
854 1390 1095 1438 temporalia
1135 1391 1184 1426 ab
1223 1389 1319 1437 ipsis
1359 1390 1448 1437 plus
1487 1389 1630 1435 aliena,
1676 1402 1795 1437 super

484 1448 627 1497 quibus
661 1449 780 1484 habet
820 1448 995 1496 speciale
1034 1447 1274 1493 dominium,
1316 1456 1352 1484 et
1391 1447 1447 1483 sic
1488 1460 1578 1483 cum
1616 1447 1684 1484 illa
1724 1461 1792 1496 po-
1811 1461 1853 1482 20

482 1515 605 1543 testas
628 1506 778 1554 regalia
800 1506 850 1542 sit
873 1506 974 1554 regis
998 1506 1202 1554 precipua,
1236 1506 1341 1542 idem
1372 1505 1474 1542 foret
1502 1505 1628 1553 ipsam
1656 1505 1793 1542 infrin-

483 1577 574 1612 gere
609 1573 645 1600 et
678 1564 855 1612 regimen
888 1564 999 1612 regni
1032 1565 1200 1601 subdole
1231 1563 1483 1612 impugnare.

205 1638 237 1667 1„
260 1639 353 1675 doing
374 1640 450 1667 soit
541 1625 651 1668 Item,
694 1635 782 1659 cum
825 1623 940 1658 multi
973 1635 1083 1670 reges
1115 1622 1230 1659 valde
1264 1621 1420 1658 nobiles
1453 1630 1572 1670 atque
1605 1621 1794 1658 catholici

203 1675 455 1738 lnffissdgfssffflzdlic
483 1680 660 1717 crebrius
700 1690 961 1717 exercuerunt
999 1680 1108 1717 illam
1149 1680 1392 1729 potenciam,
1438 1679 1543 1716 idem
1590 1688 1691 1716 esset
1738 1692 1795 1716 se-

276 1741 378 1779 ‘kingsn
482 1740 656 1775 cundum
680 1739 801 1775 talem
825 1739 997 1775 formam
1031 1739 1263 1787 oppositum
1297 1738 1380 1774 eius
1413 1750 1589 1774 asserere
1624 1747 1660 1774 et
1684 1739 1795 1774 here-
1813 1743 1852 1774 25

480 1797 604 1833 ticare
628 1810 767 1833 eorum
782 1797 905 1833 vitam
929 1810 975 1833 ac
997 1797 1173 1833 animam
1199 1798 1457 1844 postmodum
1484 1797 1794 1844 condempnare,

482 1856 589 1904 quod
618 1856 783 1891 heredes
817 1868 858 1891 re
887 1851 890 1907 Ι
920 1868 1013 1903 gum
1047 1855 1188 1903 Anglie
1222 1863 1258 1890 et
1291 1853 1520 1902 specialiter
1552 1867 1690 1890 eorum
1727 1853 1796 1889 filii
1813 1836 1894 1905 ῗῗιῑ)

481 1912 647 1949 viriliter
680 1913 976 1961 impugnarent.
1012 1913 1077 1949 Sic
1103 1913 1207 1949 enim
1241 1913 1291 1948 ad
1324 1911 1629 1948 similitudinem
1663 1892 1878 1960 phari-²9

482 1984 641 2008 seorum
677 1980 713 2007 et
746 1973 1002 2008 sacerdotum
1036 1970 1322 2019 impetencium
1349 1970 1552 2006 Christum
1586 1971 1633 2006 de
1668 1969 1795 2006 heresi

482 2029 737 2077 imponerent
775 2029 854 2077 regi
896 2042 968 2065 suo
1002 2030 1050 2065 de
1084 2042 1163 2078 quo
1197 2029 1345 2065 habent
1379 2037 1534 2065 tantum
1570 2029 1795 2076 temporale
1815 2032 1854 2064 30

483 2086 703 2123 subsidium
747 2099 925 2123 errorem
965 2096 1002 2123 et
1042 2087 1212 2124 heresim
1258 2086 1525 2123 manifestam.
1574 2088 1649 2123 Sed
1690 2088 1795 2123 Deus

483 2145 657 2182 movebit
682 2157 750 2181 cor
774 2145 888 2192 regis,
915 2145 944 2181 si
970 2145 1042 2181 sibi
1063 2146 1273 2193 placuerit,
1291 2146 1338 2180 ad
1365 2146 1651 2181 destruendum
1678 2144 1794 2181 istam

481 2203 698 2239 vesaniam.

236 2276 302 2305 The
323 2278 425 2314 clm-gy
542 2263 653 2306 Item,
693 2261 754 2297 vel
794 2270 884 2296 sunt
924 2260 1184 2298 ecclesiastici
1226 2261 1366 2309 Anglie
1412 2260 1602 2308 capitales
1644 2260 1796 2296 domini

195 2313 467 2383 C‘Xssltssffqoffiffiffp
484 2319 715 2355 reddituum
751 2328 787 2355 et
820 2320 1019 2356 bonorum
1055 2319 1341 2367 temporalium
1375 2331 1451 2367 que
1486 2330 1549 2355 rex
1584 2317 1638 2354 eis
1672 2319 1794 2354 dona-
1815 2322 1853 2353 ‘35

246 2391 319 2409 over
339 2383 416 2409 their
484 2386 594 2413 verat
626 2378 686 2414 vel
720 2386 896 2414 econtra.
944 2377 983 2412 Si
1019 2377 1152 2425 primo
1186 2379 1322 2423 modo,
1357 2376 1538 2425 sequitur
1572 2388 1659 2412 cum
1695 2376 1796 2412 veris

215 2417 440 2444 endowments.
485 2436 592 2483 quod
638 2434 693 2471 illi
735 2435 998 2472 ecclesiastici
1038 2444 1128 2471 sunt
1170 2435 1209 2471 in
1256 2434 1399 2472 maiori
1445 2442 1558 2482 parte
1605 2433 1795 2481 capitales

485 2492 637 2529 domini
671 2493 780 2541 regni
813 2493 939 2530 nostri
975 2502 1011 2529 et
1044 2493 1100 2529 sic
1124 2496 1257 2542 quoad
1282 2492 1525 2541 temporalia
1548 2491 1629 2539 regi
1655 2491 1795 2539 Anglie

226 2565 273 2592 To
294 2566 354 2593 this
375 2566 432 2593 end
484 2562 564 2586 non
596 2551 776 2589 subiecti.
826 2552 942 2597 Quod
975 2551 1131 2587 videtur
1164 2551 1270 2599 ipsos
1304 2550 1451 2587 sentire
1484 2562 1530 2586 eo
1564 2551 1671 2597 quod
1704 2562 1795 2597 pro-

248 2601 316 2627 thei*
339 2601 413 2627 have
484 2607 815 2656 porcionabiliter
849 2618 889 2645 ut
924 2622 1027 2657 papa
1061 2622 1100 2645 se
1135 2610 1252 2645 habet
1277 2611 1326 2645 ad
1350 2608 1636 2656 imperatorem
1663 2608 1793 2655 quoad
1810 2621 1853 2651 40

200 2633 304 2662 added*
321 2644 334 2661 a
357 2636 458 2662 clause

245 2670 337 2720 :moin
359 2670 407 2720 ὼε
484 2667 663 2702 seculare
697 2666 923 2703 dominium
958 2680 997 2703 se
1032 2667 1151 2703 habet
1175 2668 1303 2703 clerus
1327 2666 1468 2714 Anglie
1490 2666 1622 2713 quoad
1647 2677 1792 2712 regem.

192 2705 530 2773 depriiiiigliosdt,13t
565 2723 661 2759 illud
695 2724 852 2760 videtur
885 2724 1033 2761 sentire
1068 2726 1243 2762 secunda
1267 2724 1465 2773 particula
1491 2722 1795 2770 dampnacionis

550 2876 588 2895 21.
613 2868 707 2895 (ζωὰς
738 2869 775 2895 sit
797 2869 889 2895 deest.
967 2869 1003 2895 31.
1027 2870 1120 2896 cod:
1149 2878 1258 2896 errem⁴
1336 2870 1377 2896 752.
1401 2870 1495 2896 Cod.:
1527 2869 1550 2895 si
1572 2869 1664 2894 deest.
