<?xml version="1.0" encoding="UTF-8"?>
<!DOCTYPE html PUBLIC "-//W3C//DTD XHTML 1.0 Transitional//EN"
    "http://www.w3.org/TR/xhtml1/DTD/xhtml1-transitional.dtd">
<html xmlns="http://www.w3.org/1999/xhtml" xml:lang="en" lang="en">
 <head>
  <title>
</title>
<meta http-equiv="Content-Type" content="text/html;charset=utf-8" />
  <meta name='ocr-system' content='tesseract 3.04.00' />
  <meta name='ocr-capabilities' content='ocr_page ocr_carea ocr_par ocr_line ocrx_word'/>
</head>
<body>
  <div class='ocr_page' id='page_1' title='image "./iohanniswyclifse0703wycl_0067.png"; bbox 0 0 1944 3323; ppageno 0'>
   <div class='ocr_carea' id='block_1_1' title="bbox 201 250 1021 309">
    <p class='ocr_par' dir='ltr' id='par_1_1' title="bbox 201 250 1021 309">
     <span class='ocr_line' id='line_1_1' title="bbox 201 250 1021 309; baseline 0.005 -18"><span class='ocrx_word' id='word_1_1' title='bbox 201 262 336 291; x_wconf 76' lang='lat' dir='ltr'>SERMO</span> <span class='ocrx_word' id='word_1_2' title='bbox 358 250 427 309; x_wconf 70' lang='lat' dir='ltr'>vr]</span> <span class='ocrx_word' id='word_1_3' title='bbox 694 263 867 295; x_wconf 76' lang='lat' dir='ltr'>TERTlA</span> <span class='ocrx_word' id='word_1_4' title='bbox 896 263 1021 294; x_wconf 77' lang='lat' dir='ltr'>PARS.</span> 
     </span>
    </p>
   </div>
   <div class='ocr_carea' id='block_1_2' title="bbox 144 367 1525 2630">
    <p class='ocr_par' dir='ltr' id='par_1_2' title="bbox 144 367 1525 2166">
     <span class='ocr_line' id='line_1_2' title="bbox 200 367 1522 420; baseline -0.004 -12"><span class='ocrx_word' id='word_1_5' title='bbox 200 385 245 409; x_wconf 87' lang='lat' dir='ltr'>ne</span> <span class='ocrx_word' id='word_1_6' title='bbox 275 371 500 408; x_wconf 75' lang='lat' dir='ltr'><em>sacerdocio</em></span> <span class='ocrx_word' id='word_1_7' title='bbox 529 370 724 420; x_wconf 69' lang='lat' dir='ltr'>fungaris</span> <span class='ocrx_word' id='word_1_8' title='bbox 757 369 860 405; x_wconf 80' lang='lat' dir='ltr'>mihi.</span> <span class='ocrx_word' id='word_1_9' title='bbox 907 371 954 405; x_wconf 86' lang='lat' dir='ltr'>Et</span> <span class='ocrx_word' id='word_1_10' title='bbox 987 371 1014 413; x_wconf 91' lang='lat' dir='ltr'>(I</span> <span class='ocrx_word' id='word_1_11' title='bbox 1051 371 1144 416; x_wconf 81' lang='lat' dir='ltr'>Reg.</span> <span class='ocrx_word' id='word_1_12' title='bbox 1179 371 1265 413; x_wconf 77' lang='lat'><em>1110)</em></span> <span class='ocrx_word' id='word_1_13' title='bbox 1298 367 1441 414; x_wconf 79' lang='lat' dir='ltr'>legitur</span> <span class='ocrx_word' id='word_1_14' title='bbox 1475 369 1522 403; x_wconf 84' lang='lat' dir='ltr'>de</span> 
     </span>
     <span class='ocr_line' id='line_1_3' title="bbox 199 425 1523 478; baseline -0.005 -12"><span class='ocrx_word' id='word_1_15' title='bbox 199 430 308 478; x_wconf 74' lang='lat' dir='ltr'>gravi</span> <span class='ocrx_word' id='word_1_16' title='bbox 347 429 607 478; x_wconf 82' lang='lat' dir='ltr'><strong>suspensione</strong></span> <span class='ocrx_word' id='word_1_17' title='bbox 640 429 741 476; x_wconf 91' lang='lat' dir='ltr'>Hely</span> <span class='ocrx_word' id='word_1_18' title='bbox 780 437 817 464; x_wconf 88' lang='lat' dir='ltr'>et</span> <span class='ocrx_word' id='word_1_19' title='bbox 861 427 920 463; x_wconf 89' lang='lat' dir='ltr'>sui</span> <span class='ocrx_word' id='word_1_20' title='bbox 965 427 1134 475; x_wconf 83' lang='lat' dir='ltr'>generis,</span> <span class='ocrx_word' id='word_1_21' title='bbox 1180 439 1226 462; x_wconf 91' lang='lat' dir='ltr'>eo</span> <span class='ocrx_word' id='word_1_22' title='bbox 1265 427 1373 474; x_wconf 92' lang='lat' dir='ltr'>quod</span> <span class='ocrx_word' id='word_1_23' title='bbox 1421 425 1523 461; x_wconf 81' lang='lat' dir='ltr'>filios</span> 
     </span>
     <span class='ocr_line' id='line_1_4' title="bbox 200 483 1522 534; baseline -0.005 -10"><span class='ocrx_word' id='word_1_24' title='bbox 200 501 292 524; x_wconf 89' lang='lat' dir='ltr'>suos</span> <span class='ocrx_word' id='word_1_25' title='bbox 322 487 497 524; x_wconf 86' lang='lat' dir='ltr'>indebite</span> <span class='ocrx_word' id='word_1_26' title='bbox 528 486 748 534; x_wconf 83' lang='lat' dir='ltr'>castigavit.</span> <span class='ocrx_word' id='word_1_27' title='bbox 782 487 929 522; x_wconf 86' lang='lat' dir='ltr'>Ymmo</span> <span class='ocrx_word' id='word_1_28' title='bbox 959 485 1168 533; x_wconf 79' lang='lat' dir='ltr'>suspensio</span> <span class='ocrx_word' id='word_1_29' title='bbox 1186 484 1258 520; x_wconf 90' lang='lat' dir='ltr'>Dei</span> <span class='ocrx_word' id='word_1_30' title='bbox 1282 496 1323 520; x_wconf 92' lang='lat' dir='ltr'>se</span> <span class='ocrx_word' id='word_1_31' title='bbox 1348 483 1522 519; x_wconf 77' lang='lat' dir='ltr'>extendit</span> 
     </span>
     <span class='ocr_line' id='line_1_5' title="bbox 200 542 1523 594; baseline -0.005 -11"><span class='ocrx_word' id='word_1_32' title='bbox 200 548 249 583; x_wconf 86' lang='lat' dir='ltr'>ad</span> <span class='ocrx_word' id='word_1_33' title='bbox 289 559 400 594; x_wconf 83' lang='lat' dir='ltr'>reges</span> <span class='ocrx_word' id='word_1_34' title='bbox 440 555 476 582; x_wconf 89' lang='lat' dir='ltr'>et</span> <span class='ocrx_word' id='word_1_35' title='bbox 509 557 771 593; x_wconf 87' lang='lat' dir='ltr'>quoscunque</span> <span class='ocrx_word' id='word_1_36' title='bbox 809 543 1043 592; x_wconf 83' lang='lat' dir='ltr'>superstites</span> <span class='ocrx_word' id='word_1_37' title='bbox 1083 555 1183 591; x_wconf 90' lang='lat' dir='ltr'>quos</span> <span class='ocrx_word' id='word_1_38' title='bbox 1220 544 1324 578; x_wconf 90' lang='lat' dir='ltr'>Deus</span> <span class='ocrx_word' id='word_1_39' title='bbox 1363 543 1411 577; x_wconf 88' lang='lat' dir='ltr'>de</span> <span class='ocrx_word' id='word_1_40' title='bbox 1443 542 1523 578; x_wconf 83' lang='lat' dir='ltr'>vita</span> 
     </span>
     <span class='ocr_line' id='line_1_6' title="bbox 168 599 1524 652; baseline -0.003 -13"><span class='ocrx_word' id='word_1_41' title='bbox 168 604 398 641; x_wconf 80' lang='lat' dir='ltr'>5subtrahit</span> <span class='ocrx_word' id='word_1_42' title='bbox 431 616 501 652; x_wconf 89' lang='lat' dir='ltr'>per</span> <span class='ocrx_word' id='word_1_43' title='bbox 532 603 765 639; x_wconf 88' lang='lat' dir='ltr'>vindictam.</span> <span class='ocrx_word' id='word_1_44' title='bbox 801 603 915 638; x_wconf 86' lang='lat' dir='ltr'>Unde</span> <span class='ocrx_word' id='word_1_45' title='bbox 949 604 977 647; x_wconf 91' lang='lat' dir='ltr'>(l</span> <span class='ocrx_word' id='word_1_46' title='bbox 1013 603 1104 649; x_wconf 79' lang='lat' dir='ltr'>Reg.</span> <span class='ocrx_word' id='word_1_47' title='bbox 1139 602 1242 646; x_wconf 84' lang='lat' dir='ltr'>XV0‚</span> <span class='ocrx_word' id='word_1_48' title='bbox 1280 600 1347 646; x_wconf 83' lang='lat'>23)</span> <span class='ocrx_word' id='word_1_49' title='bbox 1381 599 1524 647; x_wconf 76' lang='lat' dir='ltr'>legitur</span> 
     </span>
     <span class='ocr_line' id='line_1_7' title="bbox 200 658 1523 710; baseline -0.005 -11"><span class='ocrx_word' id='word_1_50' title='bbox 200 664 248 699; x_wconf 87' lang='lat' dir='ltr'>de</span> <span class='ocrx_word' id='word_1_51' title='bbox 282 663 390 707; x_wconf 87' lang='lat' dir='ltr'>Saul,</span> <span class='ocrx_word' id='word_1_52' title='bbox 424 662 517 710; x_wconf 87' lang='lat' dir='ltr'>quia</span> <span class='ocrx_word' id='word_1_53' title='bbox 550 661 673 709; x_wconf 87' lang='lat' dir='ltr'>impie</span> <span class='ocrx_word' id='word_1_54' title='bbox 712 659 892 709; x_wconf 85' lang='lat' dir='ltr'>pepercit</span> <span class='ocrx_word' id='word_1_55' title='bbox 931 659 1112 696; x_wconf 85' lang='lat' dir='ltr'>hostibus</span> <span class='ocrx_word' id='word_1_56' title='bbox 1146 659 1217 695; x_wconf 91' lang='lat' dir='ltr'>Dei</span> <span class='ocrx_word' id='word_1_57' title='bbox 1250 658 1329 694; x_wconf 89' lang='lat' dir='ltr'>sui:</span> <span class='ocrx_word' id='word_1_58' title='bbox 1370 659 1449 693; x_wconf 76' lang='lat' dir='ltr'>Pro</span> <span class='ocrx_word' id='word_1_59' title='bbox 1482 671 1523 694; x_wconf 84' lang='lat' dir='ltr'>eo</span> 
     </span>
     <span class='ocr_line' id='line_1_8' title="bbox 200 717 1525 770; baseline -0.005 -13"><span class='ocrx_word' id='word_1_60' title='bbox 200 722 301 770; x_wconf 81' lang='lat' dir='ltr'>quod</span> <span class='ocrx_word' id='word_1_61' title='bbox 337 720 509 756; x_wconf 78' lang='lat' dir='ltr'>abiecisti</span> <span class='ocrx_word' id='word_1_62' title='bbox 543 732 759 756; x_wconf 80' lang='lat' dir='ltr'>sermonem</span> <span class='ocrx_word' id='word_1_63' title='bbox 794 718 964 763; x_wconf 84' lang='lat' dir='ltr'>Domini,</span> <span class='ocrx_word' id='word_1_64' title='bbox 1002 718 1137 754; x_wconf 81' lang='lat' dir='ltr'>abiecit</span> <span class='ocrx_word' id='word_1_65' title='bbox 1175 725 1210 753; x_wconf 84' lang='lat' dir='ltr'>te</span> <span class='ocrx_word' id='word_1_66' title='bbox 1243 717 1447 761; x_wconf 81' lang='lat' dir='ltr'>Dominus,</span> <span class='ocrx_word' id='word_1_67' title='bbox 1480 729 1525 752; x_wconf 84' lang='lat' dir='ltr'>ne</span> 
     </span>
     <span class='ocr_line' id='line_1_9' title="bbox 199 774 1523 824; baseline -0.004 -9"><span class='ocrx_word' id='word_1_68' title='bbox 199 780 252 815; x_wconf 78' lang='lat' dir='ltr'>sis</span> <span class='ocrx_word' id='word_1_69' title='bbox 289 791 373 815; x_wconf 82' lang='lat' dir='ltr'>rex.</span> <span class='ocrx_word' id='word_1_70' title='bbox 420 780 468 814; x_wconf 87' lang='lat' dir='ltr'>Et</span> <span class='ocrx_word' id='word_1_71' title='bbox 505 777 562 814; x_wconf 91' lang='lat' dir='ltr'>sic</span> <span class='ocrx_word' id='word_1_72' title='bbox 600 777 860 814; x_wconf 87' lang='lat' dir='ltr'>senciendum</span> <span class='ocrx_word' id='word_1_73' title='bbox 902 786 958 812; x_wconf 91' lang='lat' dir='ltr'>est</span> <span class='ocrx_word' id='word_1_74' title='bbox 997 777 1045 812; x_wconf 89' lang='lat' dir='ltr'>de</span> <span class='ocrx_word' id='word_1_75' title='bbox 1090 784 1305 824; x_wconf 83' lang='lat' dir='ltr'>peccatore</span> <span class='ocrx_word' id='word_1_76' title='bbox 1344 774 1523 823; x_wconf 89' lang='lat' dir='ltr'>quolibet</span> 
     </span>
     <span class='ocr_line' id='line_1_10' title="bbox 200 833 1523 884; baseline -0.004 -11"><span class='ocrx_word' id='word_1_77' title='bbox 200 838 261 873; x_wconf 87' lang='lat' dir='ltr'>vel</span> <span class='ocrx_word' id='word_1_78' title='bbox 310 837 411 873; x_wconf 88' lang='lat' dir='ltr'>iuste</span> <span class='ocrx_word' id='word_1_79' title='bbox 461 848 657 884; x_wconf 87' lang='lat' dir='ltr'>suspenso</span> <span class='ocrx_word' id='word_1_80' title='bbox 709 836 757 872; x_wconf 90' lang='lat' dir='ltr'>ab</span> <span class='ocrx_word' id='word_1_81' title='bbox 811 834 960 883; x_wconf 89' lang='lat' dir='ltr'>aliquo.</span> <span class='ocrx_word' id='word_1_82' title='bbox 1014 836 1082 870; x_wconf 81' lang='lat' dir='ltr'>Est</span> <span class='ocrx_word' id='word_1_83' title='bbox 1128 833 1233 869; x_wconf 88' lang='lat' dir='ltr'>enim</span> <span class='ocrx_word' id='word_1_84' title='bbox 1279 834 1523 881; x_wconf 82' lang='lat' dir='ltr'>suspendere</span> 
     </span>
     <span class='ocr_line' id='line_1_11' title="bbox 148 891 1522 941; baseline -0.004 -10"><span class='ocrx_word' id='word_1_85' title='bbox 148 907 185 928; x_wconf 86' lang='lat'>10</span> <span class='ocrx_word' id='word_1_86' title='bbox 203 894 470 931; x_wconf 87' lang='lat' dir='ltr'>ministerium</span> <span class='ocrx_word' id='word_1_87' title='bbox 503 895 564 931; x_wconf 93' lang='lat' dir='ltr'>vel</span> <span class='ocrx_word' id='word_1_88' title='bbox 597 895 748 930; x_wconf 90' lang='lat' dir='ltr'>bonum</span> <span class='ocrx_word' id='word_1_89' title='bbox 782 892 947 941; x_wconf 86' lang='lat' dir='ltr'>aliquod</span> <span class='ocrx_word' id='word_1_90' title='bbox 986 905 1059 940; x_wconf 89' lang='lat' dir='ltr'>pro</span> <span class='ocrx_word' id='word_1_91' title='bbox 1093 891 1262 928; x_wconf 89' lang='lat' dir='ltr'>crimine</span> <span class='ocrx_word' id='word_1_92' title='bbox 1294 891 1522 939; x_wconf 70' lang='lat' dir='ltr'>prohibere,</span> 
     </span>
     <span class='ocr_line' id='line_1_12' title="bbox 201 950 1522 1001; baseline -0.004 -11"><span class='ocrx_word' id='word_1_93' title='bbox 201 963 243 990; x_wconf 91' lang='lat' dir='ltr'>ut</span> <span class='ocrx_word' id='word_1_94' title='bbox 292 955 397 989; x_wconf 90' lang='lat' dir='ltr'>Deus</span> <span class='ocrx_word' id='word_1_95' title='bbox 442 954 766 1001; x_wconf 86' lang='lat' dir='ltr'>quandocunque</span> <span class='ocrx_word' id='word_1_96' title='bbox 811 951 925 999; x_wconf 90' lang='lat' dir='ltr'>punit</span> <span class='ocrx_word' id='word_1_97' title='bbox 971 950 1177 986; x_wconf 89' lang='lat' dir='ltr'>hominem</span> <span class='ocrx_word' id='word_1_98' title='bbox 1222 963 1294 998; x_wconf 91' lang='lat' dir='ltr'>pro</span> <span class='ocrx_word' id='word_1_99' title='bbox 1339 959 1522 998; x_wconf 78' lang='lat' dir='ltr'>peccato,</span> 
     </span>
     <span class='ocr_line' id='line_1_13' title="bbox 200 1007 1523 1060; baseline -0.003 -13"><span class='ocrx_word' id='word_1_100' title='bbox 200 1011 408 1060; x_wconf 84' lang='lat' dir='ltr'>suspendit</span> <span class='ocrx_word' id='word_1_101' title='bbox 449 1024 537 1047; x_wconf 88' lang='lat' dir='ltr'>eum</span> <span class='ocrx_word' id='word_1_102' title='bbox 580 1023 601 1047; x_wconf 87' lang='lat' dir='ltr'>a</span> <span class='ocrx_word' id='word_1_103' title='bbox 642 1009 865 1046; x_wconf 87' lang='lat' dir='ltr'>ministerio</span> <span class='ocrx_word' id='word_1_104' title='bbox 898 1010 959 1046; x_wconf 82' lang='lat' dir='ltr'>vel</span> <span class='ocrx_word' id='word_1_105' title='bbox 997 1010 1104 1045; x_wconf 90' lang='lat' dir='ltr'>bono</span> <span class='ocrx_word' id='word_1_106' title='bbox 1145 1008 1238 1053; x_wconf 76' lang='lat' dir='ltr'>alio,</span> <span class='ocrx_word' id='word_1_107' title='bbox 1274 1017 1310 1044; x_wconf 91' lang='lat' dir='ltr'>et</span> <span class='ocrx_word' id='word_1_108' title='bbox 1343 1007 1399 1044; x_wconf 84' lang='lat' dir='ltr'>sic</span> <span class='ocrx_word' id='word_1_109' title='bbox 1432 1020 1523 1055; x_wconf 89' lang='lat' dir='ltr'>pro-</span> 
     </span>
     <span class='ocr_line' id='line_1_14' title="bbox 200 1066 1523 1118; baseline -0.004 -12"><span class='ocrx_word' id='word_1_110' title='bbox 200 1069 532 1118; x_wconf 80' lang='lat' dir='ltr'>poscionabiliter</span> <span class='ocrx_word' id='word_1_111' title='bbox 564 1069 784 1105; x_wconf 88' lang='lat' dir='ltr'>secundum</span> <span class='ocrx_word' id='word_1_112' title='bbox 818 1069 927 1116; x_wconf 90' lang='lat' dir='ltr'>quod</span> <span class='ocrx_word' id='word_1_113' title='bbox 968 1067 1174 1103; x_wconf 80' lang='lat' dir='ltr'>variantur</span> <span class='ocrx_word' id='word_1_114' title='bbox 1213 1066 1280 1102; x_wconf 92' lang='lat' dir='ltr'>illa</span> <span class='ocrx_word' id='word_1_115' title='bbox 1319 1079 1340 1102; x_wconf 84' lang='lat' dir='ltr'>a</span> <span class='ocrx_word' id='word_1_116' title='bbox 1380 1066 1523 1114; x_wconf 86' lang='lat' dir='ltr'>quibus</span> 
     </span>
     <span class='ocr_line' id='line_1_15' title="bbox 201 1124 1523 1175; baseline -0.004 -11"><span class='ocrx_word' id='word_1_117' title='bbox 201 1129 322 1164; x_wconf 83' lang='lat' dir='ltr'>homo</span> <span class='ocrx_word' id='word_1_118' title='bbox 367 1127 639 1175; x_wconf 88' lang='lat' dir='ltr'>suspenditur,</span> <span class='ocrx_word' id='word_1_119' title='bbox 684 1126 863 1163; x_wconf 69' lang='lat' dir='ltr'>variatur</span> <span class='ocrx_word' id='word_1_120' title='bbox 911 1134 948 1162; x_wconf 89' lang='lat' dir='ltr'>et</span> <span class='ocrx_word' id='word_1_121' title='bbox 992 1124 1214 1173; x_wconf 83' lang='lat' dir='ltr'>suspensio,</span> <span class='ocrx_word' id='word_1_122' title='bbox 1261 1134 1303 1160; x_wconf 91' lang='lat' dir='ltr'>ut</span> <span class='ocrx_word' id='word_1_123' title='bbox 1348 1124 1426 1161; x_wconf 90' lang='lat' dir='ltr'>alia</span> <span class='ocrx_word' id='word_1_124' title='bbox 1467 1133 1523 1160; x_wconf 90' lang='lat' dir='ltr'>est</span> 
     </span>
     <span class='ocr_line' id='line_1_16' title="bbox 149 1183 1524 1234; baseline -0.001 -14"><span class='ocrx_word' id='word_1_125' title='bbox 149 1185 409 1234; x_wconf 67' lang='lat' dir='ltr'>‹Ssuspensio</span> <span class='ocrx_word' id='word_1_126' title='bbox 449 1187 497 1222; x_wconf 90' lang='lat' dir='ltr'>ab</span> <span class='ocrx_word' id='word_1_127' title='bbox 536 1184 671 1222; x_wconf 85' lang='lat' dir='ltr'>officio</span> <span class='ocrx_word' id='word_1_128' title='bbox 709 1194 747 1221; x_wconf 87' lang='lat' dir='ltr'>et</span> <span class='ocrx_word' id='word_1_129' title='bbox 787 1184 865 1221; x_wconf 88' lang='lat' dir='ltr'>alia</span> <span class='ocrx_word' id='word_1_130' title='bbox 905 1197 926 1220; x_wconf 88' lang='lat' dir='ltr'>a</span> <span class='ocrx_word' id='word_1_131' title='bbox 965 1183 1175 1229; x_wconf 81' lang='lat' dir='ltr'>beneficio,</span> <span class='ocrx_word' id='word_1_132' title='bbox 1220 1192 1264 1219; x_wconf 93' lang='lat' dir='ltr'>ut</span> <span class='ocrx_word' id='word_1_133' title='bbox 1302 1184 1524 1231; x_wconf 86' lang='lat' dir='ltr'>loquuntur</span> 
     </span>
     <span class='ocr_line' id='line_1_17' title="bbox 200 1241 1523 1292; baseline -0.003 -11"><span class='ocrx_word' id='word_1_134' title='bbox 200 1243 327 1281; x_wconf 86' lang='lat' dir='ltr'>nostri</span> <span class='ocrx_word' id='word_1_135' title='bbox 371 1253 531 1292; x_wconf 87' lang='lat' dir='ltr'>satrape</span> <span class='ocrx_word' id='word_1_136' title='bbox 576 1242 644 1291; x_wconf 88' lang='lat' dir='ltr'>qui</span> <span class='ocrx_word' id='word_1_137' title='bbox 688 1251 819 1279; x_wconf 91' lang='lat' dir='ltr'>totum</span> <span class='ocrx_word' id='word_1_138' title='bbox 869 1255 1022 1279; x_wconf 89' lang='lat' dir='ltr'>nomen</span> <span class='ocrx_word' id='word_1_139' title='bbox 1071 1241 1344 1289; x_wconf 88' lang='lat' dir='ltr'>suspensionis</span> <span class='ocrx_word' id='word_1_140' title='bbox 1388 1242 1438 1278; x_wconf 89' lang='lat' dir='ltr'>ad</span> <span class='ocrx_word' id='word_1_141' title='bbox 1483 1253 1523 1277; x_wconf 85' lang='lat' dir='ltr'>se</span> 
     </span>
     <span class='ocr_line' id='line_1_18' title="bbox 200 1299 1521 1349; baseline -0.004 -10"><span class='ocrx_word' id='word_1_142' title='bbox 200 1304 364 1339; x_wconf 88' lang='lat' dir='ltr'>trahunt</span> <span class='ocrx_word' id='word_1_143' title='bbox 409 1315 430 1338; x_wconf 90' lang='lat' dir='ltr'>a</span> <span class='ocrx_word' id='word_1_144' title='bbox 474 1301 646 1349; x_wconf 82' lang='lat' dir='ltr'>regibus.</span> <span class='ocrx_word' id='word_1_145' title='bbox 696 1302 810 1338; x_wconf 91' lang='lat' dir='ltr'>Unde</span> <span class='ocrx_word' id='word_1_146' title='bbox 848 1300 1006 1337; x_wconf 92' lang='lat' dir='ltr'>videtur</span> <span class='ocrx_word' id='word_1_147' title='bbox 1045 1299 1180 1336; x_wconf 90' lang='lat' dir='ltr'>multis</span> <span class='ocrx_word' id='word_1_148' title='bbox 1220 1301 1328 1348; x_wconf 91' lang='lat' dir='ltr'>quod</span> <span class='ocrx_word' id='word_1_149' title='bbox 1367 1300 1521 1335; x_wconf 91' lang='lat' dir='ltr'>nullum</span> 
     </span>
     <span class='ocr_line' id='line_1_19' title="bbox 200 1358 1521 1409; baseline -0.003 -12"><span class='ocrx_word' id='word_1_150' title='bbox 200 1360 379 1398; x_wconf 84' lang='lat' dir='ltr'>officium</span> <span class='ocrx_word' id='word_1_151' title='bbox 424 1361 674 1409; x_wconf 86' lang='lat' dir='ltr'>prelatorum</span> <span class='ocrx_word' id='word_1_152' title='bbox 720 1359 824 1407; x_wconf 85' lang='lat' dir='ltr'>sapit</span> <span class='ocrx_word' id='word_1_153' title='bbox 870 1358 1067 1396; x_wconf 91' lang='lat' dir='ltr'>maiorem</span> <span class='ocrx_word' id='word_1_154' title='bbox 1107 1358 1360 1394; x_wconf 87' lang='lat' dir='ltr'>blasfemiam</span> <span class='ocrx_word' id='word_1_155' title='bbox 1400 1370 1521 1406; x_wconf 92' lang='lat' dir='ltr'>quam</span> 
     </span>
     <span class='ocr_line' id='line_1_20' title="bbox 200 1417 1523 1467; baseline -0.004 -11"><span class='ocrx_word' id='word_1_156' title='bbox 200 1419 347 1456; x_wconf 88' lang='lat' dir='ltr'>usitata</span> <span class='ocrx_word' id='word_1_157' title='bbox 376 1418 600 1467; x_wconf 81' lang='lat' dir='ltr'>suspensio,</span> <span class='ocrx_word' id='word_1_158' title='bbox 631 1431 722 1454; x_wconf 93' lang='lat' dir='ltr'>cum</span> <span class='ocrx_word' id='word_1_159' title='bbox 747 1418 864 1454; x_wconf 91' lang='lat' dir='ltr'>debet</span> <span class='ocrx_word' id='word_1_160' title='bbox 894 1417 982 1465; x_wconf 87' lang='lat' dir='ltr'>capi</span> <span class='ocrx_word' id='word_1_161' title='bbox 1014 1426 1056 1453; x_wconf 89' lang='lat' dir='ltr'>ut</span> <span class='ocrx_word' id='word_1_162' title='bbox 1087 1417 1184 1453; x_wconf 85' lang='lat' dir='ltr'>fides</span> <span class='ocrx_word' id='word_1_163' title='bbox 1209 1417 1317 1464; x_wconf 90' lang='lat' dir='ltr'>quod</span> <span class='ocrx_word' id='word_1_164' title='bbox 1341 1417 1523 1464; x_wconf 86' lang='lat' dir='ltr'>quando-</span> 
     </span>
     <span class='ocr_line' id='line_1_21' title="bbox 144 1473 1523 1526; baseline -0.001 -14"><span class='ocrx_word' id='word_1_165' title='bbox 144 1490 358 1526; x_wconf 88' lang='lat' dir='ltr'>20cunque</span> <span class='ocrx_word' id='word_1_166' title='bbox 408 1477 585 1525; x_wconf 88' lang='lat' dir='ltr'>prelatus</span> <span class='ocrx_word' id='word_1_167' title='bbox 630 1475 757 1512; x_wconf 79' lang='lat' dir='ltr'>variat</span> <span class='ocrx_word' id='word_1_168' title='bbox 802 1475 842 1512; x_wconf 90' lang='lat' dir='ltr'>in</span> <span class='ocrx_word' id='word_1_169' title='bbox 893 1475 1154 1523; x_wconf 89' lang='lat' dir='ltr'>suspensione</span> <span class='ocrx_word' id='word_1_170' title='bbox 1205 1474 1276 1511; x_wconf 89' lang='lat' dir='ltr'>tali</span> <span class='ocrx_word' id='word_1_171' title='bbox 1322 1487 1343 1510; x_wconf 91' lang='lat' dir='ltr'>a</span> <span class='ocrx_word' id='word_1_172' title='bbox 1389 1473 1523 1511; x_wconf 83' lang='lat' dir='ltr'>divino</span> 
     </span>
     <span class='ocr_line' id='line_1_22' title="bbox 200 1533 1522 1582; baseline -0.003 -10"><span class='ocrx_word' id='word_1_173' title='bbox 200 1535 363 1581; x_wconf 82' lang='lat' dir='ltr'>iudicio,</span> <span class='ocrx_word' id='word_1_174' title='bbox 406 1544 512 1572; x_wconf 88' lang='lat' dir='ltr'>errat</span> <span class='ocrx_word' id='word_1_175' title='bbox 551 1534 591 1570; x_wconf 92' lang='lat' dir='ltr'>in</span> <span class='ocrx_word' id='word_1_176' title='bbox 630 1534 893 1582; x_wconf 86' lang='lat' dir='ltr'>suspensione</span> <span class='ocrx_word' id='word_1_177' title='bbox 934 1533 1166 1570; x_wconf 87' lang='lat' dir='ltr'>huiusmodi</span> <span class='ocrx_word' id='word_1_178' title='bbox 1200 1542 1340 1569; x_wconf 87' lang='lat' dir='ltr'>contra</span> <span class='ocrx_word' id='word_1_179' title='bbox 1374 1535 1522 1578; x_wconf 82' lang='lat' dir='ltr'>Deum;</span> 
     </span>
     <span class='ocr_line' id='line_1_23' title="bbox 201 1590 1523 1643; baseline -0.003 -13"><span class='ocrx_word' id='word_1_180' title='bbox 201 1595 309 1643; x_wconf 89' lang='lat' dir='ltr'>quod</span> <span class='ocrx_word' id='word_1_181' title='bbox 333 1593 363 1630; x_wconf 93' lang='lat' dir='ltr'>si</span> <span class='ocrx_word' id='word_1_182' title='bbox 387 1592 693 1641; x_wconf 88' lang='lat' dir='ltr'>suspensionem</span> <span class='ocrx_word' id='word_1_183' title='bbox 717 1592 828 1629; x_wconf 88' lang='lat' dir='ltr'>illam</span> <span class='ocrx_word' id='word_1_184' title='bbox 853 1591 1115 1640; x_wconf 87' lang='lat' dir='ltr'>pertinaciter</span> <span class='ocrx_word' id='word_1_185' title='bbox 1137 1590 1359 1627; x_wconf 83' lang='lat' dir='ltr'>defenderit</span> <span class='ocrx_word' id='word_1_186' title='bbox 1383 1600 1523 1627; x_wconf 86' lang='lat' dir='ltr'>contra</span> 
     </span>
     <span class='ocr_line' id='line_1_24' title="bbox 200 1649 1522 1701; baseline -0.003 -13"><span class='ocrx_word' id='word_1_187' title='bbox 200 1653 345 1701; x_wconf 89' lang='lat' dir='ltr'>ipsum,</span> <span class='ocrx_word' id='word_1_188' title='bbox 378 1651 543 1687; x_wconf 87' lang='lat' dir='ltr'>indubie</span> <span class='ocrx_word' id='word_1_189' title='bbox 577 1659 634 1687; x_wconf 87' lang='lat' dir='ltr'>est</span> <span class='ocrx_word' id='word_1_190' title='bbox 667 1651 897 1687; x_wconf 89' lang='lat' dir='ltr'>blasfemus.</span> <span class='ocrx_word' id='word_1_191' title='bbox 944 1651 1036 1686; x_wconf 91' lang='lat' dir='ltr'>Ideo</span> <span class='ocrx_word' id='word_1_192' title='bbox 1077 1649 1201 1686; x_wconf 88' lang='lat' dir='ltr'>nichil</span> <span class='ocrx_word' id='word_1_193' title='bbox 1241 1658 1298 1685; x_wconf 86' lang='lat' dir='ltr'>est</span> <span class='ocrx_word' id='word_1_194' title='bbox 1338 1649 1377 1684; x_wconf 90' lang='lat' dir='ltr'>in</span> <span class='ocrx_word' id='word_1_195' title='bbox 1416 1649 1522 1685; x_wconf 86' lang='lat' dir='ltr'>facto</span> 
     </span>
     <span class='ocr_line' id='line_1_25' title="bbox 201 1707 1523 1757; baseline -0.002 -11"><span class='ocrx_word' id='word_1_196' title='bbox 201 1709 362 1747; x_wconf 88' lang='lat' dir='ltr'>errabili</span> <span class='ocrx_word' id='word_1_197' title='bbox 414 1711 461 1746; x_wconf 88' lang='lat' dir='ltr'>de</span> <span class='ocrx_word' id='word_1_198' title='bbox 507 1722 586 1757; x_wconf 91' lang='lat' dir='ltr'>quo</span> <span class='ocrx_word' id='word_1_199' title='bbox 639 1708 852 1757; x_wconf 87' lang='lat' dir='ltr'>episcopus</span> <span class='ocrx_word' id='word_1_200' title='bbox 897 1707 1094 1745; x_wconf 85' lang='lat' dir='ltr'>attencius</span> <span class='ocrx_word' id='word_1_201' title='bbox 1138 1716 1382 1756; x_wconf 72' lang='lat' dir='ltr'>precaveret.</span> <span class='ocrx_word' id='word_1_202' title='bbox 1434 1707 1523 1743; x_wconf 77' lang='lat' dir='ltr'>Alia</span> 
     </span>
     <span class='ocr_line' id='line_1_26' title="bbox 144 1765 1518 1815; baseline -0.001 -13"><span class='ocrx_word' id='word_1_203' title='bbox 144 1772 182 1803; x_wconf 78' lang='lat'>25</span> <span class='ocrx_word' id='word_1_204' title='bbox 200 1778 334 1805; x_wconf 87' lang='lat' dir='ltr'>autem</span> <span class='ocrx_word' id='word_1_205' title='bbox 368 1777 425 1804; x_wconf 88' lang='lat' dir='ltr'>est</span> <span class='ocrx_word' id='word_1_206' title='bbox 458 1766 667 1815; x_wconf 89' lang='lat' dir='ltr'>suspensio</span> <span class='ocrx_word' id='word_1_207' title='bbox 701 1768 748 1803; x_wconf 93' lang='lat' dir='ltr'>de</span> <span class='ocrx_word' id='word_1_208' title='bbox 782 1767 887 1803; x_wconf 85' lang='lat' dir='ltr'>facto</span> <span class='ocrx_word' id='word_1_209' title='bbox 921 1776 958 1803; x_wconf 77' lang='lat' dir='ltr'>et</span> <span class='ocrx_word' id='word_1_210' title='bbox 991 1766 1068 1802; x_wconf 87' lang='lat' dir='ltr'>alia</span> <span class='ocrx_word' id='word_1_211' title='bbox 1103 1767 1150 1802; x_wconf 89' lang='lat' dir='ltr'>de</span> <span class='ocrx_word' id='word_1_212' title='bbox 1189 1765 1274 1802; x_wconf 92' lang='lat' dir='ltr'>iure</span> <span class='ocrx_word' id='word_1_213' title='bbox 1307 1778 1397 1801; x_wconf 87' lang='lat' dir='ltr'>cum</span> <span class='ocrx_word' id='word_1_214' title='bbox 1433 1765 1518 1802; x_wconf 82' lang='lat' dir='ltr'>aliis</span> 
     </span>
     <span class='ocr_line' id='line_1_27' title="bbox 203 1823 1523 1873; baseline -0.003 -10"><span class='ocrx_word' id='word_1_215' title='bbox 203 1826 542 1863; x_wconf 84' lang='lat' dir='ltr'>subdivisionibus</span> <span class='ocrx_word' id='word_1_216' title='bbox 591 1838 667 1873; x_wconf 90' lang='lat' dir='ltr'>que</span> <span class='ocrx_word' id='word_1_217' title='bbox 724 1838 767 1861; x_wconf 79' lang='lat' dir='ltr'>ex</span> <span class='ocrx_word' id='word_1_218' title='bbox 820 1824 895 1861; x_wconf 89' lang='lat' dir='ltr'>ista</span> <span class='ocrx_word' id='word_1_219' title='bbox 949 1824 1153 1861; x_wconf 90' lang='lat' dir='ltr'>sentencia</span> <span class='ocrx_word' id='word_1_220' title='bbox 1202 1834 1370 1872; x_wconf 88' lang='lat' dir='ltr'>possunt</span> <span class='ocrx_word' id='word_1_221' title='bbox 1421 1823 1523 1871; x_wconf 90' lang='lat' dir='ltr'>capi.</span> 
     </span>
     <span class='ocr_line' id='line_1_28' title="bbox 203 1882 1525 1933; baseline -0.004 -11"><span class='ocrx_word' id='word_1_222' title='bbox 203 1884 516 1933; x_wconf 86' lang='lat' dir='ltr'>Suspensionem</span> <span class='ocrx_word' id='word_1_223' title='bbox 551 1892 685 1920; x_wconf 90' lang='lat' dir='ltr'>autem</span> <span class='ocrx_word' id='word_1_224' title='bbox 710 1884 758 1919; x_wconf 85' lang='lat' dir='ltr'>de</span> <span class='ocrx_word' id='word_1_225' title='bbox 791 1883 876 1919; x_wconf 87' lang='lat' dir='ltr'>iure</span> <span class='ocrx_word' id='word_1_226' title='bbox 909 1892 1070 1931; x_wconf 88' lang='lat' dir='ltr'>oportet</span> <span class='ocrx_word' id='word_1_227' title='bbox 1086 1885 1214 1918; x_wconf 87' lang='lat' dir='ltr'>Deum</span> <span class='ocrx_word' id='word_1_228' title='bbox 1247 1882 1525 1930; x_wconf 87' lang='lat' dir='ltr'>principaliter</span> 
     </span>
     <span class='ocr_line' id='line_1_29' title="bbox 203 1940 1523 1991; baseline -0.003 -11"><span class='ocrx_word' id='word_1_229' title='bbox 203 1944 383 1991; x_wconf 81' lang='lat' dir='ltr'>regulare</span> <span class='ocrx_word' id='word_1_230' title='bbox 428 1952 548 1991; x_wconf 85' lang='lat' dir='ltr'>atque</span> <span class='ocrx_word' id='word_1_231' title='bbox 596 1941 786 1989; x_wconf 83' lang='lat' dir='ltr'>incipere,</span> <span class='ocrx_word' id='word_1_232' title='bbox 830 1941 1137 1989; x_wconf 84' lang='lat' dir='ltr'>suspensionem</span> <span class='ocrx_word' id='word_1_233' title='bbox 1183 1953 1277 1977; x_wconf 70' lang='lat' dir='ltr'>vero</span> <span class='ocrx_word' id='word_1_234' title='bbox 1323 1942 1371 1976; x_wconf 90' lang='lat' dir='ltr'>de</span> <span class='ocrx_word' id='word_1_235' title='bbox 1417 1940 1523 1977; x_wconf 89' lang='lat' dir='ltr'>facto</span> 
     </span>
     <span class='ocr_line' id='line_1_30' title="bbox 203 1999 1525 2050; baseline -0.002 -12"><span class='ocrx_word' id='word_1_236' title='bbox 203 2003 446 2050; x_wconf 85' lang='lat' dir='ltr'>quandoque</span> <span class='ocrx_word' id='word_1_237' title='bbox 480 2009 618 2037; x_wconf 87' lang='lat' dir='ltr'>causat</span> <span class='ocrx_word' id='word_1_238' title='bbox 642 2002 747 2036; x_wconf 89' lang='lat' dir='ltr'>Deus</span> <span class='ocrx_word' id='word_1_239' title='bbox 781 1999 1015 2036; x_wconf 78' lang='lat' dir='ltr'>immediate</span> <span class='ocrx_word' id='word_1_240' title='bbox 1048 2012 1118 2048; x_wconf 91' lang='lat' dir='ltr'>per</span> <span class='ocrx_word' id='word_1_241' title='bbox 1147 2012 1187 2035; x_wconf 88' lang='lat' dir='ltr'>se</span> <span class='ocrx_word' id='word_1_242' title='bbox 1220 2008 1257 2035; x_wconf 87' lang='lat' dir='ltr'>et</span> <span class='ocrx_word' id='word_1_243' title='bbox 1281 2000 1525 2048; x_wconf 88' lang='lat' dir='ltr'>quandoque</span> 
     </span>
     <span class='ocr_line' id='line_1_31' title="bbox 146 2057 1523 2107; baseline -0.003 -11"><span class='ocrx_word' id='word_1_244' title='bbox 146 2062 186 2094; x_wconf 62' lang='grc' dir='ltr'>’ἆυ</span> <span class='ocrx_word' id='word_1_245' title='bbox 203 2073 293 2097; x_wconf 89' lang='lat' dir='ltr'>cum</span> <span class='ocrx_word' id='word_1_246' title='bbox 335 2061 410 2095; x_wconf 90' lang='lat' dir='ltr'>hoc</span> <span class='ocrx_word' id='word_1_247' title='bbox 449 2071 520 2107; x_wconf 88' lang='lat' dir='ltr'>per</span> <span class='ocrx_word' id='word_1_248' title='bbox 559 2057 764 2094; x_wconf 86' lang='lat' dir='ltr'>ministros</span> <span class='ocrx_word' id='word_1_249' title='bbox 807 2067 887 2094; x_wconf 89' lang='lat' dir='ltr'>tam</span> <span class='ocrx_word' id='word_1_250' title='bbox 928 2070 998 2106; x_wconf 87' lang='lat' dir='ltr'>per</span> <span class='ocrx_word' id='word_1_251' title='bbox 1045 2070 1179 2094; x_wconf 79' lang='lat' dir='ltr'>servos</span> <span class='ocrx_word' id='word_1_252' title='bbox 1227 2057 1362 2093; x_wconf 81' lang='lat' dir='ltr'>fideles</span> <span class='ocrx_word' id='word_1_253' title='bbox 1403 2070 1523 2106; x_wconf 85' lang='lat' dir='ltr'>quam</span> 
     </span>
     <span class='ocr_line' id='line_1_32' title="bbox 203 2118 671 2166; baseline -0.006 -11"><span class='ocrx_word' id='word_1_254' title='bbox 203 2118 329 2155; x_wconf 88' lang='lat' dir='ltr'>eciam</span> <span class='ocrx_word' id='word_1_255' title='bbox 363 2130 433 2166; x_wconf 91' lang='lat' dir='ltr'>per</span> <span class='ocrx_word' id='word_1_256' title='bbox 466 2126 671 2164; x_wconf 87' lang='lat' dir='ltr'>tyrannos.</span> 
     </span>
    </p>

    <p class='ocr_par' dir='ltr' id='par_1_3' title="bbox 203 2173 1525 2339">
     <span class='ocr_line' id='line_1_33' title="bbox 260 2173 1525 2223; baseline -0.002 -11"><span class='ocrx_word' id='word_1_257' title='bbox 260 2177 338 2213; x_wconf 86' lang='lat' dir='ltr'>Sed</span> <span class='ocrx_word' id='word_1_258' title='bbox 378 2176 659 2212; x_wconf 88' lang='lat' dir='ltr'>descendendo</span> <span class='ocrx_word' id='word_1_259' title='bbox 698 2174 913 2223; x_wconf 86' lang='lat' dir='ltr'>specialius</span> <span class='ocrx_word' id='word_1_260' title='bbox 953 2173 1170 2210; x_wconf 88' lang='lat' dir='ltr'>videndum</span> <span class='ocrx_word' id='word_1_261' title='bbox 1219 2183 1276 2210; x_wconf 91' lang='lat' dir='ltr'>est</span> <span class='ocrx_word' id='word_1_262' title='bbox 1318 2175 1525 2222; x_wconf 90' lang='lat' dir='ltr'>quomodo</span> 
     </span>
     <span class='ocr_line' id='line_1_34' title="bbox 203 2231 1525 2282; baseline -0.002 -11"><span class='ocrx_word' id='word_1_263' title='bbox 203 2237 308 2271; x_wconf 91' lang='lat' dir='ltr'>Deus</span> <span class='ocrx_word' id='word_1_264' title='bbox 341 2233 580 2282; x_wconf 81' lang='lat' dir='ltr'>generaliter</span> <span class='ocrx_word' id='word_1_265' title='bbox 612 2232 819 2281; x_wconf 87' lang='lat' dir='ltr'>suspendit</span> <span class='ocrx_word' id='word_1_266' title='bbox 848 2233 1049 2280; x_wconf 90' lang='lat' dir='ltr'>prelatum</span> <span class='ocrx_word' id='word_1_267' title='bbox 1083 2245 1104 2268; x_wconf 91' lang='lat' dir='ltr'>a</span> <span class='ocrx_word' id='word_1_268' title='bbox 1138 2231 1362 2268; x_wconf 90' lang='lat' dir='ltr'>ministerio</span> <span class='ocrx_word' id='word_1_269' title='bbox 1395 2245 1525 2268; x_wconf 89' lang='lat' dir='ltr'>sacer-</span> 
     </span>
     <span class='ocr_line' id='line_1_35' title="bbox 203 2290 1524 2339; baseline -0.002 -11"><span class='ocrx_word' id='word_1_270' title='bbox 203 2292 348 2329; x_wconf 86' lang='lat' dir='ltr'>dotalis</span> <span class='ocrx_word' id='word_1_271' title='bbox 382 2291 518 2337; x_wconf 81' lang='lat' dir='ltr'>officii,</span> <span class='ocrx_word' id='word_1_272' title='bbox 554 2300 590 2327; x_wconf 90' lang='lat' dir='ltr'>et</span> <span class='ocrx_word' id='word_1_273' title='bbox 613 2290 769 2327; x_wconf 87' lang='lat' dir='ltr'>videtur</span> <span class='ocrx_word' id='word_1_274' title='bbox 802 2290 935 2339; x_wconf 88' lang='lat' dir='ltr'>primo</span> <span class='ocrx_word' id='word_1_275' title='bbox 969 2291 1078 2339; x_wconf 91' lang='lat' dir='ltr'>quod</span> <span class='ocrx_word' id='word_1_276' title='bbox 1103 2293 1208 2327; x_wconf 87' lang='lat' dir='ltr'>Deus</span> <span class='ocrx_word' id='word_1_277' title='bbox 1243 2303 1524 2339; x_wconf 85' lang='lat' dir='ltr'>quemcunque</span> 
     </span>
    </p>

    <p class='ocr_par' dir='ltr' id='par_1_4' title="bbox 146 2348 1524 2630">
     <span class='ocr_line' id='line_1_36' title="bbox 146 2348 1524 2399; baseline -0.001 -14"><span class='ocrx_word' id='word_1_278' title='bbox 146 2353 185 2385; x_wconf 72' lang='lat'>35</span> <span class='ocrx_word' id='word_1_279' title='bbox 202 2351 401 2399; x_wconf 85' lang='lat' dir='ltr'>prelatum</span> <span class='ocrx_word' id='word_1_280' title='bbox 425 2350 486 2386; x_wconf 86' lang='lat' dir='ltr'>vel</span> <span class='ocrx_word' id='word_1_281' title='bbox 517 2349 713 2386; x_wconf 85' lang='lat' dir='ltr'>viatorem</span> <span class='ocrx_word' id='word_1_282' title='bbox 747 2349 954 2397; x_wconf 88' lang='lat' dir='ltr'>suspendit</span> <span class='ocrx_word' id='word_1_283' title='bbox 987 2362 1009 2385; x_wconf 87' lang='lat' dir='ltr'>a</span> <span class='ocrx_word' id='word_1_284' title='bbox 1041 2362 1113 2385; x_wconf 89' lang='lat' dir='ltr'>suo</span> <span class='ocrx_word' id='word_1_285' title='bbox 1147 2349 1282 2385; x_wconf 84' lang='lat' dir='ltr'>officio</span> <span class='ocrx_word' id='word_1_286' title='bbox 1315 2350 1375 2385; x_wconf 82' lang='lat' dir='ltr'>vel</span> <span class='ocrx_word' id='word_1_287' title='bbox 1409 2348 1524 2384; x_wconf 88' lang='lat' dir='ltr'>mini-</span> 
     </span>
     <span class='ocr_line' id='line_1_37' title="bbox 203 2407 1523 2456; baseline -0.002 -11"><span class='ocrx_word' id='word_1_288' title='bbox 203 2408 339 2453; x_wconf 88' lang='lat' dir='ltr'>sterio,</span> <span class='ocrx_word' id='word_1_289' title='bbox 373 2409 535 2456; x_wconf 89' lang='lat' dir='ltr'>quando</span> <span class='ocrx_word' id='word_1_290' title='bbox 577 2407 718 2444; x_wconf 90' lang='lat' dir='ltr'>incidit</span> <span class='ocrx_word' id='word_1_291' title='bbox 756 2407 796 2443; x_wconf 87' lang='lat' dir='ltr'>in</span> <span class='ocrx_word' id='word_1_292' title='bbox 836 2408 1018 2443; x_wconf 87' lang='lat' dir='ltr'>mortale.</span> <span class='ocrx_word' id='word_1_293' title='bbox 1066 2409 1178 2443; x_wconf 87' lang='lat' dir='ltr'>Patet</span> <span class='ocrx_word' id='word_1_294' title='bbox 1217 2420 1261 2443; x_wconf 89' lang='lat' dir='ltr'>ex</span> <span class='ocrx_word' id='word_1_295' title='bbox 1300 2408 1375 2443; x_wconf 90' lang='lat' dir='ltr'>hoc</span> <span class='ocrx_word' id='word_1_296' title='bbox 1415 2408 1523 2455; x_wconf 87' lang='lat' dir='ltr'>quod</span> 
     </span>
     <span class='ocr_line' id='line_1_38' title="bbox 204 2464 1524 2515; baseline -0.002 -12"><span class='ocrx_word' id='word_1_297' title='bbox 204 2479 250 2503; x_wconf 91' lang='lat' dir='ltr'>eo</span> <span class='ocrx_word' id='word_1_298' title='bbox 296 2466 383 2515; x_wconf 88' lang='lat' dir='ltr'>ipso</span> <span class='ocrx_word' id='word_1_299' title='bbox 422 2479 502 2514; x_wconf 89' lang='lat' dir='ltr'>quo</span> <span class='ocrx_word' id='word_1_300' title='bbox 542 2465 630 2514; x_wconf 84' lang='lat' dir='ltr'>quis</span> <span class='ocrx_word' id='word_1_301' title='bbox 668 2465 847 2501; x_wconf 89' lang='lat' dir='ltr'>irretitur</span> <span class='ocrx_word' id='word_1_302' title='bbox 893 2464 1067 2511; x_wconf 81' lang='lat' dir='ltr'>mortali,</span> <span class='ocrx_word' id='word_1_303' title='bbox 1112 2475 1253 2513; x_wconf 89' lang='lat' dir='ltr'>peccat</span> <span class='ocrx_word' id='word_1_304' title='bbox 1299 2465 1524 2502; x_wconf 89' lang='lat' dir='ltr'>mortaliter</span> 
     </span>
     <span class='ocr_line' id='line_1_39' title="bbox 203 2523 1521 2573; baseline -0.002 -13"><span class='ocrx_word' id='word_1_305' title='bbox 203 2524 299 2573; x_wconf 90' lang='lat' dir='ltr'>quid</span> <span class='ocrx_word' id='word_1_306' title='bbox 337 2524 377 2560; x_wconf 88' lang='lat' dir='ltr'>in</span> <span class='ocrx_word' id='word_1_307' title='bbox 418 2525 493 2560; x_wconf 92' lang='lat' dir='ltr'>hoc</span> <span class='ocrx_word' id='word_1_308' title='bbox 532 2523 668 2560; x_wconf 90' lang='lat' dir='ltr'>fecerit</span> <span class='ocrx_word' id='word_1_309' title='bbox 709 2525 767 2570; x_wconf 76' lang='lat' dir='ltr'>(ut</span> <span class='ocrx_word' id='word_1_310' title='bbox 806 2523 869 2560; x_wconf 90' lang='lat' dir='ltr'>hic</span> <span class='ocrx_word' id='word_1_311' title='bbox 902 2523 1144 2572; x_wconf 89' lang='lat' dir='ltr'>supponitur</span> <span class='ocrx_word' id='word_1_312' title='bbox 1177 2536 1221 2560; x_wconf 80' lang='lat' dir='ltr'>ex</span> <span class='ocrx_word' id='word_1_313' title='bbox 1253 2523 1394 2560; x_wconf 85' lang='lat' dir='ltr'>diffuse</span> <span class='ocrx_word' id='word_1_314' title='bbox 1427 2523 1521 2560; x_wconf 88' lang='lat' dir='ltr'>alibi</span> 
     </span>
     <span class='ocr_line' id='line_1_40' title="bbox 204 2582 1524 2630; baseline -0.002 -11"><span class='ocrx_word' id='word_1_315' title='bbox 204 2582 444 2628; x_wconf 84' lang='lat' dir='ltr'>declaratis).</span> <span class='ocrx_word' id='word_1_316' title='bbox 506 2583 584 2619; x_wconf 89' lang='lat' dir='ltr'>Sed</span> <span class='ocrx_word' id='word_1_317' title='bbox 637 2595 727 2618; x_wconf 90' lang='lat' dir='ltr'>cum</span> <span class='ocrx_word' id='word_1_318' title='bbox 773 2584 877 2618; x_wconf 89' lang='lat' dir='ltr'>Deus</span> <span class='ocrx_word' id='word_1_319' title='bbox 930 2594 1010 2618; x_wconf 91' lang='lat' dir='ltr'>non</span> <span class='ocrx_word' id='word_1_320' title='bbox 1063 2583 1264 2630; x_wconf 89' lang='lat' dir='ltr'>approbat</span> <span class='ocrx_word' id='word_1_321' title='bbox 1307 2583 1372 2618; x_wconf 87' lang='lat' dir='ltr'>sed</span> <span class='ocrx_word' id='word_1_322' title='bbox 1417 2590 1524 2618; x_wconf 79' lang='lat' dir='ltr'>vetat</span> 
     </span>
    </p>
   </div>
   <div class='ocr_carea' id='block_1_3' title="bbox 205 2762 1521 2904">
    <p class='ocr_par' dir='ltr' id='par_1_5' title="bbox 205 2762 1521 2904">
     <span class='ocr_line' id='line_1_41' title="bbox 274 2762 1521 2800; baseline -0.001 -10"><span class='ocrx_word' id='word_1_323' title='bbox 274 2771 298 2790; x_wconf 80' lang='lat'>2.</span> <span class='ocrx_word' id='word_1_324' title='bbox 320 2764 363 2791; x_wconf 75' lang='lat' dir='ltr'>A:</span> <span class='ocrx_word' id='word_1_325' title='bbox 386 2772 493 2799; x_wconf 77' lang='lat' dir='ltr'>grave;</span> <span class='ocrx_word' id='word_1_326' title='bbox 521 2764 560 2790; x_wconf 92' lang='lat' dir='ltr'>ib.</span> <span class='ocrx_word' id='word_1_327' title='bbox 583 2764 626 2791; x_wconf 77' lang='lat' dir='ltr'>A:</span> <span class='ocrx_word' id='word_1_328' title='bbox 648 2763 728 2795; x_wconf 78' lang='lat' dir='ltr'>Elie;</span> <span class='ocrx_word' id='word_1_329' title='bbox 756 2764 796 2791; x_wconf 86' lang='lat' dir='ltr'>ib.</span> <span class='ocrx_word' id='word_1_330' title='bbox 818 2764 927 2792; x_wconf 70' lang='lat' dir='ltr'>codd:</span> <span class='ocrx_word' id='word_1_331' title='bbox 950 2765 1115 2800; x_wconf 75' lang='lat' dir='ltr'>suspencio</span> <span class='ocrx_word' id='word_1_332' title='bbox 1137 2766 1177 2797; x_wconf 81' lang='lat' dir='ltr'>(et</span> <span class='ocrx_word' id='word_1_333' title='bbox 1199 2764 1337 2799; x_wconf 66' lang='lat' dir='ltr'>passim).</span> <span class='ocrx_word' id='word_1_334' title='bbox 1420 2771 1460 2790; x_wconf 76' lang='lat' dir='ltr'>xo.</span> <span class='ocrx_word' id='word_1_335' title='bbox 1484 2762 1521 2789; x_wconf 68' lang='lat'>1³:</span> 
     </span>
     <span class='ocr_line' id='line_1_42' title="bbox 205 2798 1521 2834; baseline -0.002 -8"><span class='ocrx_word' id='word_1_336' title='bbox 205 2799 331 2834; x_wconf 82' lang='lat' dir='ltr'>aliquid.</span> <span class='ocrx_word' id='word_1_337' title='bbox 395 2807 436 2832; x_wconf 68' lang='lat'>14.</span> <span class='ocrx_word' id='word_1_338' title='bbox 458 2799 497 2825; x_wconf 85' lang='lat' dir='ltr'>F:</span> <span class='ocrx_word' id='word_1_339' title='bbox 520 2803 547 2825; x_wconf 80' lang='lat' dir='ltr'>et</span> <span class='ocrx_word' id='word_1_340' title='bbox 567 2798 669 2830; x_wconf 71' lang='lat' dir='ltr'>deest:</span> <span class='ocrx_word' id='word_1_341' title='bbox 691 2799 730 2825; x_wconf 91' lang='lat' dir='ltr'>ib.</span> <span class='ocrx_word' id='word_1_342' title='bbox 754 2800 798 2826; x_wconf 80' lang='lat' dir='ltr'>A:</span> <span class='ocrx_word' id='word_1_343' title='bbox 822 2808 876 2826; x_wconf 80' lang='lat' dir='ltr'>nec</span> <span class='ocrx_word' id='word_1_344' title='bbox 896 2800 963 2826; x_wconf 72' lang='lat' dir='ltr'>alia.</span> <span class='ocrx_word' id='word_1_345' title='bbox 1032 2800 1071 2826; x_wconf 71' lang='grc'>10.</span> <span class='ocrx_word' id='word_1_346' title='bbox 1094 2799 1133 2826; x_wconf 77' lang='lat' dir='ltr'>F:</span> <span class='ocrx_word' id='word_1_347' title='bbox 1157 2799 1253 2826; x_wconf 77' lang='lat' dir='ltr'>nostri</span> <span class='ocrx_word' id='word_1_348' title='bbox 1275 2799 1368 2825; x_wconf 66' lang='lat' dir='ltr'>deest.</span> <span class='ocrx_word' id='word_1_349' title='bbox 1434 2807 1465 2825; x_wconf 83' lang='lat'>11.</span> <span class='ocrx_word' id='word_1_350' title='bbox 1484 2798 1521 2824; x_wconf 71' lang='lat' dir='ltr'>F:</span> 
     </span>
     <span class='ocr_line' id='line_1_43' title="bbox 205 2832 1521 2867; baseline -0.002 -7"><span class='ocrx_word' id='word_1_351' title='bbox 205 2839 283 2860; x_wconf 72' lang='lat' dir='ltr'>errat</span> <span class='ocrx_word' id='word_1_352' title='bbox 305 2834 397 2860; x_wconf 72' lang='lat' dir='ltr'>enini.</span> <span class='ocrx_word' id='word_1_353' title='bbox 461 2842 503 2860; x_wconf 64' lang='grc' dir='ltr'>ἐρ.</span> <span class='ocrx_word' id='word_1_354' title='bbox 526 2833 565 2860; x_wconf 78' lang='lat' dir='ltr'>F:</span> <span class='ocrx_word' id='word_1_355' title='bbox 588 2834 873 2867; x_wconf 68' lang='lat' dir='ltr'>suspencacionem.</span> <span class='ocrx_word' id='word_1_356' title='bbox 940 2833 986 2861; x_wconf 85' lang='lat'>30.</span> <span class='ocrx_word' id='word_1_357' title='bbox 1008 2835 1052 2861; x_wconf 64' lang='lat' dir='ltr'>A:</span> <span class='ocrx_word' id='word_1_358' title='bbox 1074 2839 1174 2860; x_wconf 76' lang='lat' dir='ltr'>tamen</span> <span class='ocrx_word' id='word_1_359' title='bbox 1198 2834 1255 2860; x_wconf 88' lang='lat' dir='ltr'>hoc</span> <span class='ocrx_word' id='word_1_360' title='bbox 1275 2834 1356 2860; x_wconf 74' lang='lat' dir='ltr'>facit.</span> <span class='ocrx_word' id='word_1_361' title='bbox 1420 2832 1460 2859; x_wconf 62' lang='lat'>1³5.</span> <span class='ocrx_word' id='word_1_362' title='bbox 1478 2834 1521 2859; x_wconf 71' lang='lat' dir='ltr'>A:</span> 
     </span>
     <span class='ocr_line' id='line_1_44' title="bbox 206 2867 1521 2904; baseline -0.002 -9"><span class='ocrx_word' id='word_1_363' title='bbox 206 2869 365 2895; x_wconf 70' lang='lat' dir='ltr'>maiorem.</span> <span class='ocrx_word' id='word_1_364' title='bbox 457 2867 502 2896; x_wconf 68' lang='lat'>313,</span> <span class='ocrx_word' id='word_1_365' title='bbox 525 2867 567 2902; x_wconf 66' lang='lat'>137.</span> <span class='ocrx_word' id='word_1_366' title='bbox 589 2869 633 2894; x_wconf 81' lang='lat' dir='ltr'>A:</span> <span class='ocrx_word' id='word_1_367' title='bbox 656 2867 699 2894; x_wconf 76' lang='lat' dir='ltr'>Ex</span> <span class='ocrx_word' id='word_1_368' title='bbox 721 2868 778 2895; x_wconf 80' lang='lat' dir='ltr'>hoc</span> <span class='ocrx_word' id='word_1_369' title='bbox 798 2878 832 2895; x_wconf 73' lang='lat' dir='ltr'>ex</span> <span class='ocrx_word' id='word_1_370' title='bbox 854 2878 889 2896; x_wconf 77' lang='lat' dir='ltr'>eo</span> <span class='ocrx_word' id='word_1_371' title='bbox 911 2869 989 2903; x_wconf 71' lang='lat' dir='ltr'>ipso.</span> <span class='ocrx_word' id='word_1_372' title='bbox 1089 2868 1130 2901; x_wconf 69' lang='lat'>37.</span> <span class='ocrx_word' id='word_1_373' title='bbox 1153 2869 1192 2895; x_wconf 67' lang='lat'>1⁵:</span> <span class='ocrx_word' id='word_1_374' title='bbox 1215 2869 1284 2904; x_wconf 79' lang='lat' dir='ltr'>qui:</span> <span class='ocrx_word' id='word_1_375' title='bbox 1313 2868 1352 2895; x_wconf 86' lang='lat' dir='ltr'>ib.</span> <span class='ocrx_word' id='word_1_376' title='bbox 1375 2869 1418 2894; x_wconf 90' lang='lat' dir='ltr'>A:</span> <span class='ocrx_word' id='word_1_377' title='bbox 1441 2867 1521 2901; x_wconf 77' lang='lat' dir='ltr'>quir.</span> 
     </span>
    </p>
   </div>
   <div class='ocr_carea' id='block_1_4' title="bbox 206 2902 920 2937">
    <p class='ocr_par' dir='ltr' id='par_1_6' title="bbox 206 2902 920 2937">
     <span class='ocr_line' id='line_1_45' title="bbox 206 2902 920 2937; baseline 0.001 -8"><span class='ocrx_word' id='word_1_378' title='bbox 206 2902 250 2935; x_wconf 63' lang='lat'>3⁸,</span> <span class='ocrx_word' id='word_1_379' title='bbox 271 2902 317 2937; x_wconf 64' lang='lat'>39.</span> <span class='ocrx_word' id='word_1_380' title='bbox 339 2904 383 2930; x_wconf 72' lang='lat' dir='ltr'>A:</span> <span class='ocrx_word' id='word_1_381' title='bbox 405 2911 440 2929; x_wconf 75' lang='lat' dir='ltr'>cx</span> <span class='ocrx_word' id='word_1_382' title='bbox 461 2903 626 2929; x_wconf 67' lang='lat' dir='ltr'>diffusione</span> <span class='ocrx_word' id='word_1_383' title='bbox 646 2903 716 2929; x_wconf 80' lang='lat' dir='ltr'>alibi</span> <span class='ocrx_word' id='word_1_384' title='bbox 738 2903 920 2930; x_wconf 74' lang='lat' dir='ltr'>declaratur.</span> 
     </span>
    </p>
   </div>
   <div class='ocr_carea' id='block_1_5' title="bbox 1551 956 1793 1052">
    <p class='ocr_par' dir='ltr' id='par_1_7' title="bbox 1551 956 1793 1052">
     <span class='ocr_line' id='line_1_46' title="bbox 1551 956 1793 983; baseline 0.004 -1"><span class='ocrx_word' id='word_1_385' title='bbox 1551 964 1583 982; x_wconf 71' lang='lat' dir='ltr'>as</span> <span class='ocrx_word' id='word_1_386' title='bbox 1606 956 1648 983; x_wconf 72' lang='lat' dir='ltr'>lle</span> <span class='ocrx_word' id='word_1_387' title='bbox 1670 957 1743 982; x_wconf 75' lang='lat' dir='ltr'>does</span> <span class='ocrx_word' id='word_1_388' title='bbox 1766 957 1793 983; x_wconf 85' lang='grc'>111</span> 
     </span>
     <span class='ocr_line' id='line_1_47' title="bbox 1558 992 1793 1026; baseline 0.004 -10"><span class='ocrx_word' id='word_1_389' title='bbox 1558 992 1725 1026; x_wconf 51' lang='lat' dir='ltr'>pumshing</span> <span class='ocrx_word' id='word_1_390' title='bbox 1747 996 1793 1017; x_wconf 82' lang='grc'>101·</span> 
     </span>
     <span class='ocr_line' id='line_1_48' title="bbox 1645 1035 1702 1052; baseline 0 0"><span class='ocrx_word' id='word_1_391' title='bbox 1645 1035 1702 1052; x_wconf 51' lang='lat' dir='ltr'>*HL</span> 
     </span>
    </p>
   </div>
   <div class='ocr_carea' id='block_1_6' title="bbox 1549 1890 1808 1987">
    <p class='ocr_par' dir='ltr' id='par_1_8' title="bbox 1549 1890 1808 1987">
     <span class='ocr_line' id='line_1_49' title="bbox 1581 1890 1772 1925; baseline -0.005 -7"><span class='ocrx_word' id='word_1_392' title='bbox 1581 1890 1772 1925; x_wconf 62' lang='lat' dir='ltr'>suspensior]</span> 
     </span>
     <span class='ocr_line' id='line_1_50' title="bbox 1549 1925 1808 1963; baseline 0 -12"><span class='ocrx_word' id='word_1_393' title='bbox 1549 1926 1585 1952; x_wconf 76' lang='lat' dir='ltr'>de</span> <span class='ocrx_word' id='word_1_394' title='bbox 1607 1925 1669 1963; x_wconf 68' lang='lat' dir='ltr'>iure</span> <span class='ocrx_word' id='word_1_395' title='bbox 1690 1925 1748 1952; x_wconf 73' lang='lat' dir='ltr'>and</span> <span class='ocrx_word' id='word_1_396' title='bbox 1772 1925 1808 1951; x_wconf 82' lang='lat' dir='ltr'>de</span> 
     </span>
     <span class='ocr_line' id='line_1_51' title="bbox 1633 1963 1725 1987; baseline -0.011 0"><span class='ocrx_word' id='word_1_397' title='bbox 1633 1963 1725 1987; x_wconf 66' lang='lat' dir='ltr'>tacto.</span> 
     </span>
    </p>
   </div>
   <div class='ocr_carea' id='block_1_7' title="bbox 1541 2181 1813 2314">
    <p class='ocr_par' dir='ltr' id='par_1_9' title="bbox 1541 2181 1813 2314">
     <span class='ocr_line' id='line_1_52' title="bbox 1559 2181 1805 2218; baseline 0 -10"><span class='ocrx_word' id='word_1_398' title='bbox 1559 2181 1627 2209; x_wconf 77' lang='lat' dir='ltr'>God</span> <span class='ocrx_word' id='word_1_399' title='bbox 1650 2182 1805 2218; x_wconf 73' lang='lat' dir='ltr'>suspen-:is</span> 
     </span>
     <span class='ocr_line' id='line_1_53' title="bbox 1541 2218 1813 2250; baseline -0.004 -6"><span class='ocrx_word' id='word_1_400' title='bbox 1541 2226 1556 2244; x_wconf 86' lang='lat' dir='ltr'>a</span> <span class='ocrx_word' id='word_1_401' title='bbox 1585 2218 1702 2250; x_wconf 47' lang='lat' dir='ltr'>irc-late,</span> <span class='ocrx_word' id='word_1_402' title='bbox 1726 2218 1813 2243; x_wconf 83' lang='lat' dir='ltr'>when</span> 
     </span>
     <span class='ocr_line' id='line_1_54' title="bbox 1576 2226 1785 2279; baseline -0.014 0"><span class='ocrx_word' id='word_1_403' title='bbox 1576 2226 1611 2279; x_wconf 64' lang='lat' dir='ltr'>iic</span> <span class='ocrx_word' id='word_1_404' title='bbox 1633 2252 1700 2279; x_wconf 75' lang='lat' dir='ltr'>falls</span> <span class='ocrx_word' id='word_1_405' title='bbox 1722 2253 1785 2279; x_wconf 82' lang='lat' dir='ltr'>into</span> 
     </span>
     <span class='ocr_line' id='line_1_55' title="bbox 1582 2287 1771 2314; baseline -0.005 -1"><span class='ocrx_word' id='word_1_406' title='bbox 1582 2288 1690 2314; x_wconf 72' lang='lat' dir='ltr'>morial</span> <span class='ocrx_word' id='word_1_407' title='bbox 1714 2287 1771 2313; x_wconf 53' lang='lat' dir='ltr'>sin.</span> 
     </span>
    </p>
   </div>
  </div>
 </body>
</html>
