1944 3323
157 251 294 281 sERMo
315 240 413 299 rvr]
649 251 824 283 TERTIA
851 250 979 283 PARS.

158 363 374 412 consertam
419 368 454 398 et
497 359 733 410 coagitatam
780 366 814 395 et
863 357 1203 408 supereffluentem
1255 357 1399 393 dabunt
1443 358 1478 393 in

157 423 280 458 sinum
311 428 494 457 vestrum.
530 417 744 454 Beatitudo
768 429 861 454 vero
896 415 1124 453 essencialis
1158 415 1328 464 replebit
1350 424 1477 452 totam

160 479 427 529 capacitatem
458 476 634 514 hominis
665 475 739 512 sibi
770 476 1170 523 correspondentem,
1201 483 1238 511 et
1260 474 1315 510 sic
1339 475 1479 511 beatus

160 548 251 588 post
295 539 400 574 hunc
445 536 565 572 finem
609 534 787 583 undique
835 543 892 570 est
937 533 1125 582 repletus,
1180 534 1249 569 sed
1300 532 1478 569 medium

127 596 431 634 5necessarium
466 595 516 631 ad
538 603 754 641 utramque
787 591 1058 641 replecionem
1092 591 1133 628 in
1166 591 1328 628 racione
1362 603 1479 628 cause

70 692 93 723 F
125 692 131 721 1
162 654 398 704 multiplicis
437 661 495 690 est
535 651 723 688 dominus
755 653 868 688 Jesus
902 650 1097 696 Christus,
1144 659 1187 687 ut
1220 652 1325 686 Deus
1364 651 1481 698 plene

66 702 146 779 3580}
162 724 199 752 et
232 714 316 751 sine
349 713 426 749 fine
459 712 646 748 laudetur
679 709 807 746 active
840 722 862 746 a
895 709 951 745 sic
976 709 1199 746 fruentibus
1228 704 1232 762 Ι
1263 717 1299 745 et
1331 708 1481 756 glorifi-

163 782 274 810 cetur
299 784 342 809 ex
371 770 554 808 claritate
583 781 651 806 sue
674 768 838 814 fabrice,
874 780 964 804 cum
999 767 1127 816 gloria
1150 767 1222 804 Dei
1256 766 1482 804 ostenditur

162 831 312 868 iudicio
344 828 533 867 naturali.
580 830 684 864 Laus
724 827 830 863 enim
865 825 1012 862 dicitur
1043 825 1259 862 laudancia
1298 824 1480 870 actualis,

110 901 148 923 10
164 891 232 927 sed
255 889 384 938 gloria
408 887 555 924 dicitur
579 885 773 923 claritatis
797 883 1024 921 excellentis
1048 884 1248 921 indicacio
1272 883 1480 920 naturalis.

163 952 244 985 Nec
264 947 556 985 mussitandum
576 953 634 981 est
653 945 761 992 quod
779 943 819 979 in
838 945 922 979 Deo
942 943 1018 979 ista
1035 951 1224 991 poterunt
1244 943 1292 979 ab
1310 941 1481 978 invicem

163 1006 356 1055 separari.
391 1007 440 1041 Et
472 1012 584 1053 patet
617 1001 822 1039 sentencia
851 1001 1054 1050 sequentis
1078 1010 1206 1038 textus
1228 1000 1413 1049 Apostoli
1437 1012 1483 1037 ac

164 1066 247 1102 eius
286 1063 504 1102 conneccio
544 1063 594 1098 ad
632 1060 782 1110 priora,
824 1061 918 1096 dum
959 1059 1123 1096 dicitur:
1164 1060 1317 1109 Repleti
1341 1060 1483 1109 fructu

164 1124 310 1161 iusticie
342 1135 416 1172 per
452 1122 582 1158 Jesunz
622 1119 818 1156 Christum
864 1119 899 1154 in
939 1119 1091 1154 laudem
1126 1126 1161 1154 et
1191 1118 1363 1168 gloriam
1397 1117 1482 1153 Dei.

113 1188 148 1220 15
224 1182 440 1219 Dubitatur
477 1179 541 1215 hic
580 1187 716 1214 utrum
758 1177 876 1213 liceat
908 1176 1052 1213 viatori
1085 1177 1214 1213 zelare
1247 1189 1321 1224 pro
1354 1189 1484 1212 resus-

167 1241 364 1279 citacione
397 1236 672 1275 ordinacionis
706 1235 856 1272 Christi
889 1235 929 1271 in
962 1247 1033 1271 sua
1067 1234 1235 1272 ecclesia
1270 1234 1482 1271 militante.

165 1303 248 1337 Nec
283 1297 449 1335 dubium
485 1295 582 1346 quin
615 1294 671 1331 sic
705 1307 748 1331 ex
780 1294 856 1330 ista
891 1294 968 1330 fide
1000 1302 1128 1330 textus
1151 1293 1356 1342 Apostoli;
1389 1306 1483 1330 nam

166 1358 298 1407 primo
334 1355 480 1393 dicitur
513 1355 621 1404 quod
653 1353 801 1389 iustum
839 1360 896 1389 est
926 1352 1168 1400 Apostolum
1203 1360 1240 1388 et
1273 1364 1345 1400 per
1377 1351 1483 1388 idem

168 1416 388 1466 quemlibet
428 1414 588 1450 fidelem
622 1413 699 1448 hoc
731 1410 880 1448 sentire
913 1423 986 1459 pro
1020 1410 1209 1447 omnibus
1244 1409 1484 1453 christianis,

111 1492 152 1513 20
168 1485 210 1512 ut
245 1473 442 1511 direccius
475 1472 680 1520 sequendo
715 1469 918 1507 Christum
961 1468 1109 1517 eligant
1142 1468 1321 1517 pociora.
1369 1467 1486 1505 Simi-

170 1534 259 1570 liter
291 1531 510 1581 Apostolus
544 1538 581 1566 et
614 1528 782 1577 quilibet
817 1527 944 1564 fidelis
978 1529 1095 1564 debet
1132 1529 1182 1564 ad
1223 1540 1383 1564 sensum
1425 1539 1487 1563 ex-

170 1592 347 1641 positum
397 1601 543 1638 cupere
591 1599 730 1624 omnes
779 1586 983 1635 proximos
1037 1586 1076 1622 in
1129 1585 1348 1623 visceribus
1394 1587 1485 1622 Jesu

169 1649 331 1695 Christi,
373 1649 442 1685 sed
475 1647 583 1683 iuxta
614 1659 697 1682 non
731 1645 841 1693 cupit
874 1657 941 1681 eos
974 1644 1014 1680 in
1046 1644 1124 1681 illis
1156 1644 1377 1681 visceribus
1410 1643 1486 1680 nisi

169 1709 396 1747 affectando
416 1707 524 1755 quod
545 1707 592 1742 de
612 1704 689 1741 illis
709 1703 781 1740 Dei
801 1702 1011 1740 ordinacio
1036 1703 1267 1751 impleatur,
1293 1715 1387 1751 ergo
1412 1710 1486 1739 etc.

113 1773 152 1805 25
170 1767 364 1805 Similiter
386 1764 605 1813 Apostolus
631 1764 748 1800 debet
771 1762 874 1798 sicut
898 1761 1067 1810 quilibet
1091 1761 1333 1798 christianus
1356 1773 1486 1805 orare⁷

170 1836 212 1863 ut
247 1823 395 1862 Christi
429 1822 598 1860 ecclesia
633 1830 669 1858 et
703 1821 832 1858 clerus
865 1820 1094 1868 specialiter
1128 1828 1282 1857 crescat
1314 1819 1355 1855 in
1387 1818 1487 1856 cari-

170 1894 264 1930 tate,
298 1884 442 1932 probet
475 1881 643 1930 pociora
677 1888 714 1916 et
739 1879 914 1916 finaliter
936 1878 985 1915 sit
1010 1880 1184 1915 mundus
1206 1878 1247 1915 in
1270 1886 1488 1925 conspectu

171 1943 243 1980 Dei
278 1951 314 1979 et
347 1941 431 1978 sine
464 1940 614 1977 offensa
648 1937 833 1987 proximi.
868 1938 946 1973 Sed
979 1950 1069 1974 cum
1105 1939 1155 1974 ad
1188 1938 1264 1974 hoc
1286 1936 1488 1985 principa-

171 2002 262 2038 liter
307 1999 476 2048 exigitur
521 1998 561 2034 in
607 1997 670 2035 via
716 1995 978 2033 observancia
1021 1995 1117 2044 legis
1163 1995 1324 2041 Christi,
1379 2003 1488 2043 patet

115 2064 156 2097 30
170 2060 318 2097 veritas
343 2057 454 2095 dubii
477 2056 690 2105 propositi,
724 2056 831 2092 unde
860 2054 935 2090 nisi
967 2063 1134 2102 propter
1157 2053 1487 2091 commixtionem

172 2117 397 2156 infidelium
431 2116 507 2152 hoc
539 2128 621 2152 non
654 2115 756 2151 foret
797 2113 977 2159 dubium,
1020 2114 1088 2149 sed
1128 2122 1171 2149 ut
1210 2112 1308 2149 fides
1349 2125 1371 2148 a
1410 2111 1488 2148 sin-

172 2176 273 2225 gulis
307 2175 616 2223 acceptandum.
650 2174 711 2210 Ad
744 2171 978 2220 oppositum
1003 2180 1139 2208 tamen
1161 2170 1274 2207 istius
1299 2170 1408 2206 dubii
1434 2169 1489 2206 sic

174 2234 374 2283 arguitur:
421 2235 561 2270 Stante
605 2232 774 2268 veritate
820 2229 1000 2279 predicte
1040 2229 1244 2266 sentencie
1283 2237 1488 2277 oporteret

174 2294 283 2342 quod
315 2301 422 2329 totus
457 2292 586 2328 clerus
621 2292 783 2327 dotatus
824 2288 1081 2325 dotacionem
1121 2288 1232 2324 illam
1274 2288 1487 2331 desereret,

118 2355 156 2388 35
174 2364 314 2389 omnes
360 2350 516 2387 novelle
564 2348 781 2397 religiones
828 2346 1151 2384 mendicancium
1198 2346 1364 2382 desertis
1409 2344 1490 2381 suis

174 2408 466 2446 tradicionibus
499 2409 550 2444 ad
583 2407 817 2455 religionem
853 2418 997 2454 puram
1022 2404 1171 2442 Christi
1195 2413 1231 2441 et
1256 2403 1338 2440 eius
1361 2404 1488 2451 legem

176 2469 442 2512 attenderent,
487 2479 624 2514 ymmo
665 2466 773 2514 quod
813 2473 943 2501 totum
984 2463 1194 2500 brachium
1236 2462 1415 2498 seculare
1455 2470 1491 2498 et

176 2539 316 2563 omnes
364 2537 534 2574 persone
584 2523 751 2560 ecclesie
800 2521 1078 2571 complecione
1126 2520 1330 2557 sentencie
1378 2519 1491 2556 istius

176 2584 417 2621 insisterent.
465 2584 542 2620 Sed
584 2582 679 2631 quid
718 2582 807 2630 plus
847 2581 1102 2629 perturbaret
1136 2579 1360 2623 ecclesiam,
1395 2577 1491 2626 quid

246 2732 270 2752 2.
292 2725 326 2752 In
348 2732 463 2759 marg:
485 2723 646 2751 Beatitudo
668 2723 781 2759 duplex
842 2704 1039 2767 Ξὲἓῗέἕὲῗέιῗὲ

178 2778 215 2806 15.
238 2777 271 2805 In
293 2785 405 2812 marg:
436 2777 582 2804 Dubium.
665 2775 704 2803 18.
726 2775 759 2802 In
782 2783 896 2808 marg:
926 2783 945 2801 1.
1025 2760 1071 2800 zo.
1092 2772 1124 2799 In
1148 2779 1262 2806 marg:
1291 2778 1315 2798 2.
1396 2770 1437 2797 25.
1458 2770 1491 2797 ln

178 2821 293 2848 marg:
319 2811 343 2840 3.
418 2812 462 2839 28.
485 2811 579 2839 Cod.:
609 2810 666 2837 hoc
688 2811 782 2838 deest.
857 2809 899 2837 32.
921 2809 954 2836 In
977 2816 1091 2843 marg:
1119 2807 1168 2835 Ad
1190 2806 1380 2842 oppositum.

252 2896 302 2929 13.
329 2895 419 2928 phil.
446 2895 469 2936 1,
494 2905 543 2927 11.

1684 241 1765 289 487

1543 826 1728 854 Distinction

1507 862 1642 889 between
1665 861 1766 896 praise

1550 896 1608 924 and
1629 897 1726 933 glory.

1540 1176 1600 1205 We
1622 1176 1732 1203 should

1552 1211 1652 1238 desire
1673 1211 1723 1238 the

1558 1246 1670 1274 revival
1693 1246 1728 1274 of

1569 1281 1704 1309 Christ's

1541 1316 1737 1344 ordinances.

1521 2236 1614 2264 Some
1636 2244 1688 2270 say
1708 2234 1768 2262 this

1523 2270 1625 2298 would
1648 2270 1768 2297 trouble

1540 2306 1590 2333 the
1611 2305 1748 2333 Churcli.
