1944 3323
87 269 159 302 106

137 515 161 534 2.
183 508 240 534 and
264 512 313 546 lo·

115 546 258 577 paymcnt
279 545 308 569 ol

165 577 262 604 debls.

138 810 284 837 Ausucr:

96 845 208 872 double
230 855 281 873 nse
302 846 336 873 of

164 880 261 907 ‘nisi'z

83 915 263 942 affirmative
285 915 342 942 and

139 950 287 985 negative&

103 1553 169 1580 The
190 1554 320 1589 Apostlt:

119 1597 224 1615 means
246 1589 308 1615 that

77 1624 143 1650 love
162 1623 188 1650 is
207 1623 255 1650 the
271 1623 353 1651 cliiet*

172 1658 253 1686 debu

130 1903 208 1930 This
230 1902 255 1929 is
276 1911 291 1928 a

125 1937 298 1972 constantly

95 1972 235 2007 growing
256 1972 327 1999 debt

124 2007 224 2034 which
246 2015 302 2033 can

139 2050 229 2069 never
251 2042 285 2068 be

131 2077 295 2112 ucqtlittcd.

660 276 882 307 JOllANNlb'
903 276 1361 308 WYci.11‹·sEszloNtJM
1414 263 1567 320 [SERMO
1589 273 1671 301 XIV-

366 395 533 429 sequens
566 394 684 418 nemo
718 390 847 429 potest
881 382 928 418 de
962 381 1096 418 debito
1130 382 1330 429 corporali
1364 383 1525 419 fratrem
1556 395 1670 418 suum

366 439 570 487 impetere.

424 500 470 533 Et
505 505 644 533 contra
677 497 781 532 idem
816 496 967 533 instant
996 497 1175 545 sophiste
1200 497 1495 545 multipliciter:
1530 500 1670 536 Nemo.

367 555 564 603 inquiunt,
605 556 721 590 debet
760 555 976 603 quicquam
1010 556 1162 592 solvere
1196 555 1306 591 fratri
1341 568 1412 591 suo
1444 555 1519 592 nisi
1554 555 1672 591 dilec-

365 613 521 649 cionem
556 614 672 649 debet
704 613 869 658 solvere,
905 622 941 649 et
964 625 1034 660 per
1057 625 1302 662 consequens
1325 613 1446 650 nichil
1469 622 1670 650 terrenum
1689 618 1705 649 5

367 684 455 707 cum
496 684 575 719 quo
615 670 694 707 vita
735 670 1063 707 conversancium
1109 671 1327 712 nutrietur:
1372 684 1492 708 nemo
1537 680 1669 708 autem

366 741 409 765 ex
442 730 548 764 nuda
582 728 802 765 dileccione
837 738 970 776 posset
1002 728 1143 765 vivere.

424 788 500 823 Sed
540 799 612 834 pro
653 786 728 823 ista
766 786 928 834 argucia
968 786 1127 823 infamis
1167 787 1311 824 binarii
1350 796 1406 824 est
1445 787 1668 823 notandum

365 846 472 893 quod
505 845 578 880 nisi
608 854 664 880 est
698 843 933 892 equivocum
968 846 1017 881 ad
1052 846 1122 881 hec
1155 846 1247 881 duo.
1283 846 1534 893 Quandoque
1564 843 1667 880 enim

366 902 470 938 enim
511 902 682 938 sumitur
722 902 922 950 exceptive
962 912 1002 938 ut
1042 912 1236 939 noverunt
1276 903 1391 950 logici
1433 911 1729 951 exponentesio

365 960 497 1008 ipsum
531 960 756 1008 dupliciter,
790 960 940 997 scilicet
974 973 1043 1008 per
1066 960 1347 997 affirmativam
1373 970 1409 997 et
1432 960 1669 1008 negativam.

365 1018 615 1055 Affirmativa
648 1028 781 1054 autem
816 1027 873 1055 est
906 1018 1035 1066 prima
1070 1031 1269 1067 exponens
1303 1028 1339 1055 et
1372 1018 1578 1067 preiacens
1611 1030 1671 1054 ex-

366 1076 531 1124 ceptive,
579 1078 740 1125 quando
785 1085 916 1113 autem
964 1076 1136 1112 sumitur
1187 1076 1369 1124 negative
1421 1075 1670 1124 simpliciter,

365 1144 459 1170 tunc
497 1135 601 1170 valet
633 1134 718 1170 istis
752 1136 907 1170 duobus
940 1135 987 1170 ‘si
1017 1135 1116 1181 non’,
1156 1144 1197 1171 ut
1237 1136 1397 1182 quando
1438 1134 1533 1171 dicit
1565 1135 1671 1181 Apo-

365 1192 488 1228 stolus
523 1194 566 1228 ΙΙ.
602 1193 680 1229 Cor
686 1222 825 1229 .....
861 1193 983 1228 ᾹΙίεΙιῐ
1017 1201 1141 1228 autem
1182 1193 1278 1228 absit
1314 1192 1487 1242 gloriari
1524 1192 1596 1227 nisi
1635 1191 1670 1226 ιίι
1692 1194 1727 1225 15

365 1263 490 1295 cruce,
533 1263 622 1286 cum
663 1250 838 1287 intencio
879 1263 949 1286 sua
988 1250 1037 1286 sit
1076 1252 1182 1298 quod
1216 1251 1253 1286 in
1289 1250 1448 1286 Christo
1482 1249 1670 1286 crucifixo

366 1307 643 1357 principaliter
674 1308 878 1356 glorietur.
920 1309 995 1344 Sed
1031 1308 1198 1344 intendit
1233 1310 1338 1356 quod
1373 1308 1412 1344 in
1445 1308 1555 1344 nullo
1588 1307 1670 1354 glo-

366 1366 489 1402 rietur
528 1366 559 1402 si
599 1379 679 1402 non
720 1366 759 1402 in
799 1379 916 1403 cruce
955 1375 991 1402 et
1029 1367 1068 1402 in
1108 1366 1294 1414 passione
1334 1379 1453 1415 quam
1488 1364 1669 1402 Christus

365 1423 404 1459 in
438 1436 554 1460 cruce
587 1424 762 1472 pertulit,
798 1434 834 1460 et
867 1437 937 1472 per
960 1424 1264 1460 distinccionem
1291 1433 1327 1460 et
1351 1421 1671 1472 equivocacionis

365 1481 637 1518 deteccionem
663 1482 858 1518 tolluntur
881 1482 1041 1529 argucie
1064 1482 1349 1530 sophistarum.
1374 1481 1546 1518 Intendit
1566 1480 1670 1517 enim
1689 1494 1729 1516 20

366 1540 583 1587 Apostolus
618 1541 723 1588 quod
758 1552 830 1576 nec
863 1539 902 1575 in
936 1540 1181 1576 commercio
1215 1540 1417 1588 corporali
1450 1552 1523 1576 nec
1557 1537 1671 1586 spiri-

365 1597 464 1633 tuali
509 1597 558 1633 sit
597 1597 809 1646 quisquam
851 1597 1008 1634 debitor
1053 1597 1205 1643 homini
1251 1598 1282 1634 si
1327 1611 1407 1633 non
1452 1598 1670 1633 secundum

365 1656 491 1703 legem
525 1655 703 1692 caritatis
736 1655 1012 1704 principaliter
1046 1657 1187 1692 debeat
1222 1655 1351 1704 ipsum
1388 1655 1564 1703 diligere.
1612 1655 1671 1690 Ab

366 1713 453 1750 aliis
487 1723 620 1749 autem
656 1713 798 1749 debitis
833 1713 1125 1762 temporalibus
1158 1722 1289 1761 potest
1323 1715 1444 1749 homo
1478 1712 1563 1749 exui
1604 1713 1671 1748 sed

367 1773 415 1807 ab
449 1771 525 1808 isto
560 1771 694 1807 debito
728 1780 894 1819 propter
927 1771 1009 1808 eius
1043 1771 1367 1819 spiritualitatem
1403 1780 1438 1807 et
1471 1769 1672 1819 perpetui-
1690 1775 1728 1806 25

366 1838 486 1865 tatem
537 1842 742 1877 nunquam
792 1829 958 1865 exuitur.
1013 1831 1172 1873 Quanto
1221 1829 1325 1865 enim
1373 1828 1460 1877 quis
1508 1828 1670 1864 fratrem

365 1900 480 1923 suum
521 1886 732 1923 ardencius
767 1887 945 1923 dilexerit
979 1886 1018 1923 in
1052 1887 1217 1923 caritate
1250 1896 1363 1923 tanto
1396 1887 1484 1935 plus
1517 1894 1672 1922 tenetur

366 1958 454 1980 eum
490 1944 665 1992 diligere,
700 1945 802 1980 sicut
835 1954 1027 1993 quantum
1064 1946 1151 1993 plus
1175 1947 1222 1981 de
1246 1944 1412 1981 servicio
1437 1947 1519 1980 Deo
1543 1943 1673 1979 reddi-

366 2002 479 2047 derit,
514 2012 625 2038 tanto
659 2003 746 2050 plus
781 2004 827 2038 de
860 2002 1027 2039 servicio
1061 2004 1176 2039 debet
1201 2006 1298 2045 Deo,
1333 2002 1425 2051 quia
1459 2001 1670 2038 servicium

365 2063 448 2096 Deo
480 2060 691 2108 inpensum
727 2070 762 2096 et
796 2060 963 2097 dileccio
997 2061 1174 2097 caritatis
1207 2073 1250 2096 ex
1273 2060 1448 2097 novitate
1479 2059 1672 2096 mercedis
1691 2064 1732 2096 30

365 2128 402 2155 et
447 2118 732 2154 delectacionis
777 2132 896 2166 quam
948 2118 1120 2154 inferunt
1169 2118 1356 2155 continue
1400 2118 1577 2165 obligant
1624 2118 1672 2153 ad

365 2176 494 2212 simile
528 2176 654 2224 magis
686 2189 848 2213 novum.
883 2176 947 2213 Sic
971 2185 1103 2213 autem
1128 2189 1207 2212 non
1232 2186 1288 2212 est
1313 2178 1360 2212 de
1383 2174 1673 2223 temporalibus

366 2233 509 2270 debitis
548 2243 712 2282 propter
759 2247 896 2270 eorum
942 2234 1307 2282 imperfeccionem,
1356 2244 1391 2270 et
1437 2233 1526 2269 ideo
1571 2232 1672 2269 sicut

368 2292 634 2328 insolubiliter
668 2292 754 2340 quis
789 2293 904 2328 debet
938 2295 1064 2328 Deum
1099 2301 1135 2328 et
1168 2291 1395 2340 proximum
1430 2304 1543 2328 suum
1586 2290 1672 2326 dili-

367 2362 469 2397 gere,
504 2349 559 2385 sic
593 2349 860 2386 insolubiliter
894 2351 1010 2386 debet
1045 2352 1127 2386 Deo
1162 2349 1321 2386 servire.
1356 2352 1403 2385 Et
1437 2351 1511 2385 hoc
1546 2348 1672 2384 inten-
1689 2354 1729 2385 35

368 2409 486 2443 debat
519 2408 735 2455 Apostolus
774 2408 813 2443 in
846 2408 977 2456 primo
1010 2409 1130 2444 verbo
1165 2407 1279 2443 huius
1313 2407 1478 2455 epistole
1512 2408 1673 2455 quando

369 2465 483 2501 dixit:
530 2466 684 2501 Nemini
720 2466 917 2514 quicquam
959 2466 1125 2501 debeatis
1156 2466 1190 2501 si
1220 2479 1291 2500 mm
1325 2473 1363 2500 ut
1395 2465 1553 2500 invicem
1589 2464 1672 2499 dili-

367 2523 482 2572 gatis.
519 2525 644 2559 Nemo
679 2523 782 2559 enim
818 2524 934 2559 debet
969 2523 1136 2559 mercari
1170 2524 1230 2559 vel
1263 2532 1436 2559 tractare
1469 2535 1558 2558 cum
1584 2534 1674 2569 pro-

368 2580 474 2616 ximo
508 2580 581 2616 nisi
617 2582 664 2617 ad
700 2581 877 2625 fratrem,
912 2590 954 2616 ut
989 2581 1119 2629 ipsum
1155 2580 1361 2617 caritative
1395 2580 1547 2628 diligat,
1583 2592 1671 2616 cum

436 2702 461 2729 3.
483 2702 514 2728 ln
539 2710 652 2737 marga
675 2711 698 2728 μ’.
781 2706 806 2729 Ν.
831 2704 860 2729 111
884 2711 996 2738 marga
1017 2703 1135 2737 Duplex
1158 2703 1329 2737 responsio.
1410 2713 1438 2736 «y.
1461 2702 1542 2737 quod
1565 2702 1622 2728 nisi
1646 2702 1672 2732 Ἰ.

368 2737 396 2763 iu
419 2737 505 2769 cod.;
536 2737 565 2763 in
587 2746 700 2771 marga
724 2738 839 2764 nullum
862 2737 987 2764 verbum
1011 2737 1156 2771 adici1n1‘3
1186 2737 1226 2763 ib.
1248 2737 1277 2764 in
1299 2738 1384 2764 cod.:
1407 2737 1452 2763 he.
1543 2736 1579 2763 15.
1601 2736 1672 2762 Cor.

367 2781 409 2798 <et
424 2772 503 2798 uitur
515 2772 631 2798 lacuna.
688 2780 734 2798 20.
748 2772 824 2799 (jod.
837 2782 841 2798 :
856 2771 1084 2805 detencionemg
1100 2772 1139 2798 ib.
1153 2772 1404 2806 sophisticorum.
1461 2779 1507 2807 20,
1520 2770 1564 2797 30.
1579 2771 1672 2799 Cod.:

368 2815 398 2833 re
425 2806 510 2833 derit.
585 2806 630 2839 34.
654 2806 748 2834 (ῥοὰς
771 2806 974 2833 insolibilitcr.

442 2889 491 2921 15.
520 2890 595 2921 Gal.
615 2890 744 2930 v[‚14.
