1944 3323
171 906 209 926 10

170 1187 205 1219 15

171 1771 210 1802 25

173 2356 212 2389 35

171 2659 215 2689 40

224 256 359 285 SERMO
382 245 488 303 μνη]
713 259 855 291 TERTI
859 260 889 291 A
916 260 1042 292 PARS.

224 366 351 404 vicem
399 367 693 416 apostolorum,
740 375 851 415 patet
896 368 1005 415 quod
1051 376 1213 416 oportet
1256 367 1363 416 ipsos
1410 368 1541 405 dicere

226 434 519 475 consequenter
552 426 660 474 quod
695 426 891 462 excedunt
925 425 1035 474 ipsos
1069 427 1290 474 apostolos.

284 484 490 531 Similiter,
529 493 572 520 ut
612 483 811 533 inquiunt,
857 485 1071 521 observant
1111 484 1248 521 omnia
1287 496 1364 534 que
1408 486 1542 521 obser-

224 552 367 580 varunt
412 542 585 591 apostoli
635 551 672 578 et
715 555 836 590 super
880 555 956 591 que
1007 545 1201 580 excedunt
1252 544 1459 592 apostolos
1504 543 1544 580 in

225 601 496 638 observanciis
518 600 688 637 vestium
714 610 750 638 et
773 601 1037 647 vescibilium,
1071 601 1297 650 vigiliarum
1324 603 1542 638 multarum

225 669 262 697 et
284 659 386 697 votis
419 659 616 708 plurimis.
651 660 744 696 Ideo
778 672 867 696 cum
903 673 984 696 non
1008 659 1216 697 dimittunt
1241 660 1368 697 maius
1391 661 1542 697 bonum

224 727 392 767 propter
425 717 556 754 minus
590 719 754 764 bonum,
790 727 832 754 ut
856 727 1017 767 oportet
1041 718 1149 767 ipsos
1173 720 1408 765 concedere,
1433 728 1544 767 patet

225 778 334 826 quod
378 785 538 825 oportet
582 776 692 825 ipsos
741 785 1033 826 consequenter
1073 779 1294 814 concedere
1334 779 1442 826 quod
1482 790 1543 814 ex-

226 837 372 872 cedunt
405 835 513 884 ipsos
546 835 766 884 apostolos.

284 893 490 939 Similiter,
524 906 614 930 cum
638 894 780 930 fratres
814 895 1041 930 concedunt
1065 893 1200 930 literas
1230 894 1542 941 fraternitatum,

224 952 280 989 sic
304 953 412 1001 quod
443 952 626 989 homines
660 952 881 989 confratres
914 952 973 988 sui
1007 951 1251 1000 participent
1283 966 1354 989 sua
1389 952 1543 1000 merita,

225 1012 334 1059 quod
373 1011 547 1059 apostoli
587 1011 717 1047 facere
757 1023 839 1047 non
878 1019 1065 1059 poterant
1106 1023 1179 1047 nec
1213 1010 1364 1048 Christi
1405 1013 1545 1048 huma-

223 1069 327 1106 nitas
361 1070 437 1106 hoc
478 1068 735 1117 presumpsit,
774 1068 932 1106 videtur
974 1070 1082 1117 quod
1122 1082 1243 1118 supra
1284 1071 1360 1106 hoc
1394 1069 1545 1107 humile

225 1127 372 1164 ostium
408 1127 556 1164 Christi
589 1128 812 1164 ascendunt
845 1127 1018 1164 aliunde.

282 1185 490 1232 Similiter,
522 1186 597 1234 ipsi
628 1187 855 1222 concedunt
882 1186 1021 1234 plenas
1051 1186 1332 1223 absoluciones
1371 1187 1546 1223 auctori-

223 1253 304 1280 tate
339 1244 463 1292 patris
496 1244 557 1280 sui
590 1253 627 1280 et
658 1245 765 1293 quod
798 1245 922 1280 semel
954 1245 1196 1281 celebrando
1228 1244 1270 1281 in
1302 1246 1392 1281 loco
1425 1258 1544 1294 quem

224 1302 415 1350 elegerint
448 1302 678 1340 liberabunt
710 1302 888 1339 animam
913 1315 1035 1351 quam
1069 1303 1297 1351 optaverint
1320 1305 1368 1340 de
1402 1316 1546 1352 purga—

225 1360 329 1397 torio
363 1361 424 1397 vel
457 1361 627 1398 inferno.
663 1363 763 1398 Cum
799 1374 893 1409 ergo
927 1362 1002 1398 hoc
1034 1374 1108 1398 nec
1141 1361 1190 1398 sit
1224 1375 1245 1398 a
1279 1362 1441 1399 Christo
1472 1375 1546 1399 nec

226 1421 275 1456 ab
309 1419 502 1468 apostolis
536 1420 820 1468 exemplatum,
855 1428 965 1468 patet
989 1421 1097 1468 quod
1130 1420 1292 1457 aliunde
1325 1422 1546 1457 ascendunt

169 1490 183 1510 2
227 1491 348 1527 supra
393 1478 560 1523 ostium,
609 1488 645 1515 et
689 1479 829 1515 eadem
879 1487 937 1515 est
985 1478 1094 1515 racio
1135 1492 1254 1527 quam
1304 1479 1458 1527 tingunt
1499 1481 1546 1516 de

227 1536 440 1573 sanctitate
474 1549 638 1573 suarum
662 1536 831 1573 vestium
856 1536 1111 1574 sanctitatem
1136 1536 1270 1574 tunice
1293 1537 1546 1574 inconsutilis

229 1596 500 1631 excedentem.

285 1653 492 1699 Similiter,
549 1665 639 1690 cum
690 1655 910 1690 secundum
962 1653 1268 1691 ordinacionem
1316 1654 1464 1691 Christi
1509 1663 1546 1691 et

227 1711 299 1748 Dei
339 1725 419 1748 non
453 1713 570 1748 debet
611 1724 695 1748 esse
734 1725 855 1760 supra
889 1713 1096 1760 apostolos
1134 1721 1260 1749 status
1294 1712 1438 1761 aliquis
1470 1712 1546 1749 nisi

227 1779 353 1807 status
388 1770 459 1807 Dei
493 1779 530 1807 et
564 1770 737 1807 hominis
760 1769 852 1808 Jesu
876 1770 1038 1816 Christi,
1072 1770 1230 1807 videtur
1263 1773 1371 1820 quod
1404 1772 1546 1808 fratres

227 1828 372 1877 singuli
412 1830 656 1877 pretendunt
695 1841 735 1866 se
776 1829 1006 1878 equiparari
1046 1829 1168 1866 statui
1208 1829 1272 1866 isti
1311 1843 1469 1866 summo
1510 1838 1546 1866 et

227 1896 354 1924 status
399 1887 627 1936 superiores
673 1900 811 1924 eorum
846 1896 937 1923 sunt
978 1887 1150 1924 maiores
1190 1901 1235 1924 ac
1281 1888 1546 1936 perfecciores

227 1945 484 1982 inferioribus
519 1949 576 1982 (ut
608 1946 683 1995 ipsi
718 1950 930 1992 asserunt),
965 1955 1075 1995 patet
1108 1948 1216 1995 quod
1250 1955 1410 1995 oportet
1438 1946 1546 1995 ipsos

229 2006 451 2041 concedere
484 2004 524 2041 in
556 2004 755 2053 gignendo
788 2004 889 2041 filios
923 2005 1189 2053 perfecciores
1223 2004 1319 2053 ipsis
1352 2005 1546 2054 apostolis

230 2063 439 2100 dominum
473 2062 605 2100 Jesum
642 2063 847 2100 Christum
881 2076 1084 2112 superare.

285 2121 374 2158 Tali
408 2134 501 2169 ergo
535 2121 721 2170 quinario
750 2121 952 2158 diabolico
987 2122 1193 2158 circueunt
1217 2131 1364 2158 terram
1400 2130 1436 2158 et
1460 2135 1547 2170 per-

228 2180 438 2216 ambulant
471 2193 559 2216 eam
593 2180 819 2228 colligendo
852 2180 893 2216 in
925 2182 1145 2217 corbonam
1181 2180 1305 2229 patris
1338 2180 1397 2216 sui
1433 2193 1547 2216 mun-

229 2239 353 2274 danas
400 2238 578 2275 divicias.
624 2241 783 2275 Fratres
830 2251 923 2287 ergo
969 2239 1035 2288 qui
1081 2251 1202 2287 supra
1242 2239 1446 2275 Christum
1492 2238 1547 2275 sic

229 2298 498 2333 ascenderunt
548 2298 619 2333 sub
671 2296 835 2334 racione
886 2310 964 2346 qua
1014 2297 1219 2333 involvunt
1269 2309 1309 2333 se
1360 2306 1396 2333 et
1448 2297 1547 2333 alios

229 2355 404 2391 tenebris
436 2364 695 2403 peccatorum
730 2364 820 2391 sunt
853 2356 958 2392 fures
990 2355 1178 2392 nocturni
1212 2364 1248 2392 et
1280 2356 1352 2391 sub
1386 2355 1548 2392 racione

231 2426 309 2462 qua
342 2413 484 2450 furtive
525 2414 650 2450 latent
689 2413 729 2450 in
767 2413 875 2450 silvis
908 2415 980 2450 sub
1014 2415 1158 2450 umbra
1191 2423 1473 2462 potentatuum
1508 2426 1548 2449 se

230 2480 410 2519 tegentes
449 2480 540 2508 sunt
579 2473 756 2508 latrones
797 2472 948 2517 diurni;
993 2484 1065 2508 nec
1105 2471 1271 2508 dubium
1312 2471 1407 2520 quin
1446 2471 1547 2507 indi-

231 2538 338 2566 recte
371 2529 590 2578 spoliantes
626 2542 669 2566 ex
705 2542 850 2578 campo
883 2529 1081 2578 scripture
1117 2539 1153 2566 et
1192 2529 1344 2566 minera
1381 2529 1547 2566 ecclesie

231 2597 323 2624 sunt
357 2587 585 2636 proditores
619 2596 738 2636 atque
771 2587 953 2636 sacrilegi
987 2597 1024 2624 et
1048 2587 1102 2625 ita
1136 2589 1193 2636 (ut
1216 2596 1326 2636 patet
1349 2585 1547 2638 superius)

231 2654 322 2682 sunt
356 2646 557 2683 manifesti
590 2646 756 2683 heretici
790 2655 827 2683 et
860 2655 1057 2695 raptores.

301 2803 324 2831 3.
347 2804 379 2831 ln
402 2812 514 2839 marg:
542 2812 567 2831 2.
671 2813 712 2831 10.
733 2803 766 2831 In
789 2812 904 2839 marga
930 2802 954 2832 3.
1060 2802 1095 2831 15,
1117 2803 1150 2831 In
1173 2811 1288 2839 marg:
1315 2812 1344 2837 4.
1450 2801 1492 2830 23.
1515 2802 1547 2828 ln

231 2847 345 2874 marg:
372 2839 396 2866 5.
484 2838 527 2867 32.
551 2839 646 2867 Cod.:
675 2839 840 2866 corbanan.

1753 254 1821 289 501

1565 491 1652 528 They
1673 501 1726 528 say
1746 492 1823 519 their

1583 528 1645 554 rule
1666 527 1699 554 of
1717 527 1767 555 life
1788 529 1813 554 is

1569 562 1663 589 better
1684 562 1755 589 than
1777 562 1825 589 the

1617 597 1772 632 apostles'.

1571 899 1658 927 Thev
1679 900 1767 926 claim
1789 905 1819 926 to

1559 931 1722 962 distribute
1735 935 1833 969 merit,

1600 1191 1659 1218 and
1682 1196 1712 1218 to
1732 1191 1799 1227 give

1560 1226 1734 1254 absolution
1751 1235 1836 1254 more

1573 1262 1644 1289 than
1667 1261 1771 1289 Christ
1791 1270 1826 1289 or

1590 1297 1640 1324 the
1660 1297 1805 1332 apostles.

1621 1658 1710 1695 The)v
1731 1663 1775 1685 set

1608 1693 1793 1721 themselves

1585 1729 1682 1756 above
1702 1728 1818 1756 Christ.
