1944 3323
182 299 318 328 SERMO
339 288 407 345 m]
664 300 838 333 TERTiA
869 300 998 332 PARS.
1737 295 1785 330 <35

183 406 384 443 dilatetur.
439 407 610 451 Quando
663 406 770 443 enim
817 419 886 443 cor
931 407 1070 444 dolore
1115 416 1151 443 et
1198 408 1343 444 timore
1391 409 1500 456 prius

182 464 434 513 restringitur
476 472 513 501 et
551 473 641 512 post
681 476 724 501 ex
763 464 898 512 gaudii
937 465 1196 502 vehemencia
1230 465 1383 502 diffusis
1423 466 1500 515 spi-

181 522 322 559 ritibus
354 522 541 560 vitalibus
575 522 780 569 dilatatur,
814 531 909 560 tunc
940 523 1167 560 vehementi
1201 523 1349 571 gaudio
1374 525 1500 561 admi-

181 590 304 627 ratur,
351 590 387 618 et
434 581 490 617 sic
535 580 902 629 proposcionaliter
946 581 1019 618 fuit
1064 583 1111 618 de
1156 594 1274 630 grege
1320 582 1498 629 ecclesie,

148 640 343 688 §quando
374 639 590 675 multitudo
620 639 843 675 insularum
875 639 996 676 maris
1026 640 1076 676 ad
1100 648 1137 676 te
1167 653 1358 677 conversa
1382 641 1501 677 fuerit
1527 648 1704 696 ίλιειιηῑιηζρ
1725 653 1753 675 οι

180 710 252 746 per
274 697 393 734 fidem
424 706 461 734 et
490 697 684 733 fortitudo
714 696 898 745 gencium
930 697 1317 735 mediterranearum
1348 699 1499 736 venerit
1515 683 1787 745 (‚}¹¹1011‡¹³¹ssL¹2¹1¹=¹¹J³Jd

180 755 252 792 tibi
285 765 494 804 tamquam
529 768 621 804 pars
655 755 821 792 ecclesie
855 756 995 793 matris
1028 765 1106 793 tue.
1142 756 1253 793 Sicut
1276 757 1381 793 enim
1415 766 1499 793 tota
1515 754 1787 815 ‘¹¹¹Isslc⁵}l¹]f1¹}jff}l¹[.‘'¹

181 813 411 851 habitabilis
445 813 636 850 dividitur
668 814 708 850 in
740 822 890 850 terram
914 815 1251 851 mediterraneam
1277 825 1313 852 et
1336 815 1498 861 insulas,
1643 808 1648 813 ⁸

181 872 237 908 sic
275 881 382 909 totus
421 871 741 909 christianismus
781 871 971 909 dividitur
1003 872 1043 909 in
1082 874 1277 921 populum
1320 873 1387 923 qui
1421 874 1501 922 pri-

128 944 166 966 ιο
180 939 292 967 vatas
331 930 613 967 observancias
654 932 839 968 observat
878 940 915 967 et
948 930 1047 968 ritus
1079 932 1285 979 generales
1318 933 1378 968 vel
1411 932 1501 969 reli-

179 989 340 1036 gionem
374 988 600 1038 simplicem
635 988 939 1026 christianitatis
972 998 1009 1026 et
1037 989 1214 1038 privatos
1247 989 1409 1027 ordines
1440 990 1501 1027 vel

180 1048 336 1096 regulas
352 1047 566 1093 insulares;
582 1048 642 1084 vel
652 1051 710 1094 (ut
720 1047 807 1084 aliis
824 1047 968 1096 placet)
985 1060 1056 1096 per
1066 1047 1367 1085 multitudinem
1379 1048 1500 1085 maris

179 1105 415 1153 intelligitur
462 1106 635 1154 populus
676 1105 849 1142 avaricie
889 1107 1091 1143 mundane
1131 1105 1289 1143 deditus
1331 1107 1388 1153 (in
1422 1120 1500 1155 qua

180 1163 310 1201 maior
332 1163 452 1212 piscis
477 1163 675 1201 minorem
693 1165 872 1208 devorat)
897 1172 934 1200 et
957 1165 1130 1213 populus
1154 1164 1388 1202 fortitudine
1412 1178 1500 1202 cor-

125 1222 162 1255 15
178 1222 307 1270 porali
349 1223 517 1259 abutens
552 1231 719 1270 propter
759 1222 968 1259 libidinem
999 1222 1249 1259 dominandi.
1286 1225 1363 1260 Ista
1394 1223 1499 1260 enim

178 1289 270 1317 sunt
309 1281 388 1317 duo
429 1280 594 1318 brachia
637 1280 789 1317 scilicet
836 1280 975 1317 mundi
1015 1281 1157 1318 divicie
1197 1290 1234 1318 et
1268 1282 1500 1330 corporales

178 1338 364 1387 potencie
387 1352 464 1388 que
486 1339 639 1376 faciunt
662 1338 846 1375 homines
870 1339 1091 1387 superbire.
1126 1341 1204 1376 Sed
1228 1339 1409 1376 Christus
1431 1353 1501 1388 per

180 1397 530 1434 conversacionem
567 1410 680 1434 suam
709 1399 916 1434 destruens
948 1398 1257 1434 fundamentum
1292 1398 1500 1447 utriusque

180 1455 349 1492 istorum
373 1455 466 1493 fecit
489 1465 703 1505 utramque
725 1455 894 1492 istarum
918 1455 1101 1504 parcium
1126 1456 1303 1493 converti
1339 1458 1389 1493 ad
1420 1459 1500 1493 Do-

123 1525 164 1546 20
181 1513 349 1551 minum.
366 1514 454 1550 Fuit
470 1514 575 1550 enim
593 1514 775 1552 Christus
791 1514 1074 1563 pauperrimus
1091 1523 1211 1564 atque
1233 1515 1498 1561 humillimus,

180 1581 217 1608 et
233 1574 281 1609 de
296 1572 366 1609 tali
383 1572 694 1609 conversacione
716 1573 863 1620 gaudet
887 1572 1014 1609 fidelis
1031 1572 1167 1609 anima
1183 1572 1285 1609 sicut
1301 1573 1497 1610 Christus.

238 1633 286 1667 Et
308 1630 506 1680 sequitur:
532 1631 741 1667 Inundacio
765 1631 1002 1667 camelorum
1025 1631 1172 1681 operiet
1193 1639 1240 1679 te,
1257 1632 1501 1668 dromedarii

179 1689 340 1724 *Madian
386 1696 421 1725 et
459 1689 587 1738 Epha.
634 1691 708 1725 Per
752 1689 1064 1726 inundacionem
1108 1701 1202 1726 vero
1247 1690 1495 1726 camelorum
1512 1694 1789 1735 Theftnundation

180 1747 344 1795 quidam
388 1755 531 1783 notant
576 1748 626 1784 ad
670 1746 829 1784 literam
875 1749 1083 1796 quomodo
1126 1747 1269 1784 cameli
1314 1747 1497 1784 inundati
1559 1732 1734 1758 otcameis.

123 1806 161 1839 25
179 1814 269 1853 post
308 1805 486 1842 sarcinas
527 1818 625 1854 quas
670 1807 720 1842 ad
760 1805 1110 1842 construccionem
1153 1805 1415 1842 ecclesiarum
1461 1815 1499 1842 et

179 1863 503 1900 habundanciam
528 1863 815 1912 temporalium
833 1865 1062 1901 detulerunt
1085 1864 1140 1900 ita
1164 1864 1326 1912 copiose
1349 1874 1497 1900 terram

178 1934 401 1970 paucorum
453 1921 765 1958 christianorum
817 1931 1126 1971 occupaverant,
1181 1924 1290 1971 quod
1334 1931 1500 1970 propter

179 1992 318 2016 eorum
353 1979 512 2028 copiam
546 1988 631 2016 tota
663 1989 770 2017 terra
804 1980 983 2016 fidelium
1018 1989 1076 2017 est
1105 1989 1260 2028 operta.
1295 1983 1500 2017 Noverunt

179 2047 313 2074 autem
353 2038 503 2087 experti
541 2040 649 2087 quod
690 2039 833 2075 cameli
872 2047 963 2087 post
1004 2051 1196 2087 magnum
1229 2047 1266 2075 et
1299 2038 1499 2075 diutinum

123 2100 163 2132 30
178 2096 359 2133 laborem
399 2096 440 2133 in
477 2109 598 2133 onere
636 2096 884 2133 sarcinarum
927 2096 1081 2133 avidius
1119 2096 1261 2133 bibunt
1299 2110 1424 2146 aquas
1463 2105 1501 2134 et

179 2163 271 2203 post
295 2155 342 2191 de
376 2154 452 2191 illis
486 2154 600 2204 aquis
634 2155 760 2202 magis
794 2154 1019 2203 impetuose
1043 2154 1286 2201 transiliunt,
1322 2157 1390 2192 sed
1424 2156 1499 2192 hoc

179 2221 380 2249 remotum
416 2221 472 2249 est
506 2226 527 2249 a
560 2225 677 2249 sensu
712 2213 941 2261 evangelico
974 2214 1280 2262 prophetarum.
1323 2215 1415 2250 Ideo
1449 2215 1499 2250 ad

180 2283 341 2307 sensum
372 2270 574 2307 misticum
605 2270 683 2307 dici
714 2280 846 2319 potest
869 2273 977 2320 quod
1009 2271 1227 2308 inundacio
1250 2273 1496 2308 camelorum

180 2328 415 2376 intelligitur
455 2328 680 2365 concretive
720 2329 937 2366 multitudo
986 2329 1170 2377 gencium
1212 2329 1323 2378 prius
1362 2342 1498 2378 super—

122 2391 162 2422 35
180 2388 336 2433 barum,
362 2399 438 2435 que
460 2395 676 2435 postquam
706 2387 893 2424 biberunt
917 2389 964 2424 de
993 2400 1098 2436 aqua
1127 2387 1328 2436 sapiencie
1352 2387 1499 2425 Christi

181 2454 218 2481 et
251 2444 481 2482 devocionis
514 2445 693 2492 ecclesie,
725 2455 918 2482 venerunt
952 2445 1007 2482 ita
1040 2445 1202 2494 copiose
1235 2447 1286 2482 ad
1317 2455 1497 2483 sanctam

181 2503 391 2539 ecclesiam
417 2504 524 2552 quod
554 2503 748 2540 maiorem
772 2512 928 2552 partem
959 2503 1189 2540 habitabilis
1213 2503 1499 2540 christianismi

181 2570 346 2609 propter
370 2574 509 2597 eorum
534 2561 693 2609 copiam
718 2562 963 2598 habitarunt.
994 2562 1181 2599 Camelus
1205 2561 1310 2598 enim
1334 2571 1500 2610 propter
1528 2554 1775 2616 Πκῇξῇξῇῖἷῗῑητιω

179 2619 342 2667 gibbum
377 2619 416 2655 in
452 2620 572 2655 dorso
605 2632 676 2656 suo
710 2632 828 2668 quem
863 2628 1023 2668 oportet
1047 2621 1248 2668 deponere
1281 2629 1497 2668 antequam
1541 2610 1758 2671 munt-idiixffls

121 2690 165 2720 40
180 2677 362 2714 foramen
386 2690 480 2713 acus
504 2676 710 2713 intraverit
733 2677 863 2726 signat
887 2678 1042 2714 mistice
1066 2678 1206 2715 divites
1231 2687 1267 2714 et
1291 2680 1497 2726 superbos.
1527 2660 1773 2720 112¹⁹x1¹1³ffi¹1¹fis0

181 2735 436 2772 Dromedarii
461 2743 594 2771 autem
619 2735 807 2772 dicuntur
823 2737 1010 2773 ductores
1026 2735 1321 2772 dromidorum.
1346 2735 1498 2772 Madia-
1532 2733 1677 2763 'Ham-‘'¹¹“
1701 2728 1761 2754 '⁵¹¹³'

1554 2764 1742 2789 consessor&

251 2866 290 2886 10.
306 2858 400 2885 Cod.:
417 2859 602 2886 observavit.
659 2859 704 2885 26.
719 2858 813 2886 Cod.:
829 2864 1017 2894 temporum.
1067 2857 1110 2893 37.
1124 2858 1219 2886 Cod.:
1236 2857 1486 2885 christianissimi

254 2941 304 2961 22.
334 2931 373 2962 Is.
403 2931 472 2970 LX,
501 2930 531 2962 6.

1342 2992 1358 3017 ἰ)
