1944 3323
175 263 194 288 ko

207 254 222 288 Q

234 262 251 287 Κ)

183 905 200 923 ι.
223 897 232 922 l
255 904 302 922 1111]
326 895 388 921 said
412 900 440 921 [ιι

228 930 398 956 contradict

175 965 358 998 Augustino,
381 965 449 991 wlio

177 1009 247 1035 says
270 1009 312 1026 xxc
335 1000 393 1026 add
419 1004 449 1026 to

217 1035 265 1061 llic
288 1034 413 1068 (iospel.

189 1820 269 1847 'sliat
291 1820 365 1846 does
388 1824 439 1846 not

205 1855 287 1881 sliexv
310 1863 354 1881 we
375 1863 424 1881 are

180 1890 257 1923 right
276 1889 304 1916 iu
325 1889 449 1924 adding.

177 2109 243 2136 The
262 2119 279 2135 (ι
274 2109 332 2135 mlx
348 2109 404 2135 lixx·
410 2108 449 2135 sul

223 2144 258 2170 id
264 2144 360 2182 dilion
382 2143 407 2170 is

179 2179 256 2213 exp]
260 2178 355 2205 ιίιιίιι·,γ
371 2186 396 2203 xx
402 2178 452 2205 hu

234 2222 259 2238 xx
265 2222 297 2239 is
319 2214 400 2239 tlieie

229 2247 400 2283 implicitly.

756 258 978 290 JOHANNIS
997 257 1180 290 WYCIJF
1200 257 1456 289 SERMONUM
1489 242 1640 301 [SERMO
1661 252 1767 281 XXXI·

463 375 499 403 et
541 366 632 402 hinc
679 364 854 401 creditur
900 372 1070 400 matrem
1112 364 1321 401 ecclesiam
1361 376 1442 399 non
1482 362 1642 411 gignere
1681 371 1770 411 post

462 423 808 460 introduccionem
844 422 1010 458 istorum
1045 423 1231 458 ordinum
1266 430 1324 457 tot
1358 420 1543 469 palmites
1576 420 1616 456 in
1645 420 1770 457 beatis

463 491 559 531 quot
607 480 742 529 genuit
795 481 956 528 quando
1009 479 1141 516 viabat
1193 480 1322 516 solum
1377 480 1597 516 secundum
1644 479 1768 526 legem

463 539 685 588 simplicem
726 537 970 574 cristianam.
1016 537 1089 574 Via
1130 538 1234 574 enim
1275 537 1342 574 illa
1381 537 1594 574 adinventa
1635 545 1691 573 est
1729 544 1771 571 ut

463 597 680 646 plurimum
705 595 963 632 infundabilis
987 604 1106 644 atque
1130 594 1350 643 incognita3
1374 608 1447 632 nec
1470 593 1635 630 dubium
1660 593 1769 642 quin,
1790 597 1805 627 5

464 669 554 693 cum
588 655 717 691 viator
751 654 800 690 sit
833 654 963 690 solum
1003 653 1112 689 finite
1153 652 1388 701 capacitatis
1428 651 1695 700 cognoscendi
1735 660 1771 687 et

464 712 650 750 currendi
681 725 750 760 per
774 713 875 748 hanc
898 711 1016 762 viam,
1041 710 1124 748 eius
1146 711 1295 747 noticia
1319 724 1364 747 ac
1387 710 1632 747 sufficiencia
1656 722 1771 746 occu-

464 780 557 820 pata
602 770 706 807 circa
751 770 825 806 ista
870 769 1003 806 media
1042 769 1198 806 novella
1237 770 1286 805 ab
1326 768 1600 817 occupacione
1640 767 1771 804 media

464 829 560 877 legis
593 837 630 865 et
664 827 868 875 religionis
902 826 1051 864 Christi
1084 828 1389 875 quodammodo
1423 827 1660 863 retardatur.

523 888 599 923 Sed
639 894 778 923 contra
818 885 934 922 istam
975 884 1219 921 sentenciam
1261 893 1297 921 et
1338 884 1520 921 raciones
1560 896 1657 932 quas
1697 883 1829 920 feci1o

465 945 504 980 in
556 945 630 980 ista
685 943 851 980 materia
905 943 1035 991 arguit
1081 942 1358 990 multipliciter
1403 944 1603 990 dompnus
1646 941 1769 989 niger.

466 1003 599 1039 Primo
633 1003 740 1050 quod
775 1000 1009 1038 contradico
1043 1000 1266 1049 Augustino
1301 1009 1337 1037 et
1377 999 1623 1048 experiencie
1663 1012 1771 1036 com—

467 1060 589 1105 muni,
625 1073 713 1096 cum
749 1058 995 1107 Augustinus
1030 1058 1137 1095 dicat
1173 1060 1231 1105 (ut
1264 1058 1456 1095 recitatur
1487 1059 1558 1094 XIO
1594 1057 1769 1093 distinct.

464 1118 640 1166 capitulo
664 1117 1045 1165 Ecclesiam-ticarum)
1069 1124 1103 1153 et
1121 1117 1239 1166 plura
1274 1116 1462 1152 adicimus
1497 1115 1699 1163 evangelio
1735 1124 1771 1151 et

463 1189 533 1224 per
557 1188 802 1224 consequens
836 1175 927 1211 licet
959 1176 1106 1211 addere
1139 1175 1216 1211 alia
1249 1186 1369 1222 super
1402 1173 1663 1221 evangelium.
1698 1173 1772 1209 Hic
1794 1174 1828 1206 15

464 1242 623 1271 notaret
657 1233 766 1270 canis
799 1233 1009 1269 edentulus
1043 1233 1250 1281 quomodo
1283 1232 1417 1280 aliqua
1450 1231 1710 1268 includuntur
1733 1231 1772 1267 in

465 1292 670 1339 evangelio
704 1290 887 1339 explicite
920 1299 956 1327 et
989 1290 1067 1327 alia
1100 1289 1305 1338 implicite.
1352 1292 1400 1325 Et
1434 1290 1498 1326 ille
1530 1289 1772 1326 inclusiones

465 1359 556 1386 sunt
589 1349 685 1386 satis
721 1348 930 1397 equivoce3
977 1357 1013 1384 et
1053 1357 1147 1384 tunc
1185 1356 1294 1396 patet
1334 1347 1542 1396 responsio
1575 1348 1625 1383 ad
1658 1360 1771 1394 argu-

466 1416 643 1444 mentum
680 1406 867 1443 monachi
901 1407 1106 1454 quomodo
1138 1418 1243 1442 nunc
1276 1405 1471 1453 procedit.
1507 1405 1632 1441 Multa
1665 1404 1770 1441 enim

465 1465 633 1502 facimus
667 1477 742 1513 que
782 1474 872 1500 sunt
910 1464 1062 1509 illicita,
1103 1464 1204 1500 sicut
1244 1464 1368 1500 multa
1408 1462 1497 1499 fecit
1530 1462 1772 1510 Augustinus
1789 1473 1831 1495 20

466 1525 513 1560 de
558 1523 701 1572 quibus
746 1522 915 1571 penituit
955 1531 991 1558 et
1031 1523 1288 1570 postmodum
1329 1521 1572 1567 retractavit,
1607 1533 1694 1557 cum
1730 1528 1772 1556 ut

464 1590 601 1618 narrat
641 1582 779 1617 beatus
818 1579 1075 1616 Possidonius
1116 1581 1163 1616 de
1202 1579 1303 1627 ipso,
1344 1580 1504 1627 quando
1545 1578 1640 1615 vidit
1680 1590 1771 1614 con—

465 1639 670 1676 tenciones
702 1638 806 1675 inter
839 1637 1056 1686 discipulos
1090 1650 1182 1673 suos
1216 1646 1252 1673 et
1285 1638 1461 1673 seculum
1497 1637 1602 1673 circa
1624 1648 1772 1684 paucas

466 1696 736 1745 possessiones
775 1696 1059 1744 temporalium
1103 1708 1200 1744 quas
1240 1696 1424 1741 habebat,
1465 1693 1666 1742 displicuit
1699 1693 1772 1729 sibi

466 1757 573 1803 quod
617 1754 704 1791 illas
749 1762 972 1802 acceperat.
1020 1753 1117 1799 Quis
1162 1766 1254 1800 ergo
1300 1753 1410 1789 color
1453 1752 1491 1788 in
1536 1759 1773 1800 argumento
1791 1755 1829 1787 25

466 1812 673 1849 monachi:
707 1812 737 1848 si
772 1813 897 1848 multa
930 1810 1126 1848 adicimus
1161 1810 1378 1858 evangelio,
1413 1823 1506 1858 ergo
1540 1810 1664 1846 bene?
1696 1810 1772 1845 Sed

466 1870 676 1919 supposito
730 1871 837 1918 quod
891 1868 1096 1917 evangelio
1158 1869 1282 1905 multa
1332 1868 1507 1904 virtuose
1560 1866 1770 1912 adicimus,

466 1937 575 1976 patet
621 1929 728 1976 quod
774 1928 850 1964 hoc
893 1935 950 1963 est
994 1926 1163 1972 licitum
1209 1926 1301 1974 quia
1348 1927 1441 1961 dum
1492 1924 1689 1973 implicita
1734 1924 1773 1960 in

467 1985 671 2033 evangelio
710 1994 919 2033 tamquam
958 1985 1182 2032 fragmenta
1221 1986 1268 2020 de
1308 1983 1451 2032 quibus
1497 1982 1593 2019 certi
1637 1995 1772 2018 sumus
1793 2020 1814 2050 ‚

466 2045 601 2092 patule
635 2043 894 2091 explicamus.
929 2042 993 2079 Sic
1028 2041 1131 2078 enim
1173 2041 1263 2078 fecit
1296 2049 1456 2078 sanctus
1489 2039 1733 2088 Augustinus
1768 2020 1872 2097 Ιῖοὲζι

467 2111 503 2138 et
537 2101 656 2138 ceteii
697 2100 825 2138 sancti
864 2113 982 2148 supe1
1020 2099 1224 2147 evangelio
1262 2099 1525 2147 postillantes.
1567 2098 1606 2135 Si
1640 2106 1772 2134 autem

467 2159 568 2208 quis,
602 2159 728 2195 eciam
754 2159 916 2206 angelus
941 2159 987 2194 de
1012 2158 1110 2203 celo,
1140 2156 1330 2194 adiecerit
1352 2158 1456 2204 leges
1479 2156 1539 2193 xel
1564 2155 1774 2203 religiones

467 2230 542 2266 que
572 2229 644 2253 nec
673 2216 713 2252 in
742 2215 945 2264 evangelio
976 2187 1157 2263 explicite
1185 2228 1257 2251 nec
1287 2214 1481 2263 implicite
1515 2213 1774 2250 includuntur

467 2276 623 2312 laborat
667 2275 772 2311 circa
816 2275 919 2322 leges
970 2273 1126 2321 iniquas
1177 2281 1212 2309 et
1257 2272 1467 2320 religiones
1510 2284 1631 2308 vanas
1676 2283 1774 2319 quas

468 2332 589 2369 Isaias
637 2341 673 2369 et
704 2334 875 2369 Jacobus
920 2331 1034 2368 nobis
1079 2339 1232 2366 notant.
1278 2331 1371 2366 Ideo
1415 2329 1491 2365 nisi
1531 2329 1618 2378 quis
1658 2328 1774 2365 fuerit
1791 2331 1830 2365 35

468 2400 597 2427 certus
621 2392 667 2427 de
690 2391 807 2438 plena
836 2388 1056 2426 inclusione
1080 2387 1280 2425 sentencie
1310 2400 1385 2436 que
1416 2396 1472 2424 est
1501 2387 1540 2423 in
1570 2385 1774 2435 evangelio

468 2449 631 2484 stultum
666 2449 821 2485 videtur
854 2447 963 2484 illam
997 2446 1240 2483 sentenciam
1276 2457 1518 2494 expressare.

536 2582 560 2609 5.
581 2581 676 2609 Coda
697 2582 769 2617 quin
791 2582 884 2608 deest.
994 2580 1030 2608 13.
1053 2580 1147 2608 Coei:
1169 2587 1222 2606 nec
1243 2579 1376 2606 distinct.
1491 2578 1526 2605 15.
1548 2578 1642 2605 Cod.:
1663 2577 1772 2612 aliqua.

469 2617 621 2646 11„C0d,:
643 2616 800 2655 quomodo
821 2624 892 2643 non.
1000 2623 1046 2642 20.
1069 2614 1162 2642 Cod.:
1185 2614 1285 2641 illicia.
1394 2612 1432 2640 31.
1455 2612 1550 2640 Cod.:
1572 2613 1772 2647 postulantes.

468 2648 509 2679 33.
533 2651 609 2678 Cod
621 2661 627 2678 :
648 2651 851 2685 explicitatem
873 2658 927 2678 nec
946 2649 1169 2685 implicitatem.
1243 2647 1287 2675 36.
1310 2647 1404 2676 Cod,:
1426 2652 1470 2675 est
1490 2647 1583 2674 deest.

543 2744 590 2765 10.
626 2732 678 2765 Cf.
707 2733 803 2764 Fasc.
835 2733 957 2773 zizan„
986 2742 1055 2774 pag
1095 2732 1169 2775 ²39·
1317 2732 1365 2763 13.
1400 2730 1450 2763 Cf.
1487 2730 1622 2762 Decret
1657 2729 1773 2760 Prima

469 2789 559 2822 pars,
598 2778 675 2811 dist.
709 2779 766 2820 XI,
808 2789 879 2821 cap.
906 2779 969 2810 VI.
1003 2778 1069 2810 Sed
1104 2785 1135 2809 et
1169 2777 1233 2809 alia
1265 2777 1364 2820 plura
1403 2776 1571 2808 adicimus
1610 2785 1771 2816 magnam

468 2825 567 2868 quasi
602 2825 670 2855 vim
699 2804 987 2856 commendaticia
1120 2834 1173 2856 20.
1206 2823 1256 2856 Cf.
1291 2823 1324 2855 S.
1350 2824 1439 2864 Aug.
1466 2822 1557 2865 Opp.
1584 2821 1623 2855 ΙΙ,
1652 2821 1771 2863 Suppl.

468 2878 552 2903 tom.
580 2871 622 2912 X,
649 2880 726 2913 pag.
756 2870 830 2913 273.
859 2870 910 2903 Cf.
929 2869 1149 2912 Trialogmm
1176 2879 1254 2912 pag.
1279 2879 1359 2911 414.
