1944 3323
66 917 104 938 10

66 1198 100 1230 15

61 2075 104 2107 30

122 270 258 298 sfiRMo
274 260 443 318 xxxv11.]
613 275 786 307 TERTIA
815 275 939 307 PARS.

121 390 198 417 stat
237 393 315 417 una
355 381 626 418 communitas
665 383 716 418 ad
756 383 861 419 hunc
902 382 1021 419 finem
1062 392 1098 420 et
1144 383 1307 432 quidam
1350 396 1438 432 per-

122 438 271 476 sonalis
304 439 372 488 qui
405 440 535 476 solum
570 439 757 477 convenit
790 440 857 477 uni
891 453 1062 489 persone
1096 441 1284 490 simplici.

181 499 248 534 Est
281 507 415 534 autem
451 497 595 534 divisio
629 498 745 535 huius
778 499 934 547 generis
965 501 1026 537 vel
1060 500 1245 546 membri,
1286 500 1438 537 scilicet

121 555 329 602 naturalis,
365 556 638 593 ministerialis
671 566 709 593 et
742 557 920 594 moralis.
967 558 1170 595 Naturalis
1211 567 1346 595 autem
1380 568 1438 595 est

122 614 386 662 congregacio
420 614 738 663 disposicionum
773 629 820 652 ac
853 615 1166 654 accidentalium
1201 630 1300 666 quas
1331 619 1437 654 Deus

121 672 322 709 ordinavit
355 672 393 708 in
435 681 632 720 creatura,
674 682 716 710 ut
749 674 824 710 sibi
857 674 1003 712 serviat
1037 685 1075 712 et
1106 685 1274 725 propter
1306 675 1437 713 varia-

121 731 279 768 cionem
329 730 369 767 in
414 731 595 779 partibus
649 731 764 768 huius
810 741 937 769 status
982 734 1129 770 dicitur
1177 735 1266 782 (Job
1312 736 1437 780 X1V0>

120 789 215 838 quia
247 789 370 826 homo
393 789 540 826 viando
572 803 780 839 nunquam
821 790 861 827 in
894 793 1037 828 eodem
1071 801 1179 830 statu
1211 801 1435 841 permanet.

178 849 313 884 Status
352 856 487 884 autem
529 848 803 885 ministerialis
850 858 907 886 est
952 859 1079 887 status
1125 851 1165 887 in
1209 864 1289 900 quo
1331 853 1437 888 Deus

119 915 276 955 partem
323 906 487 943 ecclesie
533 906 717 953 instituit,
770 916 813 943 ut
859 908 991 945 debite
1036 909 1110 945 sibi
1156 909 1355 946 ministret
1400 919 1437 946 et

119 966 318 1013 quosdam
360 964 458 1002 dicit
496 966 729 1014 prophetas,
771 967 969 1014 quosdam
1004 968 1212 1015 apostolos
1246 978 1285 1005 et
1319 981 1437 1017 quos-

119 1024 212 1059 dam
255 1024 443 1060 doctores
478 1024 536 1071 (ut
569 1023 665 1060 dicit
698 1025 917 1072 Apostolus
950 1026 1096 1074 Ephes.
1131 1028 1231 1071 IVO).
1278 1027 1357 1063 Sed
1390 1028 1437 1063 de

117 1090 224 1118 statu
262 1082 431 1118 fratrum
470 1095 552 1118 non
589 1082 721 1118 inveni
760 1095 833 1119 nec
865 1083 981 1120 video
1015 1086 1222 1133 quomodo
1260 1084 1438 1122 variacio

119 1139 342 1188 corporalis
386 1140 547 1177 habitus
593 1153 684 1177 cum
730 1141 817 1177 aliis
863 1141 1184 1180 circumstanciis
1230 1143 1438 1180 induceret

118 1198 354 1246 religionem
405 1211 567 1245 novam,
619 1199 804 1236 ordinem
851 1199 969 1237 laude
1014 1201 1179 1249 dignum
1226 1202 1323 1251 quin
1367 1214 1438 1250 per

117 1256 223 1293 idem
264 1269 421 1305 pannus
460 1257 615 1294 linneus
663 1270 781 1306 quem
823 1258 949 1306 ligant
988 1258 1029 1295 in
1075 1259 1207 1308 capite
1246 1260 1437 1297 Saraceni

118 1316 180 1352 vel
232 1315 378 1352 milites
426 1315 568 1364 Anglie
619 1316 686 1365 qui
739 1315 834 1353 illuc
880 1317 1164 1355 laboraverant
1208 1328 1276 1356 aut
1322 1319 1437 1368 peple

116 1375 340 1411 vetularum
373 1387 499 1411 novos
530 1374 691 1411 ordines
725 1383 793 1411 aut
818 1374 1033 1423 religiones
1058 1376 1309 1423 inducerent,
1346 1390 1436 1414 cum

117 1441 225 1469 statu
262 1441 331 1469 aut
370 1432 438 1470 tali
484 1432 740 1470 ministeriali
785 1442 864 1470 stat
903 1444 1116 1482 peccatum
1163 1437 1347 1482 mortale,
1395 1445 1436 1472 ut

118 1499 228 1540 patet
272 1492 319 1528 de
370 1490 606 1540 episcopatu
656 1500 776 1540 atque
830 1494 1062 1540 apostolatu
1109 1494 1296 1531 Scarioth
1346 1507 1437 1531 cum

118 1548 277 1597 regaliis
316 1549 494 1597 plurium
534 1549 788 1586 tirannorum
829 1563 874 1587 ac
908 1551 1050 1588 ceteris
1084 1553 1364 1590 deficientibus
1397 1553 1437 1589 in

119 1607 199 1644 suis
239 1607 397 1644 officiis.
443 1610 525 1644 Nec
564 1609 766 1645 contendo
805 1617 940 1646 utrum
979 1619 1105 1647 status
1139 1611 1324 1648 officialis
1357 1611 1437 1648 sive

119 1666 311 1715 equivoce
363 1666 521 1703 dicatur
566 1667 605 1703 in
656 1666 804 1704 talibus
850 1676 888 1703 et
931 1668 972 1705 in
1016 1669 1104 1706 aliis
1149 1669 1217 1719 qui
1260 1669 1437 1707 virtuose

119 1725 325 1773 complent
357 1737 474 1761 suum
508 1725 702 1762 officium.

175 1783 342 1820 Tercius
393 1792 527 1820 autem
583 1793 640 1820 est
685 1793 811 1822 status
858 1785 1023 1822 moralis
1069 1785 1135 1834 qui
1181 1795 1238 1823 est
1283 1799 1353 1834 per
1398 1799 1438 1823 se

118 1841 261 1889 dignus
294 1841 437 1890 premii
477 1842 650 1888 celestis;
696 1855 769 1881 nec
808 1856 878 1891 per
918 1856 958 1880 se
1003 1844 1184 1893 sequitur
1222 1847 1272 1881 ad
1312 1858 1437 1881 unum

118 1900 287 1936 istorum
320 1908 498 1936 statuum
531 1901 592 1937 vel
630 1901 767 1949 alium,
807 1902 909 1939 sicut
940 1914 1013 1939 nec
1047 1902 1265 1940 christiana
1298 1903 1438 1952 religio

119 1971 195 2007 que
240 1958 404 2007 proprie
455 1971 526 2007 per
570 1972 611 1996 se
655 1959 752 1997 dicit
795 1960 984 1998 virtutem
1036 1964 1170 2010 quoad
1216 1964 1344 1998 Deum
1398 1962 1439 1998 in

120 2016 390 2066 qualicunque
436 2026 542 2054 statu
588 2018 667 2054 alio
716 2019 882 2056 fundata
926 2019 1058 2056 fuerit.
1106 2021 1296 2057 Concedo
1342 2033 1436 2069 ergo

120 2077 229 2124 quod
261 2084 388 2112 status
419 2076 643 2113 sacerdocii
673 2086 731 2114 est
761 2086 887 2114 status
917 2078 1131 2115 ministerii
1163 2088 1199 2115 et
1223 2079 1435 2127 perfectus,

121 2146 302 2182 expresse
334 2134 550 2171 fundabilis
583 2135 624 2171 in
656 2135 869 2185 scriptura.
905 2139 1063 2173 Statum
1098 2146 1232 2174 autem
1266 2138 1436 2174 fratrum

118 2205 201 2228 non
240 2193 329 2241 plus
370 2192 452 2229 scio
490 2193 660 2230 fundare
698 2194 739 2231 in
778 2194 941 2232 racione
979 2196 1040 2232 vel
1080 2196 1281 2245 scriptura
1315 2209 1436 2245 quam

118 2260 268 2287 statum
308 2252 525 2299 reprobum
566 2252 817 2289 harlatorum
863 2253 895 2290 si
932 2254 1075 2290 fratres
1106 2284 1113 2291 .
1140 2285 1147 2291 .
1174 2284 1214 2291 ..
1255 2254 1437 2300 virtuosi,

120 2322 211 2346 cum
244 2308 444 2346 virtuosos
478 2309 674 2359 contingit
707 2324 791 2348 esse
823 2311 864 2347 in
897 2320 1003 2349 statu
1035 2313 1158 2350 officii
1196 2312 1437 2359 incolarum,

63 2369 77 2378 ⁰
119 2367 210 2404 ideo
255 2376 405 2404 statum
449 2377 672 2416 pastorum,
719 2369 989 2418 agricolarum
1036 2380 1073 2407 et
1124 2370 1296 2408 aliorum
1342 2371 1439 2408 artis

121 2425 356 2462 mechanice
395 2435 562 2474 possunt
605 2427 789 2465 homines
829 2429 998 2466 fundare
1033 2430 1081 2465 ab
1116 2429 1368 2478 experiencia
1401 2438 1438 2466 et

120 2484 332 2532 scriptura,
374 2486 442 2520 sed
480 2497 562 2521 non
603 2494 752 2522 statum
792 2487 963 2523 fratrum
1002 2487 1078 2524 nisi
1118 2488 1221 2524 forte
1254 2500 1298 2524 ex
1330 2488 1438 2525 solu-

191 2640 210 2660 1.
232 2632 264 2659 11]
288 2640 403 2667 marga
430 2640 455 2660 2.
530 2631 554 2660 3.
577 2633 673 2660 Cod.:
703 2634 863 2660 membris.
927 2644 966 2672 ⁴4.
989 2634 1022 2661 In
1044 2643 1140 2670 marg.
1161 2635 1233 2662 intl:

765 2671 779 2715 s
801 2669 961 2699 naturalis,

504 2702 607 2731 Status
629 2702 738 2738 triplex
800 2703 1024 2738 ministerialis,

800 2739 938 2765 moralis.

121 2772 324 2807 5.1nmarg.:
345 2780 371 2798 a.
447 2779 476 2806 9.
491 2771 524 2798 In
541 2780 654 2807 marg:
679 2773 706 2799 b.
784 2782 816 2800 ii.
834 2773 929 2801 Cod.:
950 2773 1044 2801 dedit.
1118 2782 1157 2802 21.
1175 2773 1269 2802 Cod.:
1291 2774 1438 2810 prolium.

121 2805 164 2834 33.
186 2807 313 2841 fratres;
335 2806 474 2842 sequitur
493 2807 551 2834 lac.
573 2815 624 2834 un.
646 2808 742 2835 verbi.

195 2924 226 2953 7.
252 2914 327 2946 Job.
354 2914 448 2954 XIV,
482 2924 625 2955 10—14.

1501 516 1520 535 ι.
1541 507 1679 536 Natural.

1476 924 1501 943 2.
1525 916 1705 944 Ministerial

1464 960 1497 978 as
1517 952 1552 979 of
1593 952 1718 987 rophcts

1482 987 1541 1014 und
1585 992 1700 1014 octors.

1453 1791 1477 1819 3.
1501 1791 1610 1825 Moral,
1626 1792 1727 1819 which

1462 1827 1487 1853 is
1508 1826 1719 1861 independent

1471 1862 1505 1889 of
1522 1862 1572 1888 the
1593 1862 1709 1889 others.

1479 2260 1527 2287 No
1548 2260 1704 2296 authority

1488 2296 1535 2323 for
1556 2296 1646 2322 friars
1667 2295 1697 2323 in

1509 2338 1619 2358 reason
1640 2339 1675 2357 or

1512 2366 1674 2401 scripture.
