1944 3323
118 251 198 285 244
698 247 921 279 JOHANNIS
940 247 1121 279 WYCLIF
1140 245 1394 278 SERMONUM
1443 230 1594 288 [SERMO
1616 239 1710 268 XXX-

404 361 533 390 servat
572 353 745 401 perfecte
783 353 858 388 hoc
897 366 997 401 opus
1037 352 1309 389 misericordie
1343 352 1526 387 observat
1559 357 1711 398 septem

405 423 527 458 opera
582 410 853 447 misericordie
893 410 1115 459 corporalis
1160 419 1196 447 et
1241 409 1318 447 alia
1363 417 1514 457 septem
1562 406 1713 443 miseri-

406 468 541 505 cordie
579 467 811 516 spiritualis,
852 468 952 505 sicut
991 468 1160 516 implens
1199 469 1259 505 vel
1300 467 1492 516 offendens
1530 466 1565 501 in
1599 477 1713 500 unum

181 535 251 582 lt-is
272 534 321 561 the
371 569 376 573 Ἴ
407 528 638 563 mandatnm
680 525 818 574 implet
858 527 918 563 vel
956 527 1111 575 offendit
1149 527 1184 562 in
1224 526 1390 576 singula.
1437 525 1549 560 Illum
1583 531 1714 559 autem

118 570 390 631 ἱξξξῇζζᾞᾟῗοξῗιξς
406 584 473 633 qui
497 598 577 621 non
599 583 861 632 spiritualiter
883 583 1017 620 visitat
1046 583 1221 632 pupillos
1245 582 1454 619 destitutos
1478 595 1499 618 a
1528 580 1716 628 suffragio
1734 582 1750 614 5

118 639 390 709 Οξηῐὲΐῧῖῃῑζᾞῆἰῧ
408 642 546 691 matris
586 642 750 678 ecclesie
788 654 860 678 nec
898 641 1081 678 viduatos
1122 654 1142 677 a
1184 641 1331 678 Christi
1370 638 1621 677 ascendentis
1660 638 1716 673 iu-

407 699 564 737 vamine
598 700 703 736 iuxta
736 699 834 736 illud
865 699 1012 736 Psalmi
1047 728 1054 735 .
1081 729 1087 736 .
1114 728 1120 734 .
1147 728 1154 735 .
1196 699 1355 734 Viduam
1389 698 1467 734 eius
1498 696 1719 733 benedicens

407 758 640 805 benedicam,
687 770 767 793 non
811 757 1000 793 informat
1044 756 1183 804 religio
1236 755 1465 801 christiana,
1512 763 1548 791 et
1581 762 1717 790 tamen

410 815 549 864 religio
583 825 639 852 est
662 815 793 852 forma
817 828 894 864 qua
928 816 1050 852 homo
1082 827 1172 851 vere
1206 822 1242 850 et
1263 826 1345 850 non
1376 825 1475 850 vane
1508 811 1717 859 religiosus

409 874 567 910 dicitur.
602 875 679 910 Sed
712 873 813 909 sicut
845 881 1005 921 oportet
1037 874 1086 909 ad
1119 871 1369 909 serviendum
1394 873 1477 907 Deo
1510 868 1718 906 informari
1738 881 1776 901 10

410 931 555 968 trinam
590 931 753 980 spiritus
792 930 956 967 humani
995 929 1237 979 potenciam,
1277 929 1427 966 scilicet
1466 926 1718 972 memoriam,

410 989 613 1026 racionem
653 998 689 1026 et
720 989 982 1034 voluntatem,
1021 988 1076 1025 sic
1117 996 1277 1036 oportet
1314 999 1451 1023 verum
1490 984 1718 1033 religiosum

410 1047 671 1096 spiritualiter
693 1046 853 1083 visitare
876 1046 1049 1095 pupillos
1074 1055 1109 1083 et
1132 1045 1270 1082 viduas
1294 1054 1331 1081 et
1354 1057 1393 1081 se
1416 1043 1719 1080 immaculatum

410 1107 459 1142 ab
493 1106 568 1142 hoc
601 1105 735 1142 seculo
769 1104 983 1141 custodire.
1018 1103 1057 1141 Si
1091 1103 1194 1140 enim
1219 1102 1337 1139 fuerit
1369 1102 1408 1138 in
1431 1099 1721 1150 temporalibus

413 1164 651 1209 maculatus,
703 1175 773 1199 sua
822 1161 1004 1199 visitacio
1056 1175 1138 1198 non
1188 1161 1369 1198 reficeret
1421 1161 1489 1196 sed
1541 1158 1721 1194 inficeret
1741 1160 1776 1192 15

412 1221 665 1258 christianos.
701 1220 764 1257 Sic
789 1220 892 1256 enin]
916 1219 1047 1257 vocati
1071 1219 1212 1268 prelati
1230 1218 1435 1255 visitantes
1460 1216 1721 1266 particulares

413 1279 600 1316 ecclesias
639 1291 709 1327 per
747 1291 859 1314 suam
899 1276 1116 1314 avariciam
1155 1276 1337 1313 inficiunt
1378 1284 1413 1312 et
1458 1283 1601 1311 nocent
1645 1272 1722 1309 illis

413 1351 511 1386 quas
544 1336 767 1386 apostatice
800 1336 856 1372 sic
888 1335 1061 1372 visitant.

132 1404 338 1440 Fourcauses
359 1401 392 1427 of
470 1397 518 1432 Et
556 1403 651 1431 nota
689 1395 908 1430 secundum
948 1393 1218 1441 perspectivos
1266 1393 1373 1441 quod
1418 1399 1591 1439 quatuor
1634 1397 1722 1425 sunt

161 1444 357 1500 1-0{{}¹{-‘}¹{„¹‹¹⁷¹a
413 1465 531 1490 cause
568 1461 733 1501 propter
772 1465 869 1500 quas
910 1460 1063 1487 erratur
1101 1451 1139 1486 in
1172 1449 1317 1486 intuitu
1349 1448 1560 1498 speculari,
1592 1446 1722 1495 primo
1739 1461 1778 1482 20

150 1491 370 1541 loo‘ianggffiss.
414 1519 575 1560 propter
621 1509 981 1557 intemperanciam
1029 1508 1128 1545 lucis
1172 1508 1314 1544 reflexe
1359 1519 1435 1555 que
1482 1505 1621 1542 exhinc
1666 1513 1723 1540 est

414 1568 601 1613 debilior3
619 1569 794 1604 secundo
811 1576 975 1615 propter
996 1566 1093 1602 situs
1116 1565 1400 1610 diversitatem,
1421 1564 1545 1600 tercio
1561 1571 1724 1610 propter

413 1626 550 1676 puncti
578 1625 650 1662 visi
674 1629 710 1671 (a
734 1638 813 1674 quo
837 1625 967 1662 forma
990 1624 1223 1669 reflectitur)
1246 1622 1539 1667 remocionem3
1568 1620 1723 1657 videtur

415 1685 519 1722 enim
551 1683 828 1732 speculiariter
860 1683 986 1719 visum
1020 1695 1090 1730 per
1124 1681 1323 1730 duplicem
1364 1681 1523 1725 lineam,
1558 1690 1632 1727 que
1666 1686 1724 1714 est

415 1742 593 1780 incidens
646 1750 682 1778 et
735 1741 897 1786 reflexa;
952 1749 988 1777 et
1041 1748 1185 1788 quarto
1237 1748 1402 1787 propter
1453 1736 1723 1774 variacionem
1741 1740 1779 1770 25

415 1800 538 1837 centri
570 1799 676 1836 visus
709 1811 730 1835 a
762 1798 972 1847 superficie
1006 1798 1261 1846 speculorum
1296 1800 1352 1841 (ut
1386 1804 1494 1844 patet
1526 1796 1579 1830 V0
1612 1793 1723 1829 Vitu-

415 1858 516 1895 lonis
550 1857 804 1894 conclusione
836 1856 1034 1904 septima).

128 1922 258 1961 rum-2111
279 1921 392 1960 walsted
474 1916 844 1963 Correspondenter
883 1927 971 1950 cum
1011 1912 1145 1950 radius
1183 1912 1362 1948 incidens
1401 1911 1450 1947 sit
1489 1909 1622 1958 gracia
1667 1908 1724 1944 in-

157 1966 185 1984 m
208 1957 363 1984 remonon.
415 1974 618 2010 tellectum
652 1972 854 2009 illustrans
879 1984 953 2020 que
988 1971 1026 2007 in
1048 1984 1193 2008 vanum
1218 1969 1408 2017 recipitur
1433 1978 1469 2005 et
1492 1966 1722 2012 reflectitur,

416 2033 509 2068 dum
564 2043 683 2079 opere
734 2043 816 2066 non
868 2030 1056 2078 impletur
1108 2036 1272 2077 propter
1324 2027 1521 2063 defectum
1575 2024 1723 2073 experti
1741 2026 1782 2059 30

415 2089 569 2138 saporis
599 2087 820 2125 dulcedinis
854 2086 1086 2124 abscondite
1119 2086 1158 2123 in
1190 2097 1322 2134 opere,
1357 2097 1474 2133 quem
1499 2084 1646 2120 habent
1669 2082 1724 2118 illi

417 2147 483 2196 qui
526 2147 774 2184 voluntatem
824 2146 893 2182 Dei
939 2143 1162 2182 voluntarie
1207 2142 1441 2192 practizant,
1487 2142 1591 2178 ultra
1635 2140 1724 2176 illos

417 2205 483 2254 qui
522 2204 694 2241 inaniter
732 2204 990 2240 solummodo
1028 2202 1297 2250 speculantur,
1343 2208 1452 2249 patet
1491 2211 1724 2247 correspon—

129 2277 154 2296 2.
177 2268 330 2316 Positiom
353 2267 402 2294 the
418 2262 560 2299 dencia
581 2262 700 2311 primi
723 2274 871 2298 sensus.
897 2262 1040 2307 Quoad
1062 2259 1181 2296 situm
1207 2257 1371 2295 ecclesie
1394 2257 1522 2294 omnis
1538 2265 1726 2306 peccator

132 2305 394 2373 piffl'ssoliliinffilxnin
419 2334 507 2357 cum
541 2320 590 2356 sit
623 2321 816 2368 superbus
849 2319 961 2367 ponit
990 2331 1030 2354 se
1062 2316 1283 2365 reputative
1316 2316 1356 2352 in
1387 2315 1464 2352 situ
1488 2314 1558 2351 Dei
1592 2328 1613 2351 a
1647 2327 1725 2362 quo
1744 2315 1782 2347 35

160 2374 209 2400 ΗΝ
238 2374 316 2434 Ἶὲἕῗ
337 2372 371 2398 ΟΥ
418 2378 599 2414 influitur
632 2377 846 2414 influencia
879 2375 1144 2424 intelligencie
1185 2383 1221 2411 et
1260 2374 1350 2410 ideo
1384 2381 1441 2410 est
1473 2381 1648 2417 cecatus3
1689 2380 1725 2408 et

419 2436 511 2472 hinc
545 2443 705 2484 oportet
737 2436 844 2484 quod
883 2434 933 2471 sit
973 2446 1083 2470 error
1115 2433 1155 2469 in
1188 2433 1338 2468 mundo
1371 2432 1504 2480 quoad
1537 2430 1655 2467 situm
1690 2437 1726 2465 et

421 2492 753 2542 magnitudinem.

419 2662 450 2691 35
511 2627 669 2689 .gsalmic;i
689 2626 825 2662 sequitur
840 2627 957 2653 lacuna.
1013 2624 1175 2652 20->25.111
1193 2631 1304 2658 marg:
1330 2631 1404 2656 1—4.
1463 2621 1507 2649 26.
1524 2620 1618 2648 Cod.:
1639 2620 1724 2647 visis.

456 2684 460 2690 .
511 2671 528 2689 0
555 2672 578 2690 ‚z
600 2670 630 2689 se
674 2666 746 2689 cest.

491 2780 523 2810 4.
549 2768 665 2800 Jacobi
696 2768 734 2808 ΙΙ,
759 2778 809 2799 10.
840 2767 1044 2807 Quicunque
1066 2793 1071 2798 .
1091 2790 1097 2796 .
1118 2790 1124 2797 .
1145 2791 1152 2798 .
1179 2764 1339 2809 offendat
1365 2764 1399 2796 in
1429 2762 1649 2804 u710,factus
1675 2765 1725 2793 est

423 2815 578 2847 omnium
608 2823 698 2847 reus.
830 2824 861 2855 7.
890 2814 944 2844 Ps.
972 2812 1126 2851 CXXXI,
1150 2812 1200 2844 15.
1334 2808 1387 2841 26.
1417 2810 1466 2841 De
1494 2808 1655 2840 Vitelone
1681 2806 1723 2838 cf.

423 2862 547 2902 Serm.‚
572 2860 641 2892 vol.
671 2860 708 2900 11,
734 2869 811 2902 pag.
841 2858 915 2891 385,
