1944 3323
189 614 205 646 5

170 914 209 935 10

171 1194 207 1225 15

170 1495 211 1516 20

173 2357 212 2389 35

171 2658 215 2689 40

222 269 359 298 semro
380 258 448 315 XL}
708 267 882 299 TERTIA
914 266 1039 297 PARS.

281 379 357 415 Sed
392 376 516 414 tercio
551 375 731 412 obiciunt
764 383 904 410 contra
943 372 1068 408 istud:
1104 371 1221 406 Multi
1253 382 1366 405 unum
1401 382 1541 418 corpus

221 449 354 473 sumus
395 437 430 472 1'11
469 435 639 480 Christo,
678 432 826 483 singuli
862 439 987 468 autem
1028 430 1129 466 alter
1161 428 1323 464 alterius
1356 428 1540 464 membru.

224 497 277 531 Ex
316 495 391 531 hoc
433 492 650 542 (inquiunt)
689 499 923 539 sequeretur
957 490 1065 537 quod
1105 486 1287 524 homines
1327 494 1541 534 quantum-

223 565 380 601 cunque
433 551 626 588 distantes
677 557 967 597 componerent
1016 559 1137 582 unum
1186 557 1344 592 corpus,
1392 553 1428 580 et
1474 556 1543 590 per

223 623 471 659 consequens
511 622 599 646 cum
641 607 718 644 sint
758 616 892 655 partes
932 603 1197 654 quantitative
1237 602 1414 639 eiusdem
1457 614 1544 637 cor-

221 668 344 718 poris,
389 681 467 705 una
513 679 604 716 pars
652 665 956 703 continuaretur
994 675 1084 700 cum
1118 660 1293 710 reliqua3
1335 670 1371 696 et
1410 661 1542 708 quoad

222 728 440 764 secundam
486 735 640 774 partem
687 733 815 761 textus
847 720 1032 771 Apostoli
1077 720 1233 756 videtur
1273 732 1356 755 esse
1398 718 1540 755 falsum

223 786 331 834 quod
365 784 511 833 singuli
545 782 727 821 homines
761 790 853 818 sunt
887 782 987 818 alter
1021 778 1184 816 alterius
1219 778 1414 822 membra,
1450 775 1542 824 quia

223 843 279 881 sic
311 844 459 880 nedum
493 841 662 891 quilibet
696 842 819 877 homo
854 846 1117 887 componeret
1150 834 1418 884 quantitative
1452 847 1540 871 cum

224 901 379 951 reliquo
419 902 487 937 sed
521 899 688 949 quilibet
729 900 852 935 homo
894 896 995 934 sicut
1029 894 1237 944 quodlibet
1271 892 1540 942 compositum

224 961 325 997 foret
360 958 586 1007 composite
620 970 688 994 sue
721 965 869 1005 partes.

282 1019 360 1055 Sed
401 1019 449 1054 ad
491 1016 609 1053 istum
649 1015 852 1052 obiectum
894 1012 1040 1050 dicitur
1074 1011 1334 1048 concedendo
1369 1009 1541 1057 primam

225 1075 525 1113 conclusionem
568 1075 626 1122 (ut
666 1082 775 1121 patet
814 1072 853 1108 in
892 1070 1126 1109 obieccione
1159 1068 1325 1118 primam
1359 1080 1543 1115 verump-

225 1144 361 1172 tamen
410 1135 589 1170 notanda
643 1141 702 1168 est
755 1129 986 1167 differencia
1037 1128 1140 1165 inter
1199 1125 1541 1174 composicionem

225 1193 449 1230 naturalem
490 1201 528 1228 et
567 1190 780 1227 misticam.
831 1189 1062 1226 Secundum
1097 1183 1441 1233 composicionem
1475 1196 1544 1220 na—

225 1251 396 1288 turalem
431 1249 598 1299 quilibet
631 1250 754 1286 homo
788 1245 1047 1296 componitur
1080 1257 1170 1282 cum
1205 1242 1385 1292 quolibet
1418 1254 1542 1278 unum

225 1322 384 1357 corpus,
419 1318 456 1345 et
488 1308 543 1345 ita
576 1307 668 1345 licet
700 1306 777 1343 sint
810 1314 944 1354 partes
978 1301 1242 1353 quantitative
1282 1300 1423 1345 tocius,
1464 1313 1544 1336 non

227 1376 362 1404 tamen
402 1366 578 1416 quelibet
612 1364 872 1403 continuatur
911 1376 1002 1400 cum
1037 1360 1228 1411 qualibet.
1275 1357 1544 1397 Continuacio

227 1426 389 1475 quidem
429 1425 509 1462 sive
549 1422 747 1461 distancia
786 1435 876 1459 cum
916 1421 965 1458 sit
1006 1428 1210 1469 respectus
1257 1427 1293 1454 ct
1333 1430 1411 1453 non
1452 1429 1544 1465 pars

227 1483 469 1529 substancie‚
514 1495 596 1519 non
641 1481 745 1519 tollit
789 1479 1083 1528 idemptitatem
1124 1476 1319 1525 corporis⁷
1360 1488 1449 1512 cum
1497 1474 1545 1511 sit

227 1541 458 1579 accidencia
507 1554 528 1578 a
574 1539 770 1589 quiditate
821 1537 1048 1575 substancie
1093 1546 1175 1573 tam
1228 1543 1443 1571 remotum.
1498 1535 1545 1569 Et

229 1609 338 1649 patet
386 1601 493 1649 quod
538 1612 619 1636 non
664 1597 862 1646 sequitur:
914 1595 954 1633 Si
995 1598 1133 1632 Petrus
1187 1603 1224 1631 et
1265 1592 1410 1629 Paulus
1455 1601 1545 1628 sunt

229 1668 362 1707 partes
401 1656 666 1706 quantitative
707 1656 885 1693 eiusdem
927 1653 1109 1702 corporis
1150 1653 1258 1701 quod
1298 1650 1374 1698 ipsi
1420 1650 1545 1687 conti-

228 1726 401 1753 nuentur
430 1717 479 1753 ad
510 1714 700 1760 invicem;
734 1715 802 1751 sed
831 1713 926 1750 satis
957 1721 1013 1749 est
1039 1712 1145 1760 quod
1176 1710 1240 1747 ille
1264 1718 1399 1757 partes
1429 1722 1544 1745 suum

173 1786 186 1796 '
228 1784 357 1811 totum
399 1772 665 1823 quantitative
705 1771 854 1809 faciant
895 1783 978 1807 esse
1019 1769 1159 1807 maius.
1214 1769 1291 1805 Sed
1334 1767 1442 1803 aliud
1489 1776 1546 1803 est

229 1846 375 1881 corpus
415 1832 615 1869 misticum
662 1832 770 1879 quod
810 1842 929 1877 super
970 1841 1054 1865 esse
1092 1827 1275 1864 naturale
1313 1824 1547 1874 superaddit

229 1891 408 1940 graciam
443 1887 817 1939 predestinacionis.
858 1889 906 1923 Et
939 1887 995 1924 sic
1028 1886 1232 1936 loquendo
1263 1897 1345 1921 non
1380 1883 1547 1932 quilibet

230 1951 352 1986 homo
392 1948 547 1985 mistice
588 1946 796 1996 componit
836 1959 925 1982 cum
967 1945 1137 1994 reliquo,
1173 1956 1263 1980 cum
1297 1941 1431 1980 deficit
1463 1943 1546 1990 glu-

229 2008 356 2045 tinum
391 2005 752 2056 predestinacionis
787 2004 1039 2041 continuans.
1075 2005 1185 2040 Unus
1224 2000 1328 2038 enim
1364 2000 1547 2039 Christus

171 2065 188 2098 3
229 2065 514 2103 denominatur
544 2074 581 2102 et
609 2065 710 2101 alter
732 2062 870 2100 Belial.
902 2063 978 2099 Sed
1010 2074 1086 2111 que
1117 2059 1374 2098 continuacio
1399 2058 1544 2096 Christi

230 2126 279 2162 ad
312 2123 464 2161 Belial?
509 2125 556 2159 Et
597 2122 674 2159 isto
715 2122 837 2158 modo
877 2130 1045 2169 possunt
1085 2118 1183 2156 solvi
1223 2127 1363 2155 contra
1397 2126 1544 2153 textum

229 2182 413 2231 Apostoli
447 2184 473 2218 Ι.
499 2183 590 2218 Cor.
616 2182 719 2225 X110,
754 2179 821 2216 ubi
855 2188 1058 2216 exercetur
1092 2176 1314 2214 consimilis
1348 2175 1476 2223 logica
1511 2184 1547 2211 ct.

228 2254 320 2290 sepe
354 2239 449 2277 alibi
483 2239 522 2276 in
554 2238 768 2287 scriptura.

288 2301 461 2347 Purgato
501 2310 594 2346 ergo
634 2297 710 2333 isto
749 2305 857 2333 textu
888 2294 1073 2343 Apostoli
1113 2295 1162 2330 ab
1211 2292 1366 2329 insania
1413 2291 1545 2340 sophi-

229 2369 381 2394 starum
422 2355 638 2393 videndum
679 2364 736 2391 est
778 2356 825 2391 de
864 2352 1113 2402 pertinencia
1153 2363 1290 2388 sensus
1337 2350 1408 2387 sui.
1456 2350 1545 2385 Vult

230 2429 322 2464 ergo
347 2415 564 2463 Apostolus
594 2412 829 2450 diffiniendo
864 2413 1008 2449 docere
1038 2412 1159 2459 quod,
1191 2409 1292 2446 sicut
1315 2409 1355 2445 in
1378 2421 1547 2457 corpore

230 2473 403 2511 naturali
447 2473 717 2521 quodcunque
770 2471 996 2508 membrum
1046 2469 1153 2505 iuvat
1198 2467 1411 2516 reliquum,
1458 2466 1547 2503 licet

232 2532 548 2580 unumquodque
582 2531 727 2567 habeat
750 2529 928 2566 officium
963 2540 1032 2576 per
1056 2540 1096 2564 se
1129 2525 1262 2575 primo
1295 2525 1368 2562 sibi
1402 2538 1547 2573 appro-

233 2590 421 2638 priatum,
452 2588 507 2625 sic
538 2588 575 2624 in
606 2600 775 2636 corpore
799 2586 947 2624 Christi
980 2585 1137 2622 mistico
1162 2585 1269 2633 quod
1301 2593 1357 2620 est
1381 2582 1547 2620 ecclesia

233 2648 549 2696 unumquodque
585 2647 810 2683 membrum
846 2646 962 2681 debet
995 2642 1258 2692 spiritualiter
1291 2642 1425 2679 iuvare
1459 2640 1548 2677 reli-

301 2779 320 2798 1.
333 2771 365 2798 In
379 2778 474 2804 marg.
487 2779 492 2797 ς
505 2769 615 2797 Tercia
627 2769 774 2795 obieccio.
826 2776 864 2796 12.
876 2767 910 2795 In
924 2775 1036 2801 marg:
1054 2766 1237 2804 ResponsiO.
1295 2764 1503 2798 15.1nma1·g.:
1522 2772 1547 2790 ιι

621 2819 822 2855 composicio
843 2819 955 2854 duplex
981 2805 994 2869 ἶ
1020 2801 1166 2863 Πηξίἓᾞέὲμ

232 2874 277 2903 30.
300 2875 534 2902 denominatur:
561 2873 616 2900 defi
640 2873 668 2899 iu
691 2872 758 2900 cod.
867 2870 909 2899 31³.
931 2871 1026 2899 Cod.:
1048 2870 1108 2897 alii.
1211 2868 1256 2902 31.
1279 2870 1310 2895 Iu
1334 2876 1446 2903 marg:
1469 2866 1547 2893 Nola

233 2917 356 2939 sensum
378 2908 535 2945 Apostoli.

1779 254 1834 297 85,

1584 376 1622 403 ,Μ
1644 377 1812 404 ubiccuonz

1601 411 1699 446 lixery
1721 419 1789 437 man

1583 446 1682 472 would
1707 446 1741 472 bc
1763 446 1809 472 liis

1603 489 1671 507 own
1695 485 1788 514 parts.

1622 1017 1767 1043 Ausum:-

1596 1050 1721 1078 Natural
1745 1051 1802 1078 and

1631 1086 1769 1113 nii-stica!

1594 1117 1804 1148 combination

1648 1155 1746 1183 differ.

1573 1424 1754 1459 Cominium·
1775 1424 1833 1450 and

1597 1459 1734 1486 distance
1755 1467 1806 1486 arc

1614 1494 1780 1521 accidents.

1636 2588 1708 2622 ΙΝΙΙ)
1735 2589 1768 2614 ot

1592 2623 1706 2649 mutual
1730 2623 1808 2657 help.
