1944 3323
134 246 178 278 4¹
194 243 214 268 2
704 242 925 274 JOHANNIS
947 242 1127 273 WYCLIF
1146 242 1400 274 SERMONUM
1426 229 1577 286 [SERMO
1598 240 1733 268 XLVIII.

424 350 612 391 facerent,
659 362 748 385 eum
796 348 991 384 desideria
1045 348 1175 385 carnis
1229 349 1480 396 perficerent,
1535 351 1609 386 hoc
1663 359 1733 396 est,

424 420 548 455 usque
581 408 629 443 ad
665 419 765 454 opus
799 406 1063 442 extrinsecum
1099 407 1215 454 plene
1248 407 1437 443 facerent.

134 474 259 512 *carnal
282 474 390 509 liberty
481 467 559 501 Isto
589 473 722 501 autem
755 465 876 500 modo
900 463 1104 500 inducitur
1128 465 1362 501 mandatum
1386 464 1589 512 Apostoli3
1626 464 1734 512 prius

132 518 158 536 ¹⁸
179 509 258 544 ¹¹¹¹¹y
277 509 405 544 ⁵¹³¹v⁶¹3⁸
423 523 527 559 enim
577 521 811 559 manuduxit
856 523 1030 567 Galatas,
1082 535 1129 559 ne
1179 523 1401 559 subdantur
1444 522 1734 559 tradicionibus

421 581 601 617 onerosis
645 580 847 628 legalium,
889 593 979 616 cum
1020 579 1200 616 homines
1238 580 1340 616 sicut
1379 589 1460 616 tam
1500 581 1580 616 fere
1613 586 1767 629 quan]5

421 652 511 675 aves
561 638 799 675 naturaliter
850 646 1044 686 appetunt
1088 637 1326 675 libertatem.
1382 640 1459 674 Sed
1507 651 1597 674 cum
1642 638 1733 674 talis

421 696 578 733 effrenis
624 695 788 733 libertas
834 696 1033 745 aliquibus
1073 695 1121 732 sit
1165 696 1321 742 nociva,
1368 698 1483 732 docet
1517 696 1733 744 Apostolus

421 754 593 802 qualiter
632 767 653 790 a
687 754 755 791 tali
788 754 947 791 vinculo
980 753 1137 790 liberati
1171 755 1315 790 debent
1347 755 1566 790 secundum
1606 755 1732 802 legem

420 812 593 861 Spiritus
618 821 653 848 et
669 825 749 848 non
771 813 1018 861 voluptatem
1046 811 1175 849 carnis
1198 811 1237 847 in
1254 812 1325 848 Dei
1348 812 1490 848 semita
1513 812 1732 848 ambulare.

420 872 467 906 Et
491 870 581 907 talis
614 870 843 907 ambulacio
877 880 933 907 est
967 870 1132 906 omnino
1166 869 1322 906 facilior
1354 879 1390 906 et
1424 870 1581 906 brevior
1614 883 1733 918 quam
1755 885 1792 905 10

421 928 607 965 carnalis.
653 928 809 965 Caritas
850 928 955 965 enim
995 941 1085 965 cum
1129 928 1178 964 sit
1217 936 1327 965 actus
1372 927 1534 976 spiritus
1579 937 1615 964 et
1653 941 1733 964 non

421 987 601 1035 corporis
634 999 706 1023 nec
739 986 907 1035 requirit
939 999 1089 1034 organa
1121 986 1201 1022 sive
1224 986 1401 1032 divicias,
1434 985 1536 1022 sicut
1568 985 1735 1034 requirit

421 1044 592 1081 carnalis
625 1045 823 1092 voluptas,
858 1054 915 1081 est
948 1044 1075 1081 facilis
1115 1053 1232 1093 atque
1266 1044 1378 1091 levis3
1412 1045 1516 1080 unde
1550 1053 1735 1092 putantes

421 1102 635 1139 carnaliter
668 1115 708 1139 se
740 1102 918 1139 libertari
952 1104 1001 1139 ad
1035 1102 1261 1139 faciendum
1296 1101 1490 1150 quidquid
1522 1101 1733 1147 voluerint,

420 1174 461 1197 se
494 1160 601 1209 ipsos
641 1160 680 1196 in
718 1160 952 1197 servitutem
990 1161 1209 1209 illaqueant
1244 1169 1281 1196 et
1314 1162 1500 1196 deserunt
1534 1159 1730 1196 desidera-
1755 1164 1790 1195 15

420 1218 539 1255 bilem
575 1218 816 1255 libertatem.
851 1219 1099 1255 Generaliter
1127 1218 1231 1255 enim
1267 1226 1323 1263 (put
1357 1230 1449 1266 sepe
1473 1217 1622 1254 dictum
1658 1220 1730 1264 est)

419 1289 591 1325 peccans
623 1277 663 1313 in
694 1277 909 1313 Dominum
946 1276 1146 1313 maliciam
1181 1276 1221 1312 in
1254 1289 1293 1312 se
1326 1276 1456 1324 ipsum
1493 1277 1733 1321 reverberat,

422 1348 505 1371 non
539 1335 578 1371 in
612 1336 752 1371 Deum.

167 1401 246 1439 Such
270 1400 295 1427 is
317 1400 365 1427 the
479 1395 526 1428 Et
559 1393 614 1429 sic
647 1393 886 1440 generaliter
919 1394 966 1429 de
1001 1392 1290 1429 mencientibus
1323 1400 1441 1440 atque
1475 1392 1732 1439 peccantibus

165 1435 371 1497 {Jffiffffi‘ngoffie
421 1451 459 1487 in
499 1464 615 1487 suum
654 1450 895 1499 proximum.
950 1450 1122 1495 Quidam
1170 1450 1274 1486 enim
1321 1449 1501 1486 nituntur
1545 1450 1731 1486 libertare
1749 1464 1791 1486 20

149 1505 388 1574 “fflgdpllssissssttiffi
421 1509 588 1545 clericos
621 1510 781 1545 dotatos
815 1509 853 1544 in
878 1509 1033 1556 Anglia,
1068 1510 1174 1557 quod
1205 1518 1560 1557 quantumcunque
1594 1518 1733 1544 contra

228 1575 308 1613 from
420 1568 547 1615 legem
572 1568 630 1603 vel
665 1580 830 1615 regnum
856 1566 1108 1614 deliquerint,
1142 1580 1222 1603 non
1255 1566 1295 1602 in
1328 1566 1536 1603 ablacione
1569 1579 1731 1602 suorum

162 1609 370 1643 pmnshmcnt.
420 1625 704 1673 temporalium
750 1625 889 1661 saltem
936 1626 984 1661 ad
1030 1624 1132 1672 regis
1176 1623 1386 1661 arbitrium
1432 1624 1650 1673 puniantur
1697 1634 1732 1660 et

421 1697 511 1720 cum
550 1683 605 1720 sic
644 1683 745 1720 veris
784 1683 992 1730 implicant
1032 1685 1137 1731 quod
1184 1682 1456 1718 nobilissimus
1496 1695 1560 1718 rex
1592 1683 1733 1730 Anglie

421 1743 639 1778 Edwardus
673 1744 719 1778 Ill
760 1741 809 1777 sit
848 1742 1108 1789 dampnatus,
1148 1750 1184 1777 et
1223 1753 1292 1789 per
1332 1753 1592 1789 consequens,
1633 1741 1733 1777 sicut
1751 1745 1789 1777 25

421 1813 502 1836 non
535 1809 651 1836 orant
685 1799 912 1848 specialiter
945 1812 1019 1847 pro,
1051 1799 1226 1844 diabolo,
1266 1798 1321 1835 sic
1361 1812 1432 1835 nec
1466 1808 1626 1835 orarent
1660 1812 1733 1847 pro

421 1858 503 1904 illo,
528 1871 618 1894 cum
644 1857 780 1894 oracio
804 1869 942 1893 eorum
967 1858 1069 1893 foret
1093 1857 1309 1905 superflua,
1335 1866 1371 1893 et
1395 1870 1464 1905 per
1488 1870 1734 1905 consequens

422 1929 512 1952 cum
553 1917 701 1952 habent
741 1916 869 1951 multa
908 1915 1150 1963 temporalia
1188 1917 1410 1951 secundum
1450 1915 1559 1951 illam
1595 1915 1732 1951 condi-

421 1974 576 2010 cionem
612 1974 665 2010 eis
699 1986 938 2022 expressam,
973 1973 1223 2009 convincitur
1246 1985 1288 2009 ex
1313 1986 1450 2009 eorum
1486 1973 1732 2010 confessione

421 2033 530 2080 quod
563 2033 612 2069 ab
645 2031 740 2080 ipsis
773 2031 850 2067 sint
873 2044 943 2067 sua
966 2031 1207 2079 temporalia
1240 2031 1469 2067 auferenda.
1504 2033 1593 2067 Non
1626 2031 1729 2067 enim
1748 2033 1790 2065 30

420 2089 511 2126 licet
551 2090 605 2126 eis
642 2098 684 2125 ut
723 2089 906 2136 begardis
944 2091 1162 2126 secundum
1198 2102 1313 2125 suum
1347 2089 1538 2125 iudicium
1575 2089 1731 2137 evagari

419 2148 481 2184 vel
513 2161 584 2184 sua
617 2147 805 2195 suffragia
838 2149 1058 2183 secundum
1094 2146 1341 2183 intenciones
1375 2156 1732 2196 quantumcunque

421 2206 622 2253 regulares
646 2204 873 2241 desiderant
897 2205 1083 2250 limitare,
1108 2205 1201 2254 quia
1231 2214 1324 2241 tunc
1348 2205 1500 2241 iuvaret
1533 2206 1732 2242 seculares

421 2272 614 2311 patronos
647 2262 880 2311 specificare
914 2263 967 2299 eis
1000 2264 1178 2310 regulam
1213 2265 1430 2299 secundum
1459 2275 1578 2310 quam
1603 2263 1732 2300 vivere

421 2323 592 2358 debeant
630 2322 689 2358 vel
729 2334 857 2367 orare,
899 2330 935 2357 et
977 2334 1065 2357 cum
1107 2321 1326 2369 capitulum
1368 2320 1542 2357 eiusdem
1579 2321 1730 2357 ordinis
1748 2322 1788 2354 35

420 2380 589 2416 fratrum
644 2380 788 2415 habeat
840 2378 1095 2427 singulariter
1149 2379 1325 2415 officium
1382 2380 1432 2415 ad
1486 2378 1730 2415 audiendum

421 2437 691 2474 confessiones
724 2436 825 2484 regis
859 2436 1003 2485 prioris
1037 2446 1073 2473 et
1096 2436 1297 2485 sequentis
1331 2436 1578 2485 posterioris,
1611 2436 1730 2473 nimis

422 2495 596 2543 perfidus
635 2496 737 2531 foret
775 2504 812 2531 et
845 2495 1016 2531 infidelis
1049 2495 1150 2531 sicut
1183 2503 1290 2531 totus
1323 2496 1422 2531 ordo
1456 2507 1548 2530 suus
1582 2494 1621 2530 in
1653 2494 1729 2531 isto

421 2553 493 2589 sibi
547 2552 818 2598 consenciens,
877 2552 950 2589 nisi
1015 2553 1241 2589 notificaret
1294 2552 1373 2600 regi
1427 2552 1628 2600 superstiti
1682 2554 1729 2589 de

421 2611 599 2659 periculo
633 2610 780 2647 heresis
814 2610 929 2646 huius
963 2610 1242 2658 dampnabilis.
1741 2623 1787 2654 40

133 2674 267 2708 Bishops
288 2674 397 2701 should
478 2668 667 2717 Episcopi
708 2677 841 2704 autem
882 2676 918 2704 et
957 2669 1098 2705 fratres
1138 2669 1166 2704 si
1209 2668 1464 2704 crediderunt
1505 2669 1579 2704 hoc
1619 2669 1724 2715 quod

176 2709 288 2744 preach
310 2709 359 2735 the
1016 2726 1023 2732 .
1599 2725 1606 2730 .
1638 2725 1644 2730 .

222 2743 314 2771 truth.
421 2728 655 2775 dampnant,
690 2727 834 2763 debent
868 2738 910 2762 ex
944 2735 1110 2763 caritate
1143 2727 1339 2763 subducta
1372 2738 1464 2762 cara
1490 2727 1726 2762 condlcmne

488 2870 530 2898 33.
553 2871 648 2899 Cod.:
676 2871 831 2898 secularis.
905 2871 945 2898 35.
968 2871 1062 2899 Cod.:
1090 2872 1242 2905 capitulis.
1316 2879 1362 2904 42.
1386 2871 1586 2898 conducione.
