<?xml version="1.0" encoding="UTF-8"?>
<!DOCTYPE html PUBLIC "-//W3C//DTD XHTML 1.0 Transitional//EN"
    "http://www.w3.org/TR/xhtml1/DTD/xhtml1-transitional.dtd">
<html xmlns="http://www.w3.org/1999/xhtml" xml:lang="en" lang="en">
 <head>
  <title>
</title>
<meta http-equiv="Content-Type" content="text/html;charset=utf-8" />
  <meta name='ocr-system' content='tesseract 3.04.00' />
  <meta name='ocr-capabilities' content='ocr_page ocr_carea ocr_par ocr_line ocrx_word'/>
</head>
<body>
  <div class='ocr_page' id='page_1' title='image "./iohanniswyclifse0703wycl_0051.png"; bbox 0 0 1944 3323; ppageno 0'>
   <div class='ocr_carea' id='block_1_1' title="bbox 116 280 1719 340">
    <p class='ocr_par' dir='ltr' id='par_1_1' title="bbox 116 280 1719 340">
     <span class='ocr_line' id='line_1_1' title="bbox 116 280 1719 340; baseline -0.002 -13"><span class='ocrx_word' id='word_1_1' title='bbox 116 289 253 324; x_wconf 62' lang='lat' dir='ltr'>smum</span> <span class='ocrx_word' id='word_1_2' title='bbox 268 280 337 340; x_wconf 65' lang='grc' dir='ltr'>Ν]</span> <span class='ocrx_word' id='word_1_3' title='bbox 597 293 777 327; x_wconf 65' lang='grc' dir='ltr'>τεκτιΑ</span> <span class='ocrx_word' id='word_1_4' title='bbox 804 294 930 327; x_wconf 76' lang='lat' dir='ltr'>PARS.</span> <span class='ocrx_word' id='word_1_5' title='bbox 1670 297 1719 335; x_wconf 56' lang='grc' dir='ltr'>ρῳ</span> 
     </span>
    </p>
   </div>
   <div class='ocr_carea' id='block_1_2' title="bbox 51 398 1719 2715">
    <p class='ocr_par' dir='ltr' id='par_1_2' title="bbox 51 398 1719 2715">
     <span class='ocr_line' id='line_1_2' title="bbox 115 398 1678 450; baseline -0.003 -10"><span class='ocrx_word' id='word_1_6' title='bbox 115 405 162 440; x_wconf 90' lang='lat' dir='ltr'>de</span> <span class='ocrx_word' id='word_1_7' title='bbox 202 403 369 439; x_wconf 87' lang='lat' dir='ltr'>muliere</span> <span class='ocrx_word' id='word_1_8' title='bbox 415 401 612 450; x_wconf 79' lang='lat' dir='ltr'>contingit</span> <span class='ocrx_word' id='word_1_9' title='bbox 659 403 734 438; x_wconf 90' lang='lat' dir='ltr'>hoc</span> <span class='ocrx_word' id='word_1_10' title='bbox 782 401 865 438; x_wconf 81' lang='lat' dir='ltr'>fieri</span> <span class='ocrx_word' id='word_1_11' title='bbox 913 401 1075 437; x_wconf 83' lang='lat' dir='ltr'>racione</span> <span class='ocrx_word' id='word_1_12' title='bbox 1122 398 1332 448; x_wconf 83' lang='lat' dir='ltr'>multiplici</span> <span class='ocrx_word' id='word_1_13' title='bbox 1373 399 1431 436; x_wconf 64' lang='lat' dir='ltr'>vel</span> <span class='ocrx_word' id='word_1_14' title='bbox 1491 409 1678 448; x_wconf 42' lang='lat' dir='ltr'>‘Mtsshfflssld</span> 
     </span>
     <span class='ocr_line' id='line_1_3' title="bbox 115 453 1699 510; baseline -0.003 -13"><span class='ocrx_word' id='word_1_15' title='bbox 115 461 208 510; x_wconf 88' lang='lat' dir='ltr'>quia</span> <span class='ocrx_word' id='word_1_16' title='bbox 233 461 271 497; x_wconf 89' lang='lat' dir='ltr'>in</span> <span class='ocrx_word' id='word_1_17' title='bbox 295 460 450 497; x_wconf 79' lang='lat' dir='ltr'>actibus</span> <span class='ocrx_word' id='word_1_18' title='bbox 473 459 651 497; x_wconf 80' lang='lat' dir='ltr'>venereis</span> <span class='ocrx_word' id='word_1_19' title='bbox 675 459 800 496; x_wconf 82' lang='lat' dir='ltr'>saciat</span> <span class='ocrx_word' id='word_1_20' title='bbox 831 459 1072 508; x_wconf 73' lang='lat' dir='ltr'>appetitum,</span> <span class='ocrx_word' id='word_1_21' title='bbox 1107 459 1167 495; x_wconf 80' lang='lat' dir='ltr'>vel</span> <span class='ocrx_word' id='word_1_22' title='bbox 1191 458 1285 506; x_wconf 88' lang='lat' dir='ltr'>quia</span> <span class='ocrx_word' id='word_1_23' title='bbox 1310 457 1430 494; x_wconf 84' lang='lat' dir='ltr'>michi</span> <span class='ocrx_word' id='word_1_24' title='bbox 1475 453 1699 506; x_wconf 21' lang='lat' dir='ltr'>2,¹.[f,&#39;¹‘s‚&#39;‚fffs¹}&#39;„s</span> 
     </span>
     <span class='ocr_line' id='line_1_4' title="bbox 115 514 1688 566; baseline -0.003 -10"><span class='ocrx_word' id='word_1_25' title='bbox 115 529 181 556; x_wconf 81' lang='lat' dir='ltr'>aut</span> <span class='ocrx_word' id='word_1_26' title='bbox 215 519 347 556; x_wconf 81' lang='lat' dir='ltr'>amico</span> <span class='ocrx_word' id='word_1_27' title='bbox 380 518 495 555; x_wconf 89' lang='lat' dir='ltr'>alteri</span> <span class='ocrx_word' id='word_1_28' title='bbox 528 518 578 555; x_wconf 90' lang='lat' dir='ltr'>sit</span> <span class='ocrx_word' id='word_1_29' title='bbox 612 518 771 566; x_wconf 84' lang='lat' dir='ltr'>placida</span> <span class='ocrx_word' id='word_1_30' title='bbox 805 517 843 553; x_wconf 88' lang='lat' dir='ltr'>in</span> <span class='ocrx_word' id='word_1_31' title='bbox 878 526 1042 565; x_wconf 86' lang='lat' dir='ltr'>aspectu</span> <span class='ocrx_word' id='word_1_32' title='bbox 1075 517 1135 553; x_wconf 82' lang='lat' dir='ltr'>vel</span> <span class='ocrx_word' id='word_1_33' title='bbox 1165 518 1272 552; x_wconf 92' lang='lat' dir='ltr'>bono</span> <span class='ocrx_word' id='word_1_34' title='bbox 1296 515 1432 552; x_wconf 86' lang='lat' dir='ltr'>animo</span> <span class='ocrx_word' id='word_1_35' title='bbox 1487 514 1584 539; x_wconf 35' lang='grc' dir='ltr'>(ΑΒ</span> <span class='ocrx_word' id='word_1_36' title='bbox 1607 515 1688 541; x_wconf 57' lang='lat'>*⁸¹¹⁶-</span> 
     </span>
     <span class='ocr_line' id='line_1_5' title="bbox 114 574 1432 625; baseline -0.003 -12"><span class='ocrx_word' id='word_1_37' title='bbox 114 577 230 614; x_wconf 86' lang='lat' dir='ltr'>nobis</span> <span class='ocrx_word' id='word_1_38' title='bbox 276 577 362 613; x_wconf 86' lang='lat' dir='ltr'>utili</span> <span class='ocrx_word' id='word_1_39' title='bbox 408 576 621 625; x_wconf 81' lang='lat' dir='ltr'>apparenti</span> <span class='ocrx_word' id='word_1_40' title='bbox 665 577 725 612; x_wconf 74' lang='lat' dir='ltr'>vel</span> <span class='ocrx_word' id='word_1_41' title='bbox 769 575 894 612; x_wconf 86' lang='lat' dir='ltr'>tercio</span> <span class='ocrx_word' id='word_1_42' title='bbox 940 577 1161 612; x_wconf 89' lang='lat' dir='ltr'>secundum</span> <span class='ocrx_word' id='word_1_43' title='bbox 1211 574 1305 623; x_wconf 86' lang='lat' dir='ltr'>quia</span> <span class='ocrx_word' id='word_1_44' title='bbox 1350 574 1432 610; x_wconf 84' lang='lat' dir='ltr'>eius</span> 
     </span>
     <span class='ocr_line' id='line_1_6' title="bbox 80 635 624 683; baseline 0 -12"><span class='ocrx_word' id='word_1_45' title='bbox 80 640 95 670; x_wconf 73' lang='grc' dir='ltr'>ἐι</span> <span class='ocrx_word' id='word_1_46' title='bbox 115 635 329 672; x_wconf 82' lang='lat' dir='ltr'>existencia</span> <span class='ocrx_word' id='word_1_47' title='bbox 361 635 493 683; x_wconf 89' lang='lat' dir='ltr'>placet</span> <span class='ocrx_word' id='word_1_48' title='bbox 526 637 624 671; x_wconf 90' lang='lat' dir='ltr'>Deo.</span> 
     </span>
     <span class='ocr_line' id='line_1_7' title="bbox 172 690 1432 741; baseline -0.004 -11"><span class='ocrx_word' id='word_1_49' title='bbox 172 696 252 730; x_wconf 87' lang='lat' dir='ltr'>Nec</span> <span class='ocrx_word' id='word_1_50' title='bbox 285 692 450 729; x_wconf 90' lang='lat' dir='ltr'>dubium</span> <span class='ocrx_word' id='word_1_51' title='bbox 486 692 581 741; x_wconf 91' lang='lat' dir='ltr'>quin</span> <span class='ocrx_word' id='word_1_52' title='bbox 615 692 689 728; x_wconf 87' lang='lat' dir='ltr'>ista</span> <span class='ocrx_word' id='word_1_53' title='bbox 722 692 832 728; x_wconf 85' lang='lat' dir='ltr'>racio</span> <span class='ocrx_word' id='word_1_54' title='bbox 865 691 915 728; x_wconf 86' lang='lat' dir='ltr'>sit</span> <span class='ocrx_word' id='word_1_55' title='bbox 948 691 1148 728; x_wconf 83' lang='lat' dir='ltr'>infinitum</span> <span class='ocrx_word' id='word_1_56' title='bbox 1183 690 1432 739; x_wconf 81' lang='lat' dir='ltr'>prestancior</span> 
     </span>
     <span class='ocr_line' id='line_1_8' title="bbox 114 750 1433 800; baseline -0.003 -12"><span class='ocrx_word' id='word_1_57' title='bbox 114 765 234 800; x_wconf 90' lang='lat' dir='ltr'>quam</span> <span class='ocrx_word' id='word_1_58' title='bbox 270 751 443 800; x_wconf 79' lang='lat' dir='ltr'>priores3</span> <span class='ocrx_word' id='word_1_59' title='bbox 479 760 515 787; x_wconf 88' lang='lat' dir='ltr'>et</span> <span class='ocrx_word' id='word_1_60' title='bbox 548 750 692 787; x_wconf 89' lang='lat' dir='ltr'>iterum</span> <span class='ocrx_word' id='word_1_61' title='bbox 728 759 880 787; x_wconf 89' lang='lat' dir='ltr'>certum</span> <span class='ocrx_word' id='word_1_62' title='bbox 916 759 972 786; x_wconf 89' lang='lat' dir='ltr'>est</span> <span class='ocrx_word' id='word_1_63' title='bbox 1003 751 1110 798; x_wconf 91' lang='lat' dir='ltr'>quod</span> <span class='ocrx_word' id='word_1_64' title='bbox 1142 750 1355 797; x_wconf 81' lang='lat' dir='ltr'>gaudendo</span> <span class='ocrx_word' id='word_1_65' title='bbox 1386 750 1433 785; x_wconf 89' lang='lat' dir='ltr'>de</span> 
     </span>
     <span class='ocr_line' id='line_1_9' title="bbox 114 808 1432 858; baseline -0.002 -12"><span class='ocrx_word' id='word_1_66' title='bbox 114 809 200 858; x_wconf 89' lang='lat' dir='ltr'>ipsa</span> <span class='ocrx_word' id='word_1_67' title='bbox 240 810 461 846; x_wconf 88' lang='lat' dir='ltr'>secundum</span> <span class='ocrx_word' id='word_1_68' title='bbox 502 808 708 846; x_wconf 85' lang='lat' dir='ltr'>racionem</span> <span class='ocrx_word' id='word_1_69' title='bbox 752 808 984 845; x_wconf 89' lang='lat' dir='ltr'>huiusmodi</span> <span class='ocrx_word' id='word_1_70' title='bbox 1024 820 1187 844; x_wconf 87' lang='lat' dir='ltr'>necesse</span> <span class='ocrx_word' id='word_1_71' title='bbox 1226 816 1285 843; x_wconf 86' lang='lat' dir='ltr'>est</span> <span class='ocrx_word' id='word_1_72' title='bbox 1325 809 1432 856; x_wconf 89' lang='lat' dir='ltr'>quod</span> 
     </span>
     <span class='ocr_line' id='line_1_10' title="bbox 115 865 1433 916; baseline -0.002 -12"><span class='ocrx_word' id='word_1_73' title='bbox 115 869 163 904; x_wconf 87' lang='lat' dir='ltr'>de</span> <span class='ocrx_word' id='word_1_74' title='bbox 203 870 286 904; x_wconf 92' lang='lat' dir='ltr'>Deo</span> <span class='ocrx_word' id='word_1_75' title='bbox 325 866 588 916; x_wconf 81' lang='lat' dir='ltr'>principalius</span> <span class='ocrx_word' id='word_1_76' title='bbox 625 868 859 915; x_wconf 79' lang='lat' dir='ltr'>gaudeatur.</span> <span class='ocrx_word' id='word_1_77' title='bbox 898 869 947 902; x_wconf 85' lang='lat' dir='ltr'>Et</span> <span class='ocrx_word' id='word_1_78' title='bbox 980 879 1070 902; x_wconf 88' lang='lat' dir='ltr'>cum</span> <span class='ocrx_word' id='word_1_79' title='bbox 1103 865 1352 914; x_wconf 90' lang='lat' dir='ltr'>impossibile</span> <span class='ocrx_word' id='word_1_80' title='bbox 1384 865 1433 901; x_wconf 90' lang='lat' dir='ltr'>sit</span> 
     </span>
     <span class='ocr_line' id='line_1_11' title="bbox 60 924 1430 974; baseline -0.001 -13"><span class='ocrx_word' id='word_1_81' title='bbox 60 925 290 974; x_wconf 75' lang='lat' dir='ltr'>roaliquam</span> <span class='ocrx_word' id='word_1_82' title='bbox 344 934 568 962; x_wconf 87' lang='lat' dir='ltr'>creaturam</span> <span class='ocrx_word' id='word_1_83' title='bbox 622 924 717 974; x_wconf 87' lang='lat' dir='ltr'>quin</span> <span class='ocrx_word' id='word_1_84' title='bbox 763 926 810 961; x_wconf 88' lang='lat' dir='ltr'>de</span> <span class='ocrx_word' id='word_1_85' title='bbox 860 924 946 973; x_wconf 87' lang='lat' dir='ltr'>ipsa</span> <span class='ocrx_word' id='word_1_86' title='bbox 996 925 1168 972; x_wconf 80' lang='lat' dir='ltr'>gaudeat</span> <span class='ocrx_word' id='word_1_87' title='bbox 1212 925 1430 960; x_wconf 83' lang='lat' dir='ltr'>secundum</span> 
     </span>
     <span class='ocr_line' id='line_1_12' title="bbox 114 982 1433 1033; baseline -0.002 -13"><span class='ocrx_word' id='word_1_88' title='bbox 114 984 290 1033; x_wconf 77' lang='lat' dir='ltr'>aliquam</span> <span class='ocrx_word' id='word_1_89' title='bbox 325 983 543 1029; x_wconf 87' lang='lat' dir='ltr'>racionem,</span> <span class='ocrx_word' id='word_1_90' title='bbox 575 992 685 1032; x_wconf 89' lang='lat' dir='ltr'>patet</span> <span class='ocrx_word' id='word_1_91' title='bbox 709 984 816 1032; x_wconf 89' lang='lat' dir='ltr'>quod</span> <span class='ocrx_word' id='word_1_92' title='bbox 850 983 960 1019; x_wconf 85' lang='lat' dir='ltr'>nulla</span> <span class='ocrx_word' id='word_1_93' title='bbox 993 991 1050 1019; x_wconf 89' lang='lat' dir='ltr'>est</span> <span class='ocrx_word' id='word_1_94' title='bbox 1083 991 1267 1019; x_wconf 88' lang='lat' dir='ltr'>creatura</span> <span class='ocrx_word' id='word_1_95' title='bbox 1291 982 1331 1018; x_wconf 93' lang='lat' dir='ltr'>in</span> <span class='ocrx_word' id='word_1_96' title='bbox 1355 995 1433 1031; x_wconf 84' lang='lat' dir='ltr'>qua</span> 
     </span>
     <span class='ocr_line' id='line_1_13' title="bbox 113 1040 1433 1090; baseline -0.002 -12"><span class='ocrx_word' id='word_1_97' title='bbox 113 1055 194 1079; x_wconf 92' lang='lat' dir='ltr'>non</span> <span class='ocrx_word' id='word_1_98' title='bbox 226 1042 276 1078; x_wconf 88' lang='lat' dir='ltr'>sit</span> <span class='ocrx_word' id='word_1_99' title='bbox 308 1041 532 1090; x_wconf 89' lang='lat' dir='ltr'>reperibilis</span> <span class='ocrx_word' id='word_1_100' title='bbox 566 1041 681 1078; x_wconf 91' lang='lat' dir='ltr'>nobis</span> <span class='ocrx_word' id='word_1_101' title='bbox 714 1041 824 1077; x_wconf 90' lang='lat' dir='ltr'>racio</span> <span class='ocrx_word' id='word_1_102' title='bbox 857 1040 1058 1089; x_wconf 82' lang='lat' dir='ltr'>gaudendi</span> <span class='ocrx_word' id='word_1_103' title='bbox 1092 1040 1132 1076; x_wconf 92' lang='lat' dir='ltr'>in</span> <span class='ocrx_word' id='word_1_104' title='bbox 1166 1040 1361 1082; x_wconf 73' lang='lat' dir='ltr'>Domino:</span> <span class='ocrx_word' id='word_1_105' title='bbox 1396 1050 1433 1077; x_wconf 87' lang='lat' dir='ltr'>et</span> 
     </span>
     <span class='ocr_line' id='line_1_14' title="bbox 113 1099 1433 1149; baseline -0.002 -13"><span class='ocrx_word' id='word_1_106' title='bbox 113 1113 204 1137; x_wconf 89' lang='lat' dir='ltr'>cum</span> <span class='ocrx_word' id='word_1_107' title='bbox 244 1112 403 1149; x_wconf 84' lang='lat' dir='ltr'>semper</span> <span class='ocrx_word' id='word_1_108' title='bbox 435 1101 627 1136; x_wconf 86' lang='lat' dir='ltr'>debemus</span> <span class='ocrx_word' id='word_1_109' title='bbox 659 1101 834 1148; x_wconf 85' lang='lat' dir='ltr'>gaudere</span> <span class='ocrx_word' id='word_1_110' title='bbox 873 1101 921 1135; x_wconf 91' lang='lat' dir='ltr'>de</span> <span class='ocrx_word' id='word_1_111' title='bbox 960 1099 1110 1148; x_wconf 80' lang='lat' dir='ltr'>aliquo,</span> <span class='ocrx_word' id='word_1_112' title='bbox 1150 1111 1196 1135; x_wconf 92' lang='lat' dir='ltr'>eo</span> <span class='ocrx_word' id='word_1_113' title='bbox 1230 1100 1337 1148; x_wconf 91' lang='lat' dir='ltr'>quod</span> <span class='ocrx_word' id='word_1_114' title='bbox 1372 1111 1433 1135; x_wconf 87' lang='lat' dir='ltr'>ex-</span> 
     </span>
     <span class='ocr_line' id='line_1_15' title="bbox 113 1157 1430 1206; baseline 0 -11"><span class='ocrx_word' id='word_1_115' title='bbox 113 1158 260 1195; x_wconf 84' lang='lat' dir='ltr'>tinctus</span> <span class='ocrx_word' id='word_1_116' title='bbox 300 1158 402 1195; x_wconf 87' lang='lat' dir='ltr'>foret</span> <span class='ocrx_word' id='word_1_117' title='bbox 441 1157 599 1194; x_wconf 87' lang='lat' dir='ltr'>animus</span> <span class='ocrx_word' id='word_1_118' title='bbox 637 1157 713 1194; x_wconf 90' lang='lat' dir='ltr'>nisi</span> <span class='ocrx_word' id='word_1_119' title='bbox 747 1158 912 1194; x_wconf 90' lang='lat' dir='ltr'>haberet</span> <span class='ocrx_word' id='word_1_120' title='bbox 946 1157 986 1193; x_wconf 90' lang='lat' dir='ltr'>in</span> <span class='ocrx_word' id='word_1_121' title='bbox 1019 1157 1156 1206; x_wconf 91' lang='lat' dir='ltr'>aliquo</span> <span class='ocrx_word' id='word_1_122' title='bbox 1191 1157 1430 1205; x_wconf 79' lang='lat' dir='ltr'>appetitum,</span> 
     </span>
     <span class='ocr_line' id='line_1_16' title="bbox 61 1215 1430 1265; baseline -0.001 -13"><span class='ocrx_word' id='word_1_123' title='bbox 61 1220 97 1252; x_wconf 84' lang='lat'>15</span> <span class='ocrx_word' id='word_1_124' title='bbox 114 1217 370 1253; x_wconf 89' lang='lat' dir='ltr'>manifestum</span> <span class='ocrx_word' id='word_1_125' title='bbox 395 1225 451 1253; x_wconf 89' lang='lat' dir='ltr'>est</span> <span class='ocrx_word' id='word_1_126' title='bbox 467 1217 573 1265; x_wconf 90' lang='lat' dir='ltr'>quod</span> <span class='ocrx_word' id='word_1_127' title='bbox 599 1217 790 1252; x_wconf 91' lang='lat' dir='ltr'>debemus</span> <span class='ocrx_word' id='word_1_128' title='bbox 814 1228 973 1264; x_wconf 83' lang='lat' dir='ltr'>semper</span> <span class='ocrx_word' id='word_1_129' title='bbox 987 1217 1162 1263; x_wconf 81' lang='lat' dir='ltr'>gaudere</span> <span class='ocrx_word' id='word_1_130' title='bbox 1186 1215 1225 1251; x_wconf 92' lang='lat' dir='ltr'>in</span> <span class='ocrx_word' id='word_1_131' title='bbox 1242 1215 1430 1261; x_wconf 64' lang='lat' dir='ltr'>Domino,</span> 
     </span>
     <span class='ocr_line' id='line_1_17' title="bbox 113 1273 1719 1323; baseline -0.002 -12"><span class='ocrx_word' id='word_1_132' title='bbox 113 1276 181 1311; x_wconf 87' lang='lat' dir='ltr'>sed</span> <span class='ocrx_word' id='word_1_133' title='bbox 215 1275 294 1312; x_wconf 90' lang='lat' dir='ltr'>tale</span> <span class='ocrx_word' id='word_1_134' title='bbox 326 1274 518 1323; x_wconf 85' lang='lat' dir='ltr'>gaudium</span> <span class='ocrx_word' id='word_1_135' title='bbox 551 1274 592 1311; x_wconf 89' lang='lat' dir='ltr'>in</span> <span class='ocrx_word' id='word_1_136' title='bbox 625 1274 818 1310; x_wconf 88' lang='lat' dir='ltr'>creaturis</span> <span class='ocrx_word' id='word_1_137' title='bbox 851 1282 908 1310; x_wconf 90' lang='lat' dir='ltr'>est</span> <span class='ocrx_word' id='word_1_138' title='bbox 941 1274 1049 1310; x_wconf 87' lang='lat' dir='ltr'>aliud</span> <span class='ocrx_word' id='word_1_139' title='bbox 1084 1287 1205 1322; x_wconf 88' lang='lat' dir='ltr'>quam</span> <span class='ocrx_word' id='word_1_140' title='bbox 1238 1273 1429 1322; x_wconf 80' lang='lat' dir='ltr'>gaudium</span> <span class='ocrx_word' id='word_1_141' title='bbox 1447 1282 1506 1308; x_wconf 71' lang='lat' dir='ltr'>and</span> <span class='ocrx_word' id='word_1_142' title='bbox 1530 1286 1610 1308; x_wconf 70' lang='lat' dir='ltr'>most</span> <span class='ocrx_word' id='word_1_143' title='bbox 1632 1282 1719 1308; x_wconf 70' lang='lat'>01&#39;2111</span> 
     </span>
     <span class='ocr_line' id='line_1_18' title="bbox 112 1317 1701 1382; baseline -0.001 -13"><span class='ocrx_word' id='word_1_144' title='bbox 112 1332 294 1382; x_wconf 88' lang='lat' dir='ltr'>superius</span> <span class='ocrx_word' id='word_1_145' title='bbox 327 1341 364 1369; x_wconf 88' lang='lat' dir='ltr'>et</span> <span class='ocrx_word' id='word_1_146' title='bbox 397 1341 489 1381; x_wconf 93' lang='lat' dir='ltr'>post</span> <span class='ocrx_word' id='word_1_147' title='bbox 519 1345 710 1381; x_wconf 89' lang='lat' dir='ltr'>sequens;</span> <span class='ocrx_word' id='word_1_148' title='bbox 751 1334 859 1381; x_wconf 93' lang='lat' dir='ltr'>quod</span> <span class='ocrx_word' id='word_1_149' title='bbox 892 1332 1083 1380; x_wconf 75' lang='lat' dir='ltr'>gaudium</span> <span class='ocrx_word' id='word_1_150' title='bbox 1119 1342 1176 1368; x_wconf 88' lang='lat' dir='ltr'>est</span> <span class='ocrx_word' id='word_1_151' title='bbox 1210 1332 1361 1368; x_wconf 87' lang='lat' dir='ltr'>directe</span> <span class='ocrx_word' id='word_1_152' title='bbox 1394 1341 1431 1368; x_wconf 90' lang='lat' dir='ltr'>et</span> <span class='ocrx_word' id='word_1_153' title='bbox 1471 1317 1701 1382; x_wconf 47' lang='grc' dir='ltr'>Γζῇζξςζὴῖζζῆῇκ</span> 
     </span>
     <span class='ocr_line' id='line_1_19' title="bbox 112 1386 1631 1439; baseline -0.001 -12"><span class='ocrx_word' id='word_1_154' title='bbox 112 1391 346 1428; x_wconf 88' lang='lat' dir='ltr'>immediate</span> <span class='ocrx_word' id='word_1_155' title='bbox 377 1390 417 1427; x_wconf 91' lang='lat' dir='ltr'>in</span> <span class='ocrx_word' id='word_1_156' title='bbox 440 1390 616 1427; x_wconf 88' lang='lat' dir='ltr'>Domino</span> <span class='ocrx_word' id='word_1_157' title='bbox 649 1392 869 1427; x_wconf 88' lang='lat' dir='ltr'>secundum</span> <span class='ocrx_word' id='word_1_158' title='bbox 904 1390 1110 1427; x_wconf 86' lang='lat' dir='ltr'>racionem</span> <span class='ocrx_word' id='word_1_159' title='bbox 1135 1404 1214 1439; x_wconf 90' lang='lat' dir='ltr'>qua</span> <span class='ocrx_word' id='word_1_160' title='bbox 1247 1391 1430 1427; x_wconf 85' lang='lat' dir='ltr'>absolute</span> <span class='ocrx_word' id='word_1_161' title='bbox 1541 1386 1631 1413; x_wconf 42' lang='lat'>&#39;&#39;⁰¹³¹-</span> 
     </span>
     <span class='ocr_line' id='line_1_20' title="bbox 113 1448 1427 1497; baseline 0 -12"><span class='ocrx_word' id='word_1_162' title='bbox 113 1451 254 1497; x_wconf 82' lang='lat' dir='ltr'>bonus,</span> <span class='ocrx_word' id='word_1_163' title='bbox 289 1458 325 1485; x_wconf 89' lang='lat' dir='ltr'>et</span> <span class='ocrx_word' id='word_1_164' title='bbox 350 1450 425 1486; x_wconf 90' lang='lat' dir='ltr'>hoc</span> <span class='ocrx_word' id='word_1_165' title='bbox 449 1448 541 1485; x_wconf 91' lang='lat' dir='ltr'>licet</span> <span class='ocrx_word' id='word_1_166' title='bbox 564 1448 756 1497; x_wconf 80' lang='lat' dir='ltr'>gaudium</span> <span class='ocrx_word' id='word_1_167' title='bbox 781 1450 1001 1486; x_wconf 87' lang='lat' dir='ltr'>secundum</span> <span class='ocrx_word' id='word_1_168' title='bbox 1028 1448 1111 1485; x_wconf 87' lang='lat' dir='ltr'>eius</span> <span class='ocrx_word' id='word_1_169' title='bbox 1134 1449 1427 1497; x_wconf 88' lang='lat' dir='ltr'>plenitudinem</span> 
     </span>
     <span class='ocr_line' id='line_1_21' title="bbox 55 1506 1430 1556; baseline 0.001 -15"><span class='ocrx_word' id='word_1_170' title='bbox 55 1521 95 1542; x_wconf 82' lang='lat'>20</span> <span class='ocrx_word' id='word_1_171' title='bbox 112 1516 368 1556; x_wconf 85' lang='lat' dir='ltr'>expectamus</span> <span class='ocrx_word' id='word_1_172' title='bbox 406 1507 446 1543; x_wconf 94' lang='lat' dir='ltr'>in</span> <span class='ocrx_word' id='word_1_173' title='bbox 479 1506 624 1556; x_wconf 88' lang='lat' dir='ltr'>patria,</span> <span class='ocrx_word' id='word_1_174' title='bbox 659 1516 791 1556; x_wconf 90' lang='lat' dir='ltr'>potest</span> <span class='ocrx_word' id='word_1_175' title='bbox 824 1516 960 1544; x_wconf 83' lang='lat' dir='ltr'>tamen</span> <span class='ocrx_word' id='word_1_176' title='bbox 993 1508 1040 1543; x_wconf 90' lang='lat' dir='ltr'>de</span> <span class='ocrx_word' id='word_1_177' title='bbox 1074 1519 1120 1543; x_wconf 91' lang='lat' dir='ltr'>eo</span> <span class='ocrx_word' id='word_1_178' title='bbox 1155 1507 1293 1544; x_wconf 90' lang='lat' dir='ltr'>haberi</span> <span class='ocrx_word' id='word_1_179' title='bbox 1327 1507 1430 1544; x_wconf 91' lang='lat' dir='ltr'>scin-</span> 
     </span>
     <span class='ocr_line' id='line_1_22' title="bbox 112 1565 1426 1614; baseline 0 -13"><span class='ocrx_word' id='word_1_180' title='bbox 112 1565 197 1602; x_wconf 83' lang='lat' dir='ltr'>tilla</span> <span class='ocrx_word' id='word_1_181' title='bbox 230 1565 270 1602; x_wconf 91' lang='lat' dir='ltr'>in</span> <span class='ocrx_word' id='word_1_182' title='bbox 301 1565 376 1602; x_wconf 90' lang='lat' dir='ltr'>via.</span> <span class='ocrx_word' id='word_1_183' title='bbox 424 1567 516 1602; x_wconf 89' lang='lat' dir='ltr'>Ideo</span> <span class='ocrx_word' id='word_1_184' title='bbox 550 1565 646 1601; x_wconf 90' lang='lat' dir='ltr'>dicit</span> <span class='ocrx_word' id='word_1_185' title='bbox 679 1566 897 1613; x_wconf 87' lang='lat' dir='ltr'>Apostolus</span> <span class='ocrx_word' id='word_1_186' title='bbox 930 1574 1096 1613; x_wconf 87' lang='lat' dir='ltr'>propter</span> <span class='ocrx_word' id='word_1_187' title='bbox 1129 1566 1204 1602; x_wconf 90' lang='lat' dir='ltr'>hoc</span> <span class='ocrx_word' id='word_1_188' title='bbox 1237 1566 1426 1614; x_wconf 80' lang='lat' dir='ltr'>gaudium</span> 
     </span>
     <span class='ocr_line' id='line_1_23' title="bbox 113 1623 975 1674; baseline -0.001 -14"><span class='ocrx_word' id='word_1_189' title='bbox 113 1623 241 1660; x_wconf 87' lang='lat' dir='ltr'>maius</span> <span class='ocrx_word' id='word_1_190' title='bbox 274 1636 463 1672; x_wconf 86' lang='lat' dir='ltr'>sequens:</span> <span class='ocrx_word' id='word_1_191' title='bbox 498 1624 642 1660; x_wconf 81' lang='lat' dir='ltr'>Iterum</span> <span class='ocrx_word' id='word_1_192' title='bbox 677 1624 762 1660; x_wconf 85' lang='lat' dir='ltr'>dico</span> <span class='ocrx_word' id='word_1_193' title='bbox 793 1624 975 1674; x_wconf 72' lang='lat' dir='ltr'>gaudete.</span> 
     </span>
     <span class='ocr_line' id='line_1_24' title="bbox 170 1681 1428 1730; baseline -0.001 -12"><span class='ocrx_word' id='word_1_194' title='bbox 170 1684 217 1718; x_wconf 83' lang='lat' dir='ltr'>Et</span> <span class='ocrx_word' id='word_1_195' title='bbox 248 1695 338 1718; x_wconf 90' lang='lat' dir='ltr'>curn</span> <span class='ocrx_word' id='word_1_196' title='bbox 363 1683 439 1718; x_wconf 91' lang='lat' dir='ltr'>hoc</span> <span class='ocrx_word' id='word_1_197' title='bbox 462 1681 654 1730; x_wconf 85' lang='lat' dir='ltr'>gaudium</span> <span class='ocrx_word' id='word_1_198' title='bbox 679 1681 832 1730; x_wconf 90' lang='lat' dir='ltr'>quietat</span> <span class='ocrx_word' id='word_1_199' title='bbox 866 1683 992 1718; x_wconf 93' lang='lat' dir='ltr'>bonos</span> <span class='ocrx_word' id='word_1_200' title='bbox 1026 1681 1213 1727; x_wconf 74' lang='lat' dir='ltr'>finaliter,</span> <span class='ocrx_word' id='word_1_201' title='bbox 1247 1682 1314 1717; x_wconf 89' lang='lat' dir='ltr'>ubi</span> <span class='ocrx_word' id='word_1_202' title='bbox 1348 1695 1428 1718; x_wconf 91' lang='lat' dir='ltr'>non</span> 
     </span>
     <span class='ocr_line' id='line_1_25' title="bbox 112 1739 1428 1788; baseline 0 -12"><span class='ocrx_word' id='word_1_203' title='bbox 112 1740 186 1776; x_wconf 88' lang='lat' dir='ltr'>erit</span> <span class='ocrx_word' id='word_1_204' title='bbox 215 1739 415 1776; x_wconf 85' lang='lat' dir='ltr'>successio</span> <span class='ocrx_word' id='word_1_205' title='bbox 438 1741 500 1776; x_wconf 79' lang='lat' dir='ltr'>vel</span> <span class='ocrx_word' id='word_1_206' title='bbox 522 1739 756 1776; x_wconf 86' lang='lat' dir='ltr'>vicissitudo</span> <span class='ocrx_word' id='word_1_207' title='bbox 779 1740 987 1788; x_wconf 82' lang='lat' dir='ltr'>temporis,</span> <span class='ocrx_word' id='word_1_208' title='bbox 1022 1740 1221 1776; x_wconf 88' lang='lat' dir='ltr'>subtiliter</span> <span class='ocrx_word' id='word_1_209' title='bbox 1253 1740 1428 1776; x_wconf 87' lang='lat' dir='ltr'>inculcat</span> 
     </span>
     <span class='ocr_line' id='line_1_26' title="bbox 55 1797 1429 1847; baseline 0 -13"><span class='ocrx_word' id='word_1_210' title='bbox 55 1803 94 1834; x_wconf 77' lang='lat'>25</span> <span class='ocrx_word' id='word_1_211' title='bbox 111 1799 328 1846; x_wconf 87' lang='lat' dir='ltr'>Apostolus</span> <span class='ocrx_word' id='word_1_212' title='bbox 361 1799 495 1847; x_wconf 85' lang='lat' dir='ltr'>quoad</span> <span class='ocrx_word' id='word_1_213' title='bbox 529 1797 640 1846; x_wconf 90' lang='lat' dir='ltr'>prius</span> <span class='ocrx_word' id='word_1_214' title='bbox 673 1798 864 1846; x_wconf 84' lang='lat' dir='ltr'>gaudium</span> <span class='ocrx_word' id='word_1_215' title='bbox 890 1799 998 1846; x_wconf 87' lang='lat' dir='ltr'>quod</span> <span class='ocrx_word' id='word_1_216' title='bbox 1022 1799 1139 1834; x_wconf 86' lang='lat' dir='ltr'>debet</span> <span class='ocrx_word' id='word_1_217' title='bbox 1163 1811 1321 1846; x_wconf 85' lang='lat' dir='ltr'>semper</span> <span class='ocrx_word' id='word_1_218' title='bbox 1346 1811 1429 1834; x_wconf 88' lang='lat' dir='ltr'>esse</span> 
     </span>
     <span class='ocr_line' id='line_1_27' title="bbox 112 1855 1427 1905; baseline 0.002 -14"><span class='ocrx_word' id='word_1_219' title='bbox 112 1855 151 1892; x_wconf 92' lang='lat' dir='ltr'>in</span> <span class='ocrx_word' id='word_1_220' title='bbox 176 1856 364 1902; x_wconf 86' lang='lat' dir='ltr'>Domino,</span> <span class='ocrx_word' id='word_1_221' title='bbox 396 1869 487 1893; x_wconf 88' lang='lat' dir='ltr'>cum</span> <span class='ocrx_word' id='word_1_222' title='bbox 517 1856 557 1892; x_wconf 89' lang='lat' dir='ltr'>in</span> <span class='ocrx_word' id='word_1_223' title='bbox 589 1855 677 1904; x_wconf 91' lang='lat' dir='ltr'>ipso</span> <span class='ocrx_word' id='word_1_224' title='bbox 706 1856 854 1904; x_wconf 77' lang='lat' dir='ltr'>gaudio</span> <span class='ocrx_word' id='word_1_225' title='bbox 884 1857 933 1892; x_wconf 92' lang='lat' dir='ltr'>sit</span> <span class='ocrx_word' id='word_1_226' title='bbox 956 1856 1151 1905; x_wconf 87' lang='lat' dir='ltr'>temporis</span> <span class='ocrx_word' id='word_1_227' title='bbox 1174 1856 1427 1894; x_wconf 82' lang='lat' dir='ltr'>vicissitudo:</span> 
     </span>
     <span class='ocr_line' id='line_1_28' title="bbox 111 1914 1430 1963; baseline 0.001 -13"><span class='ocrx_word' id='word_1_228' title='bbox 111 1916 179 1950; x_wconf 92' lang='lat' dir='ltr'>sed</span> <span class='ocrx_word' id='word_1_229' title='bbox 203 1916 337 1963; x_wconf 89' lang='lat' dir='ltr'>quoad</span> <span class='ocrx_word' id='word_1_230' title='bbox 360 1916 580 1951; x_wconf 89' lang='lat' dir='ltr'>secundum</span> <span class='ocrx_word' id='word_1_231' title='bbox 606 1915 796 1962; x_wconf 80' lang='lat' dir='ltr'>gaudium</span> <span class='ocrx_word' id='word_1_232' title='bbox 822 1914 918 1950; x_wconf 89' lang='lat' dir='ltr'>dicit</span> <span class='ocrx_word' id='word_1_233' title='bbox 941 1914 1178 1963; x_wconf 90' lang='lat' dir='ltr'>simpliciter</span> <span class='ocrx_word' id='word_1_234' title='bbox 1202 1914 1430 1952; x_wconf 85' lang='lat' dir='ltr'>christianis</span> 
     </span>
     <span class='ocr_line' id='line_1_29' title="bbox 111 1973 1430 2021; baseline 0.002 -13"><span class='ocrx_word' id='word_1_235' title='bbox 111 1974 219 2021; x_wconf 91' lang='lat' dir='ltr'>quod</span> <span class='ocrx_word' id='word_1_236' title='bbox 263 1974 477 2021; x_wconf 82' lang='lat' dir='ltr'>gaudeant.</span> <span class='ocrx_word' id='word_1_237' title='bbox 524 1975 606 2009; x_wconf 90' lang='lat' dir='ltr'>Nec</span> <span class='ocrx_word' id='word_1_238' title='bbox 649 1973 765 2010; x_wconf 86' lang='lat' dir='ltr'>video</span> <span class='ocrx_word' id='word_1_239' title='bbox 806 1974 912 2021; x_wconf 86' lang='lat' dir='ltr'>quod</span> <span class='ocrx_word' id='word_1_240' title='bbox 960 1973 1090 2010; x_wconf 81' lang='lat' dir='ltr'>viator</span> <span class='ocrx_word' id='word_1_241' title='bbox 1134 1973 1183 2009; x_wconf 87' lang='lat' dir='ltr'>sit</span> <span class='ocrx_word' id='word_1_242' title='bbox 1228 1986 1271 2010; x_wconf 85' lang='lat' dir='ltr'>ex</span> <span class='ocrx_word' id='word_1_243' title='bbox 1316 1983 1430 2021; x_wconf 85' lang='lat' dir='ltr'>parte</span> 
     </span>
     <span class='ocr_line' id='line_1_30' title="bbox 111 2030 1429 2080; baseline 0.002 -14"><span class='ocrx_word' id='word_1_244' title='bbox 111 2030 259 2067; x_wconf 87' lang='lat' dir='ltr'>Christi</span> <span class='ocrx_word' id='word_1_245' title='bbox 289 2030 356 2079; x_wconf 87' lang='lat' dir='ltr'>qui</span> <span class='ocrx_word' id='word_1_246' title='bbox 387 2044 468 2067; x_wconf 93' lang='lat' dir='ltr'>non</span> <span class='ocrx_word' id='word_1_247' title='bbox 498 2032 645 2078; x_wconf 82' lang='lat' dir='ltr'>gaudet</span> <span class='ocrx_word' id='word_1_248' title='bbox 675 2031 715 2067; x_wconf 88' lang='lat' dir='ltr'>in</span> <span class='ocrx_word' id='word_1_249' title='bbox 740 2031 929 2077; x_wconf 79' lang='lat' dir='ltr'>Domino,</span> <span class='ocrx_word' id='word_1_250' title='bbox 963 2044 1100 2079; x_wconf 89' lang='lat' dir='ltr'>ymmo</span> <span class='ocrx_word' id='word_1_251' title='bbox 1125 2032 1221 2080; x_wconf 89' lang='lat' dir='ltr'>quin</span> <span class='ocrx_word' id='word_1_252' title='bbox 1246 2033 1292 2068; x_wconf 89' lang='lat' dir='ltr'>de</span> <span class='ocrx_word' id='word_1_253' title='bbox 1316 2041 1429 2068; x_wconf 89' lang='lat' dir='ltr'>tanto</span> 
     </span>
     <span class='ocr_line' id='line_1_31' title="bbox 55 2089 1428 2137; baseline 0.001 -13"><span class='ocrx_word' id='word_1_254' title='bbox 55 2093 95 2124; x_wconf 83' lang='lat'>30</span> <span class='ocrx_word' id='word_1_255' title='bbox 110 2098 251 2137; x_wconf 84' lang='lat' dir='ltr'>peccat</span> <span class='ocrx_word' id='word_1_256' title='bbox 268 2090 315 2125; x_wconf 92' lang='lat' dir='ltr'>de</span> <span class='ocrx_word' id='word_1_257' title='bbox 332 2098 484 2137; x_wconf 87' lang='lat' dir='ltr'>quanto</span> <span class='ocrx_word' id='word_1_258' title='bbox 508 2089 699 2137; x_wconf 83' lang='lat' dir='ltr'>gaudium</span> <span class='ocrx_word' id='word_1_259' title='bbox 724 2091 800 2126; x_wconf 90' lang='lat' dir='ltr'>hoc</span> <span class='ocrx_word' id='word_1_260' title='bbox 825 2089 984 2126; x_wconf 88' lang='lat' dir='ltr'>emittit.</span> <span class='ocrx_word' id='word_1_261' title='bbox 1010 2091 1124 2126; x_wconf 85' lang='lat' dir='ltr'>Unde</span> <span class='ocrx_word' id='word_1_262' title='bbox 1140 2091 1241 2133; x_wconf 90' lang='lat' dir='ltr'>(Joh.</span> <span class='ocrx_word' id='word_1_263' title='bbox 1259 2092 1343 2135; x_wconf 78' lang='lat'>1110,</span> <span class='ocrx_word' id='word_1_264' title='bbox 1363 2096 1428 2137; x_wconf 65' lang='lat'>29)</span> 
     </span>
     <span class='ocr_line' id='line_1_32' title="bbox 111 2146 1429 2197; baseline 0.001 -15"><span class='ocrx_word' id='word_1_265' title='bbox 111 2146 206 2183; x_wconf 90' lang='lat' dir='ltr'>dicit</span> <span class='ocrx_word' id='word_1_266' title='bbox 246 2147 445 2195; x_wconf 83' lang='lat' dir='ltr'>Baptista:</span> <span class='ocrx_word' id='word_1_267' title='bbox 492 2148 650 2184; x_wconf 80' lang='lat' dir='ltr'>Amicus</span> <span class='ocrx_word' id='word_1_268' title='bbox 693 2155 818 2184; x_wconf 74' lang='lat' dir='ltr'>autem</span> <span class='ocrx_word' id='word_1_269' title='bbox 864 2148 998 2197; x_wconf 78' lang='lat' dir='ltr'>sponsi</span> <span class='ocrx_word' id='word_1_270' title='bbox 1035 2149 1099 2196; x_wconf 76' lang='lat' dir='ltr'>qui</span> <span class='ocrx_word' id='word_1_271' title='bbox 1134 2156 1210 2184; x_wconf 73' lang='lat' dir='ltr'>stat</span> <span class='ocrx_word' id='word_1_272' title='bbox 1249 2156 1284 2184; x_wconf 85' lang='lat' dir='ltr'>et</span> <span class='ocrx_word' id='word_1_273' title='bbox 1322 2149 1429 2184; x_wconf 76' lang='lat' dir='ltr'>audit</span> 
     </span>
     <span class='ocr_line' id='line_1_33' title="bbox 111 2206 1427 2256; baseline 0.001 -16"><span class='ocrx_word' id='word_1_274' title='bbox 111 2218 209 2250; x_wconf 83' lang='lat' dir='ltr'>eum,</span> <span class='ocrx_word' id='word_1_275' title='bbox 245 2207 392 2256; x_wconf 77' lang='lat' dir='ltr'>gaudet</span> <span class='ocrx_word' id='word_1_276' title='bbox 429 2206 576 2256; x_wconf 76' lang='lat' dir='ltr'>gaudio</span> <span class='ocrx_word' id='word_1_277' title='bbox 610 2213 779 2255; x_wconf 77' lang='lat' dir='ltr'>propter</span> <span class='ocrx_word' id='word_1_278' title='bbox 817 2219 945 2242; x_wconf 67' lang='lat' dir='ltr'>vocem</span> <span class='ocrx_word' id='word_1_279' title='bbox 985 2207 1126 2256; x_wconf 75' lang='lat' dir='ltr'>sponsi.</span> <span class='ocrx_word' id='word_1_280' title='bbox 1173 2206 1284 2243; x_wconf 88' lang='lat' dir='ltr'>Sicut</span> <span class='ocrx_word' id='word_1_281' title='bbox 1324 2206 1427 2242; x_wconf 85' lang='lat' dir='ltr'>enim</span> 
     </span>
     <span class='ocr_line' id='line_1_34' title="bbox 111 2263 1430 2312; baseline 0.001 -14"><span class='ocrx_word' id='word_1_282' title='bbox 111 2263 256 2299; x_wconf 88' lang='lat' dir='ltr'>dicitur</span> <span class='ocrx_word' id='word_1_283' title='bbox 296 2272 493 2299; x_wconf 88' lang='lat' dir='ltr'>turturem</span> <span class='ocrx_word' id='word_1_284' title='bbox 529 2273 759 2300; x_wconf 86' lang='lat' dir='ltr'>constanter</span> <span class='ocrx_word' id='word_1_285' title='bbox 790 2277 950 2312; x_wconf 78' lang='lat' dir='ltr'>gemere</span> <span class='ocrx_word' id='word_1_286' title='bbox 983 2274 1148 2312; x_wconf 86' lang='lat' dir='ltr'>propter</span> <span class='ocrx_word' id='word_1_287' title='bbox 1180 2264 1329 2301; x_wconf 86' lang='lat' dir='ltr'>sodalis</span> <span class='ocrx_word' id='word_1_288' title='bbox 1362 2266 1430 2301; x_wconf 85' lang='lat' dir='ltr'>ab·</span> 
     </span>
     <span class='ocr_line' id='line_1_35' title="bbox 110 2321 1429 2370; baseline 0.002 -13"><span class='ocrx_word' id='word_1_289' title='bbox 110 2321 301 2367; x_wconf 87' lang='lat' dir='ltr'>senciam,</span> <span class='ocrx_word' id='word_1_290' title='bbox 342 2334 479 2369; x_wconf 89' lang='lat' dir='ltr'>ymmo</span> <span class='ocrx_word' id='word_1_291' title='bbox 518 2335 591 2370; x_wconf 91' lang='lat' dir='ltr'>pro</span> <span class='ocrx_word' id='word_1_292' title='bbox 631 2332 751 2358; x_wconf 90' lang='lat' dir='ltr'>cantu</span> <span class='ocrx_word' id='word_1_293' title='bbox 793 2322 939 2358; x_wconf 85' lang='lat' dir='ltr'>emittit</span> <span class='ocrx_word' id='word_1_294' title='bbox 977 2322 1184 2370; x_wconf 80' lang='lat' dir='ltr'>gemitum,</span> <span class='ocrx_word' id='word_1_295' title='bbox 1224 2323 1280 2359; x_wconf 90' lang='lat' dir='ltr'>sic</span> <span class='ocrx_word' id='word_1_296' title='bbox 1314 2323 1429 2359; x_wconf 88' lang='lat' dir='ltr'>fidele</span> 
     </span>
     <span class='ocr_line' id='line_1_36' title="bbox 54 2379 1427 2429; baseline 0.001 -14"><span class='ocrx_word' id='word_1_297' title='bbox 54 2384 93 2416; x_wconf 82' lang='lat'>35</span> <span class='ocrx_word' id='word_1_298' title='bbox 111 2381 335 2416; x_wconf 87' lang='lat' dir='ltr'>membrum</span> <span class='ocrx_word' id='word_1_299' title='bbox 369 2379 504 2428; x_wconf 86' lang='lat' dir='ltr'>sponsi</span> <span class='ocrx_word' id='word_1_300' title='bbox 539 2380 704 2417; x_wconf 89' lang='lat' dir='ltr'>ecclesie</span> <span class='ocrx_word' id='word_1_301' title='bbox 736 2390 902 2429; x_wconf 90' lang='lat' dir='ltr'>propter</span> <span class='ocrx_word' id='word_1_302' title='bbox 926 2381 1149 2426; x_wconf 66' lang='lat' dir='ltr'>Christumss,</span> <span class='ocrx_word' id='word_1_303' title='bbox 1184 2382 1289 2417; x_wconf 87' lang='lat' dir='ltr'>unde</span> <span class='ocrx_word' id='word_1_304' title='bbox 1313 2383 1427 2418; x_wconf 88' lang='lat' dir='ltr'>Cant.</span> 
     </span>
     <span class='ocr_line' id='line_1_37' title="bbox 110 2437 1428 2476; baseline 0.002 -3"><span class='ocrx_word' id='word_1_305' title='bbox 110 2437 317 2474; x_wconf 87' lang='lat' dir='ltr'>scribitur:</span> <span class='ocrx_word' id='word_1_306' title='bbox 360 2438 444 2474; x_wconf 75' lang='lat' dir='ltr'>Vox</span> <span class='ocrx_word' id='word_1_307' title='bbox 476 2439 642 2474; x_wconf 80' lang='lat' dir='ltr'>turturis</span> <span class='ocrx_word' id='word_1_308' title='bbox 680 2439 812 2474; x_wconf 78' lang='lat' dir='ltr'>audita</span> <span class='ocrx_word' id='word_1_309' title='bbox 853 2447 907 2475; x_wconf 83' lang='lat' dir='ltr'>est</span> <span class='ocrx_word' id='word_1_310' title='bbox 940 2439 976 2474; x_wconf 85' lang='lat' dir='ltr'>in</span> <span class='ocrx_word' id='word_1_311' title='bbox 1009 2447 1116 2475; x_wconf 79' lang='lat' dir='ltr'>terra</span> <span class='ocrx_word' id='word_1_312' title='bbox 1149 2447 1294 2475; x_wconf 71' lang='lat' dir='ltr'>nostra.</span> <span class='ocrx_word' id='word_1_313' title='bbox 1328 2441 1428 2476; x_wconf 88' lang='lat' dir='ltr'>Tur-</span> 
     </span>
     <span class='ocr_line' id='line_1_38' title="bbox 109 2495 1427 2545; baseline 0.001 -14"><span class='ocrx_word' id='word_1_314' title='bbox 109 2504 239 2532; x_wconf 88' lang='lat' dir='ltr'>turem</span> <span class='ocrx_word' id='word_1_315' title='bbox 281 2504 415 2532; x_wconf 89' lang='lat' dir='ltr'>autem</span> <span class='ocrx_word' id='word_1_316' title='bbox 455 2495 593 2532; x_wconf 87' lang='lat' dir='ltr'>dicunt</span> <span class='ocrx_word' id='word_1_317' title='bbox 631 2496 759 2533; x_wconf 89' lang='lat' dir='ltr'>sancti</span> <span class='ocrx_word' id='word_1_318' title='bbox 798 2497 917 2534; x_wconf 89' lang='lat' dir='ltr'>fuisse</span> <span class='ocrx_word' id='word_1_319' title='bbox 956 2496 1178 2545; x_wconf 78' lang='lat' dir='ltr'>Baptistam</span> <span class='ocrx_word' id='word_1_320' title='bbox 1225 2510 1313 2534; x_wconf 93' lang='lat' dir='ltr'>cum</span> <span class='ocrx_word' id='word_1_321' title='bbox 1355 2497 1427 2533; x_wconf 88' lang='lat' dir='ltr'>sibi</span> 
     </span>
     <span class='ocr_line' id='line_1_39' title="bbox 109 2553 1427 2603; baseline 0.002 -14"><span class='ocrx_word' id='word_1_322' title='bbox 109 2553 327 2599; x_wconf 89' lang='lat' dir='ltr'>similibus;</span> <span class='ocrx_word' id='word_1_323' title='bbox 367 2555 473 2590; x_wconf 90' lang='lat' dir='ltr'>unde</span> <span class='ocrx_word' id='word_1_324' title='bbox 512 2566 592 2590; x_wconf 91' lang='lat' dir='ltr'>non</span> <span class='ocrx_word' id='word_1_325' title='bbox 630 2554 746 2591; x_wconf 90' lang='lat' dir='ltr'>video</span> <span class='ocrx_word' id='word_1_326' title='bbox 786 2555 882 2603; x_wconf 91' lang='lat' dir='ltr'>quin</span> <span class='ocrx_word' id='word_1_327' title='bbox 922 2555 1140 2591; x_wconf 88' lang='lat' dir='ltr'>dissolucio</span> <span class='ocrx_word' id='word_1_328' title='bbox 1181 2555 1356 2591; x_wconf 88' lang='lat' dir='ltr'>hominis</span> <span class='ocrx_word' id='word_1_329' title='bbox 1389 2555 1427 2590; x_wconf 87' lang='lat' dir='ltr'>in</span> 
     </span>
     <span class='ocr_line' id='line_1_40' title="bbox 110 2611 1429 2661; baseline 0.001 -14"><span class='ocrx_word' id='word_1_330' title='bbox 110 2621 243 2657; x_wconf 85' lang='lat' dir='ltr'>cantu,</span> <span class='ocrx_word' id='word_1_331' title='bbox 284 2611 322 2647; x_wconf 89' lang='lat' dir='ltr'>in</span> <span class='ocrx_word' id='word_1_332' title='bbox 352 2611 433 2647; x_wconf 85' lang='lat' dir='ltr'>risu</span> <span class='ocrx_word' id='word_1_333' title='bbox 463 2620 500 2647; x_wconf 88' lang='lat' dir='ltr'>et</span> <span class='ocrx_word' id='word_1_334' title='bbox 531 2612 671 2648; x_wconf 87' lang='lat' dir='ltr'>ceteris</span> <span class='ocrx_word' id='word_1_335' title='bbox 702 2613 840 2649; x_wconf 89' lang='lat' dir='ltr'>mundi</span> <span class='ocrx_word' id='word_1_336' title='bbox 868 2613 1039 2650; x_wconf 74' lang='lat' dir='ltr'>lasciviis</span> <span class='ocrx_word' id='word_1_337' title='bbox 1070 2622 1282 2650; x_wconf 82' lang='lat' dir='ltr'>attestatur</span> <span class='ocrx_word' id='word_1_338' title='bbox 1311 2627 1429 2661; x_wconf 83' lang='lat' dir='ltr'>super</span> 
     </span>
     <span class='ocr_line' id='line_1_41' title="bbox 51 2669 1671 2715; baseline 0 -8"><span class='ocrx_word' id='word_1_339' title='bbox 51 2669 242 2715; x_wconf 78' lang='lat' dir='ltr'>4oleticia</span> <span class='ocrx_word' id='word_1_340' title='bbox 277 2672 360 2706; x_wconf 91' lang='lat' dir='ltr'>Deo</span> <span class='ocrx_word' id='word_1_341' title='bbox 401 2669 537 2706; x_wconf 83' lang='lat' dir='ltr'>innata</span> <span class='ocrx_word' id='word_1_342' title='bbox 577 2679 614 2706; x_wconf 91' lang='lat' dir='ltr'>et</span> <span class='ocrx_word' id='word_1_343' title='bbox 653 2672 871 2708; x_wconf 83' lang='lat' dir='ltr'>mundana.</span> <span class='ocrx_word' id='word_1_344' title='bbox 918 2672 987 2708; x_wconf 83' lang='lat' dir='ltr'>Illa</span> <span class='ocrx_word' id='word_1_345' title='bbox 1027 2679 1161 2708; x_wconf 86' lang='lat' dir='ltr'>autem</span> <span class='ocrx_word' id='word_1_346' title='bbox 1206 2680 1263 2707; x_wconf 90' lang='lat' dir='ltr'>est</span> <span class='ocrx_word' id='word_1_347' title='bbox 1297 2672 1426 2714; x_wconf 77' lang='lat' dir='ltr'>fallax,</span> <span class='ocrx_word' id='word_1_348' title='bbox 1490 2676 1671 2714; x_wconf 43' lang='lat' dir='ltr'>Tim-cisa</span> 
     </span>
    </p>
   </div>
   <div class='ocr_carea' id='block_1_3' title="bbox 109 2712 1658 2897">
    <p class='ocr_par' dir='ltr' id='par_1_3' title="bbox 109 2712 1658 2897">
     <span class='ocr_line' id='line_1_42' title="bbox 1506 2712 1658 2745; baseline -0.013 -8"><span class='ocrx_word' id='word_1_349' title='bbox 1506 2712 1578 2737; x_wconf 62' lang='lat' dir='ltr'>lalse</span> <span class='ocrx_word' id='word_1_350' title='bbox 1600 2719 1658 2745; x_wconf 65' lang='grc' dir='ltr'>ιιι).</span> 
     </span>
     <span class='ocr_line' id='line_1_43' title="bbox 178 2778 1427 2818; baseline 0.001 -12"><span class='ocrx_word' id='word_1_351' title='bbox 178 2778 202 2818; x_wconf 63' lang='grc' dir='ltr'>5ἶ</span> <span class='ocrx_word' id='word_1_352' title='bbox 232 2780 263 2806; x_wconf 81' lang='lat' dir='ltr'>In</span> <span class='ocrx_word' id='word_1_353' title='bbox 295 2779 362 2806; x_wconf 80' lang='lat' dir='ltr'>cod.</span> <span class='ocrx_word' id='word_1_354' title='bbox 394 2780 592 2807; x_wconf 67' lang='lat' dir='ltr'>existenciam</span> <span class='ocrx_word' id='word_1_355' title='bbox 622 2782 765 2808; x_wconf 77' lang='lat' dir='ltr'>correxit.</span> <span class='ocrx_word' id='word_1_356' title='bbox 927 2782 955 2809; x_wconf 68' lang='grc' dir='ltr'>ὁ.</span> <span class='ocrx_word' id='word_1_357' title='bbox 984 2782 1078 2809; x_wconf 79' lang='lat' dir='ltr'>Cod.:</span> <span class='ocrx_word' id='word_1_358' title='bbox 1109 2782 1238 2809; x_wconf 84' lang='lat' dir='ltr'>dubium</span> <span class='ocrx_word' id='word_1_359' title='bbox 1269 2786 1427 2817; x_wconf 78' lang='lat' dir='ltr'>quoniam.</span> 
     </span>
     <span class='ocr_line' id='line_1_44' title="bbox 110 2815 1427 2852; baseline 0.002 -12"><span class='ocrx_word' id='word_1_360' title='bbox 110 2821 150 2840; x_wconf 89' lang='lat'>10.</span> <span class='ocrx_word' id='word_1_361' title='bbox 167 2815 319 2849; x_wconf 74' lang='lat' dir='ltr'>aliquam;</span> <span class='ocrx_word' id='word_1_362' title='bbox 341 2815 424 2842; x_wconf 60' lang='lat' dir='ltr'>scil:</span> <span class='ocrx_word' id='word_1_363' title='bbox 445 2825 528 2849; x_wconf 68' lang='lat' dir='ltr'>esse;</span> <span class='ocrx_word' id='word_1_364' title='bbox 550 2815 644 2842; x_wconf 80' lang='lat' dir='ltr'>Cod.:</span> <span class='ocrx_word' id='word_1_365' title='bbox 666 2816 738 2851; x_wconf 82' lang='lat' dir='ltr'>quin</span> <span class='ocrx_word' id='word_1_366' title='bbox 761 2816 845 2843; x_wconf 79' lang='lat' dir='ltr'>decet</span> <span class='ocrx_word' id='word_1_367' title='bbox 868 2817 904 2843; x_wconf 78' lang='lat' dir='ltr'>de</span> <span class='ocrx_word' id='word_1_368' title='bbox 920 2817 997 2852; x_wconf 67' lang='lat' dir='ltr'>ipsa.</span> <span class='ocrx_word' id='word_1_369' title='bbox 1073 2817 1112 2844; x_wconf 74' lang='lat'>16.</span> <span class='ocrx_word' id='word_1_370' title='bbox 1131 2817 1225 2844; x_wconf 72' lang='lat' dir='ltr'>Cod.:</span> <span class='ocrx_word' id='word_1_371' title='bbox 1265 2818 1324 2845; x_wconf 66' lang='lat' dir='ltr'>Sed</span> <span class='ocrx_word' id='word_1_372' title='bbox 1348 2819 1427 2848; x_wconf 61' lang='lat' dir='ltr'>siucg</span> 
     </span>
     <span class='ocr_line' id='line_1_45' title="bbox 109 2846 1427 2897; baseline 0.002 -11"><span class='ocrx_word' id='word_1_373' title='bbox 109 2859 149 2886; x_wconf 89' lang='lat' dir='ltr'>ib.</span> <span class='ocrx_word' id='word_1_374' title='bbox 171 2860 267 2887; x_wconf 78' lang='lat' dir='ltr'>Cod.:</span> <span class='ocrx_word' id='word_1_375' title='bbox 289 2869 380 2895; x_wconf 74' lang='lat' dir='ltr'>quam</span> <span class='ocrx_word' id='word_1_376' title='bbox 403 2862 497 2888; x_wconf 74' lang='lat' dir='ltr'>deest.</span> <span class='ocrx_word' id='word_1_377' title='bbox 582 2860 627 2888; x_wconf 73' lang='lat'>530.</span> <span class='ocrx_word' id='word_1_378' title='bbox 650 2862 745 2889; x_wconf 77' lang='lat' dir='ltr'>C‹›d.:</span> <span class='ocrx_word' id='word_1_379' title='bbox 766 2862 834 2889; x_wconf 66' lang='lat' dir='ltr'>joh.</span> <span class='ocrx_word' id='word_1_380' title='bbox 857 2863 906 2889; x_wconf 70' lang='lat'>11⁰.</span> <span class='ocrx_word' id='word_1_381' title='bbox 992 2872 1041 2896; x_wconf 61' lang='lat'>40.</span> <span class='ocrx_word' id='word_1_382' title='bbox 1064 2846 1427 2897; x_wconf 51' lang='lat' dir='ltr'>innatast)‘1²1&#39;1121incod.</span> 
     </span>
    </p>
   </div>
   <div class='ocr_carea' id='block_1_4' title="bbox 187 2930 507 2971">
    <p class='ocr_par' dir='ltr' id='par_1_4' title="bbox 187 2930 507 2971">
     <span class='ocr_line' id='line_1_46' title="bbox 187 2930 507 2971; baseline 0.003 -8"><span class='ocrx_word' id='word_1_383' title='bbox 187 2930 237 2963; x_wconf 72' lang='lat'>36.</span> <span class='ocrx_word' id='word_1_384' title='bbox 268 2933 366 2964; x_wconf 81' lang='lat' dir='ltr'>Cant.</span> <span class='ocrx_word' id='word_1_385' title='bbox 396 2933 433 2971; x_wconf 84' lang='lat' dir='ltr'>ll,</span> <span class='ocrx_word' id='word_1_386' title='bbox 460 2943 507 2964; x_wconf 82' lang='lat'>12.</span> 
     </span>
    </p>
   </div>
  </div>
 </body>
</html>
