1944 3323
210 254 346 284 SERMO
367 244 492 302 xxm]
702 257 877 290 TERTIA
905 257 1029 288 PARS.
1739 260 1759 285 2
1771 249 1815 285 53

268 366 342 401 Per
365 365 436 401 hec
459 372 569 413 patet
587 363 796 412 responsio
815 365 865 400 ad
883 363 1102 400 secundam
1123 361 1205 398 eius
1224 361 1430 410 arguciam
1451 375 1529 411 qua
1545 377 1568 396 2.
1591 370 1641 409 My
1662 376 1821 407 opponent

209 422 351 459 nititur
373 424 584 460 ostendere
609 434 671 459 me
695 421 973 459 contradicere
1003 420 1124 457 michi
1157 419 1245 468 ipsi,
1281 433 1371 457 cum
1406 433 1529 468 arguo
1562 409 1803 468 ¹¹⁴¹⁰⁵ffl¹ffjfiss¹⁴⁰w

210 482 318 530 quod
343 494 423 518 non
456 480 549 517 licet
582 493 727 517 novam
764 479 998 528 religionem
1033 479 1316 527 superaddere,
1352 491 1398 515 eo
1422 480 1530 527 quod
1569 476 1794 537 ξζῗίῑζῗ11ζῇξΰ]1(1)1”

210 539 302 576 licet
325 552 469 576 novam
501 540 629 587 legem
659 539 930 587 superaddere
960 542 1017 584 (ut
1048 549 1233 586 suppono
1263 550 1306 573 ex
1335 536 1430 573 alibi
1465 538 1530 573 de-
1705 523 1755 545 ”²
1785 532 1789 537 “

177 597 399 643 5claratis).
434 599 547 634 Patet
569 596 724 634 solucio
749 596 908 645 planior
932 609 1052 645 quarn
1077 604 1172 632 tunc
1196 595 1293 642 dixi3
1323 608 1416 632 nam
1442 594 1531 631 reli-

210 656 348 704 giones
371 655 444 692 iste
467 655 620 704 private
643 655 796 704 aliquid
821 654 1032 691 includunt
1063 655 1110 690 de
1144 654 1280 702 regula
1311 653 1530 690 christiana

211 723 247 750 et
270 713 424 763 aliquid
446 715 735 763 superaddunt.
761 715 968 760 Quantum
993 714 1043 750 ad
1062 712 1161 748 illud
1178 713 1287 761 quod
1305 711 1528 758 includunt,

210 781 301 809 sunt
339 772 447 809 licite
488 781 526 809 et
564 771 742 821 antique,
785 780 981 821 quantum
1021 772 1068 808 ad
1110 770 1208 806 illud
1242 771 1352 819 quod
1393 783 1531 819 super-

209 831 376 877 addunt,
400 830 431 866 si
458 830 588 879 ipsum
622 831 884 879 incorporant
907 839 1116 879 tamquam
1150 837 1306 877 partem
1341 841 1409 866 sue
1442 829 1532 865 reli·
1569 837 1651 877 Tlmt
1673 846 1741 878 may
1764 839 1805 878 be·

157 904 194 925 10
209 888 338 937 gionis
377 897 414 926 et
458 889 606 937 regule,
648 888 679 925 si
720 888 852 937 ipsum
892 901 967 925 nec
999 887 1050 925 sit
1084 887 1314 935 explicitum
1349 900 1422 924 nec
1455 886 1529 923 im-
1553 874 1819 935 lffivffffssiaxiiii‘iflhtsil

210 947 392 996 plicitum
434 947 473 983 in
506 947 719 996 scriptura,
755 947 1012 984 manifestum
1048 954 1105 982 est
1139 947 1247 994 quod
1292 945 1424 994 ipsum
1474 954 1531 982 est
1599 943 1774 995 ῑῑῑξῑήῢζῖᾗῑξ

208 1018 406 1043 venenum
447 1014 483 1042 et
523 1007 634 1042 rethe
674 1005 839 1052 diaboli,
881 1018 971 1042 cum
1013 1003 1302 1053 prudenciores
1345 1005 1531 1040 doctores
1601 987 1772 1014 ntcmarx.

209 1077 310 1113 quos
343 1073 498 1113 ponunt
521 1063 643 1100 fuisse
677 1065 725 1100 de
757 1063 838 1100 suis
871 1062 1035 1112 privatis
1069 1062 1278 1099 ordinibus
1311 1065 1368 1108 (ut
1393 1064 1532 1099 Petrus

209 1125 423 1160 Comestor
456 1131 493 1159 et
526 1123 666 1159 beatus
689 1123 962 1167 Bernhardus)
996 1121 1133 1158 dicunt
1163 1122 1272 1169 quod
1304 1121 1406 1157 ordo
1439 1134 1532 1157 suus

156 1186 246 1219 15et
284 1194 355 1218 sua
395 1180 534 1229 religio
574 1189 631 1217 est
668 1180 777 1217 idem
817 1180 884 1229 qui
925 1180 998 1216 fuit
1039 1179 1080 1215 in
1119 1179 1287 1216 ecclesia
1327 1179 1532 1228 primitiva

209 1244 266 1284 (ut
298 1238 393 1277 alibi
426 1239 568 1276 diffuse
601 1239 797 1287 exposui).
832 1241 934 1275 Nam
968 1237 1168 1286 sapientes
1202 1237 1268 1286 qui
1298 1238 1459 1274 fuerunt
1491 1237 1531 1273 in

209 1297 305 1347 ipsis
338 1297 547 1335 ordinibus
580 1305 844 1346 acceptarunt
876 1296 1186 1333 adinvenciones
1219 1295 1397 1333 adiectas
1429 1305 1531 1333 tam-

209 1369 330 1406 quam
354 1356 619 1405 peripsimata
651 1364 688 1393 et
711 1355 807 1404 ipsis
840 1355 1047 1392 ordinibus
1081 1354 1348 1392 accidentalia
1381 1363 1418 1391 et
1451 1367 1531 1391 non

201 1423 357 1463 partes.
392 1416 470 1452 Sed
503 1414 613 1451 stulti
652 1422 863 1463 sequentes
898 1414 986 1462 plus
1019 1412 1307 1462 appreciantur
1340 1413 1529 1450 adinven-

152 1486 193 1508 20
210 1473 344 1510 ciones
368 1485 444 1522 que
468 1468 715 1522 quibusdam
735 1472 916 1521 personis
940 1480 1053 1509 erant
1068 1471 1186 1508 utiles
1203 1484 1324 1521 quam
1349 1472 1528 1520 regulam

210 1531 481 1580 evangelicam
520 1532 581 1568 vel
621 1532 879 1576 mandatum3
914 1532 1019 1567 unde
1052 1530 1172 1567 stulte
1206 1539 1387 1567 statuunt
1420 1532 1528 1580 quod

210 1589 386 1639 quelibet
437 1602 610 1638 persona
661 1589 751 1626 talis
801 1589 954 1625 ordinis
1005 1597 1213 1637 tamquam
1265 1597 1400 1637 partes
1446 1588 1528 1625 eius

210 1648 446 1685 essenciales
485 1657 606 1697 atque
645 1647 858 1697 precipuas
904 1648 974 1684 has
1019 1649 1218 1692 observat,
1263 1655 1305 1682 ut
1338 1655 1447 1695 patet
1481 1648 1528 1683 de

211 1706 415 1756 corporali
448 1706 586 1743 habitu
620 1715 657 1743 et
689 1705 831 1742 ritibus
864 1705 1106 1742 deridendis.

154 1769 192 1802 25
266 1765 411 1802 Tercio
444 1764 574 1813 arguit
598 1766 800 1813 dompnus
832 1763 906 1801 sic:
943 1764 983 1801 Si
1017 1763 1277 1800 observancia
1311 1776 1410 1812 pure
1433 1763 1528 1811 legis
1569 1766 1594 1795 3-
1616 1768 1660 1795 He
1682 1777 1752 1804 says
1772 1769 1794 1808 {t

210 1823 436 1872 evangelice
474 1836 545 1872 per
583 1835 623 1859 se
662 1822 810 1860 sufficit
848 1823 899 1859 ad
940 1822 1125 1868 salutem,
1166 1831 1260 1858 tunc
1300 1821 1376 1858 alie
1422 1822 1527 1870 leges
1543 1803 1820 1873 crilssffigffiossiiieialxis

209 1881 363 1931 private
395 1882 659 1930 superfluunt.
695 1881 735 1918 Si
762 1880 922 1930 (inquit)
958 1882 1034 1917 hoc
1066 1889 1348 1929 argumentum
1382 1880 1526 1926 valeat,
1570 1873 1793 1935 ἱζζῖξὴζζζζςᾝὲ

208 1949 304 1977 tunc
337 1940 518 1989 sequitur
551 1941 659 1989 quod
696 1952 837 1976 omnes
875 1939 967 1975 libri
1000 1938 1212 1987 Augustini
1253 1947 1290 1975 et
1322 1946 1408 1975 tota
1441 1951 1528 1975 sen-
1579 1927 1785 1978 supenffiohs.

208 1998 340 2036 tencia
379 2011 469 2035 mea
507 2011 629 2048 quam
671 1997 813 2046 scripsi
852 1997 1118 2046 superfluunt.
1172 1997 1212 2034 Si
1252 1996 1413 2046 (inquit)
1453 1998 1528 2034 hoc

152 2061 193 2094 30
208 2066 490 2106 argumentum
528 2069 610 2094 non
649 2057 765 2102 valet,
806 2056 987 2106 sequitur
1026 2068 1096 2104 per
1129 2055 1236 2092 idem
1271 2057 1378 2104 quod
1413 2068 1529 2104 argu-

209 2124 390 2152 mentum
424 2128 559 2152 meum
592 2128 674 2152 non
704 2115 823 2152 valet.

266 2175 411 2220 Quoad
443 2173 562 2210 istum
597 2173 799 2210 obiectum
834 2181 945 2222 patet
969 2173 1077 2221 quod
1111 2171 1328 2208 dimittitur
1360 2171 1528 2208 subiecti
1591 2176 1619 2203 If
1636 2177 1706 2215 they
1728 2185 1778 2204 are

208 2232 442 2269 constancia
493 2231 533 2268 in
584 2232 732 2268 minori
779 2244 858 2281 qua
904 2231 1061 2280 capitur
1108 2231 1216 2279 quod
1269 2231 1394 2266 multe
1438 2238 1529 2266 sunt
1546 2212 1822 2282 Goffiffif‘ssffmffffqsc

207 2291 311 2339 leges
350 2290 504 2339 private
538 2302 614 2339 que
645 2303 727 2327 non
761 2298 852 2326 sunt
885 2289 925 2326 in
958 2288 1177 2337 evangelio,
1213 2297 1250 2325 et
1283 2297 1378 2325 tunc
1412 2288 1528 2324 indu-
1545 2282 1818 2343 ςῑζῖξξζέἷζξῖζζῗυῖῃά

152 2353 190 2385 35
208 2348 382 2386 bitanter
426 2361 516 2385 vere
561 2348 815 2385 concluditur
860 2349 969 2397 quod
1019 2356 1111 2384 sunt
1161 2346 1363 2395 superflue
1409 2355 1528 2395 atque
1618 2338 1622 2342 .
1768 2338 1792 2343 ..

208 2407 325 2454 false3
361 2416 397 2444 et
421 2415 575 2444 certum
611 2416 668 2443 est
692 2408 799 2456 quod
833 2416 924 2443 sunt
946 2406 1079 2455 alique
1112 2406 1217 2453 leges
1251 2414 1289 2442 et
1313 2404 1527 2453 religiones

208 2465 460 2511 huiusmodiss,
494 2466 600 2502 unde
632 2465 663 2501 si
687 2465 932 2513 Augustinus
965 2465 1025 2501 vel
1048 2466 1192 2501 doctor
1225 2463 1369 2512 aliquis
1403 2463 1527 2511 scrip—

208 2523 303 2560 serit
332 2523 371 2559 in
400 2523 542 2571 logica,
571 2523 611 2559 in
640 2523 900 2572 philosophia
929 2524 990 2560 vel
1013 2522 1218 2570 theologia
1242 2534 1527 2570 quamcunque

208 2581 455 2619 sentenciam
495 2594 571 2631 que
610 2594 691 2618 non
729 2581 779 2618 sit
818 2580 1034 2619 fundabilis
1075 2581 1115 2617 in
1153 2579 1365 2629 scriptura,
1401 2579 1527 2617 mani-

148 2654 193 2686 40
207 2640 350 2677 festum
396 2649 453 2677 est
504 2639 635 2688 ipsum
690 2641 737 2677 de
789 2649 902 2677 tanto
957 2652 1122 2685 errasse,
1169 2651 1259 2676 cum
1305 2639 1525 2676 secundum

275 2782 301 2802 2.
323 2775 415 2803 Ccd.:
438 2774 600 2802 ostendere
621 2774 706 2802 mihi.
807 2775 831 2809 5,
853 2775 880 2802 6.
902 2774 998 2802 Cod.:
1020 2774 1176 2810 religione.
1277 2774 1316 2802 18.
1339 2773 1433 2802 Cod.:
1456 2773 1524 2809 ipsi,

206 2817 249 2838 22.
272 2809 367 2838 Cod.:
389 2810 526 2846 quilibet.
600 2809 641 2837 25.
662 2809 695 2837 In
717 2817 832 2845 marg:
853 2809 1035 2845 Responsio.
1109 2809 1156 2837 36.
1179 2808 1274 2837 Cod.:
1298 2809 1425 2845 alioque.

281 2905 307 2927 2.
336 2894 434 2927 Fasc.
461 2894 523 2927 ziz.
549 2894 571 2926 l.
598 2903 626 2927 c.
727 2893 780 2927 25.
806 2892 889 2926 ibid.
