1944 3323
195 1233 298 1261 Christ
325 1234 350 1260 is
371 1233 419 1259 the

185 1270 249 1295 love
271 1269 332 1295 that
354 1268 432 1299 ionis

174 1304 208 1330 till
222 1303 276 1330 His
292 1304 444 1330 members

250 1338 279 1365 in
300 1346 368 1364 one.

186 1580 229 1606 He
250 1579 425 1606 ministercd

190 1615 218 1641 in
240 1614 340 1642 order.
363 1614 426 1640 tirsi

200 1654 230 1675 to
250 1649 298 1675 the
318 1649 407 1682 Jews,

195 2498 276 2530 then,
297 2497 326 2525 in
348 2507 420 2524 even

193 2537 310 2566 greater
330 2540 428 2567 grace,

177 2572 206 2592 to
231 2567 279 2594 the
300 2567 446 2594 Gentiles.

752 253 972 285 JoHANNis
992 251 1173 282 WYc1.11⁴'
1191 249 1449 282 SERMONUM
1555 236 1704 293 [SERMO
1725 247 1760 274 ΙΙ.

458 362 638 395 honorem
664 360 747 394 Dei.
784 358 962 394 Christus
996 356 1100 392 enim
1138 357 1349 403 (quantum
1384 367 1426 390 ex
1460 364 1571 402 parte
1605 355 1663 391 sui
1688 358 1760 402 est)

458 417 630 464 suscepit
678 416 851 452 medium
899 428 967 462 per
1006 415 1111 462 quod
1155 412 1328 461 quelibet
1373 409 1761 460 persona'hominis

458 483 587 522 potest
621 474 723 509 uniri
757 473 934 517 Christ03
974 484 1053 507 non
1086 483 1179 518 ergo
1214 471 1357 506 debent
1392 472 1572 506 membra
1605 470 1761 507 irritare

457 545 497 568 se
542 531 709 568 invicem
753 532 819 567 sed
865 532 913 566 ad
954 529 1156 565 Christum
1204 527 1345 575 capitis
1393 530 1582 564 reducere
1626 541 1666 564 se
1711 530 1760 565 ad

458 589 665 625 unitatem.
712 587 892 625 Christus
932 587 1036 623 enim
1075 587 1220 622 nedum
1263 585 1446 622 infirmos
1492 585 1531 622 in
1576 586 1652 622 fide
1692 588 1793 622 sed5

459 656 637 683 mortuos
670 645 903 682 infidelitate
935 644 1109 692 suscepit
1142 653 1178 680 et
1216 643 1333 680 traxit
1372 644 1421 679 ad
1459 643 1668 681 unitatem.
1712 646 1761 679 Et

458 705 572 741 istam
619 703 867 740 caritativam
916 702 1108 738 unitatem
1156 703 1301 738 docent
1346 702 1526 749 exempla
1565 701 1760 749 quotlibet

458 763 497 798 in
529 771 685 807 natura,
722 770 763 797 ut
796 761 969 809 quelibet
1002 772 1093 807 pars
1127 767 1313 796 contenta
1353 758 1392 794 in
1432 759 1760 796 concentricitate

457 819 569 868 quasi
603 819 729 855 tocius
762 818 998 855 naturaliter
1021 817 1235 865 quietatur,
1265 817 1330 853 ubi
1354 816 1440 864 ipsa
1464 816 1761 854 discontinuata

457 879 506 914 ad
541 876 908 913 concentricitatem
942 875 1001 912 sui
1033 875 1175 922 integri
1208 875 1421 920 niteretur3
1466 874 1521 911 sic
1556 875 1819 912 moraliter1o

458 935 551 972 boni
585 935 810 971 communis
843 934 1007 971 affeccio
1040 934 1157 969 debet
1189 932 1447 969 affeccionem
1489 932 1759 981 cuiuscunque

459 992 627 1029 membri
667 992 831 1029 ecclesie
869 1003 1070 1039 superare.
1116 993 1163 1026 Et
1208 991 1347 1027 eadem
1388 999 1445 1026 est
1484 990 1761 1027 consideracio

459 1050 640 1098 Apostoli
688 1051 795 1096 (Cor.
840 1051 943 1094 XHo)
988 1049 1194 1097 quomodo
1240 1049 1421 1085 membra
1465 1048 1629 1085 humani
1677 1061 1762 1085 cor-

458 1108 566 1156 poris
600 1117 739 1144 mutuo
772 1120 810 1143 se
840 1107 974 1144 iuvant
997 1107 1036 1142 in
1058 1106 1138 1142 suis
1161 1106 1303 1142 officiis
1327 1115 1363 1143 et
1386 1105 1470 1142 sine
1494 1106 1763 1154 repugnancia

460 1167 669 1202 intendunt
703 1166 870 1202 salutem
904 1164 1033 1202 tocius
1067 1163 1262 1212 corporis.
1783 1166 1820 1198 15

517 1223 697 1260 Christus
726 1232 857 1259 autem
887 1223 988 1259 sicut
1017 1231 1073 1259 est
1102 1231 1221 1270 caput
1244 1221 1371 1258 tocius
1395 1222 1575 1270 corporis
1599 1222 1762 1259 ecclesie

459 1283 591 1329 quoad
626 1282 928 1326 humanitatem,
961 1281 1016 1317 sic
1051 1289 1107 1316 est
1140 1280 1284 1317 caritas
1317 1280 1595 1328 conglutinans
1627 1279 1763 1316 omnia

460 1339 543 1375 eius
567 1340 747 1375 membra
770 1340 818 1375 ad
842 1339 1010 1375 invicem
1034 1339 1167 1386 quoad
1192 1337 1454 1374 divinitatem.
1487 1341 1567 1374 Nec
1598 1338 1762 1374 dubium

461 1397 555 1445 quin
599 1397 743 1433 viando
791 1396 873 1433 sine
920 1409 1184 1445 personarum
1229 1395 1470 1444 accepcione
1517 1396 1675 1432 servivit
1718 1408 1763 1432 ac

460 1455 628 1503 profecit
672 1454 895 1503 cuicunque
940 1455 1121 1491 membro
1167 1453 1350 1500 ecclesie;
1398 1455 1504 1490 unde
1548 1466 1652 1502 papa
1698 1453 1763 1502 qui
1782 1466 1822 1488 20

461 1513 575 1548 debet
620 1525 704 1549 esse
749 1512 1007 1557 caritativior‚
1057 1513 1172 1548 debet
1220 1524 1303 1548 esse
1352 1511 1517 1548 ecclesie
1561 1511 1763 1548 servicior.

458 1572 773 1618 Verumptamen
811 1570 912 1607 sicut
951 1571 1169 1607 secundum
1210 1569 1408 1606 diversum
1446 1571 1614 1617 gradum
1648 1582 1765 1618 capa—

460 1628 589 1664 citatis
636 1630 953 1677 unumquodque
1007 1629 1231 1664 membrum
1285 1627 1391 1664 iuvat
1444 1627 1656 1676 reliquum⁷
1709 1627 1764 1664 sic

459 1685 639 1722 Christus
679 1686 862 1722 ordinate
903 1684 1142 1722 ministravit
1182 1685 1358 1721 ecclesie.
1406 1686 1497 1721 Ideo
1531 1685 1626 1721 dicit
1659 1687 1764 1732 Apo—

459 1744 603 1780 stolus:
650 1744 748 1779 Dico
795 1751 919 1780 autem
963 1743 1091 1780 Jesum
1142 1743 1339 1779 Christum
1387 1743 1604 1779 ministrum
1636 1743 1766 1792 fuisse
1783 1746 1820 1777 25

459 1802 759 1837 circmncisionis
781 1802 832 1837 ad
853 1802 1139 1850 confirmandas
1156 1801 1435 1850 promissiones
1451 1807 1625 1849 patrum.
1655 1800 1765 1837 Sicut

459 1859 563 1895 enim
599 1872 667 1895 cor
700 1858 807 1896 iuvat
839 1868 958 1907 atque
990 1857 1162 1895 vivificat
1195 1858 1378 1895 ordinate
1412 1867 1555 1895 cuncta
1584 1860 1765 1895 membra

458 1917 517 1953 sui
557 1917 749 1965 corporis,
790 1916 846 1953 sic
878 1916 1059 1953 Christus
1098 1916 1337 1952 ministravit
1378 1916 1623 1952 circumcisis
1656 1916 1765 1964 prius

459 1976 505 2010 de
529 1974 725 2022 spirituali
760 1975 951 2011 alimento
984 1973 1093 2010 vitali
1126 1983 1290 2022 propter
1323 1973 1608 2022 promissiones
1641 1974 1765 2011 factas

458 2032 537 2069 suis
578 2032 766 2069 fratribus
806 2041 842 2069 et
883 2032 1122 2068 ministravit
1162 2031 1461 2068 ordinatissime
1501 2031 1588 2068 aliis
1629 2044 1765 2068 conse·
1783 2034 1823 2066 30

458 2099 635 2138 quenter.
682 2092 773 2126 ldeo
806 2103 896 2127 vere
935 2089 1030 2126 dicit
1064 2089 1245 2137 (Matthei
1284 2091 1386 2135 ΧΨ),
1422 2091 1512 2135 24):
1559 2090 1644 2125 Non
1682 2103 1765 2126 sum

460 2148 598 2184 missus
642 2149 714 2184 nisi
756 2149 807 2184 ad
851 2160 939 2184 oves
977 2160 1046 2196 que
1085 2148 1287 2197 perierunt
1335 2148 1471 2183 domus
1509 2148 1642 2184 Israel.
1688 2149 1767 2184 Sed

459 2205 673 2253 capacibus
706 2205 966 2254 spiritualiter
1005 2205 1128 2253 pastis
1168 2214 1204 2241 et
1243 2205 1503 2253 incapacibus
1542 2205 1765 2253 reprobatis

459 2263 585 2311 pascit
630 2276 699 2311 per
742 2263 923 2300 ordinem
963 2275 1032 2311 per
1071 2263 1288 2311 apostolos,
1335 2272 1377 2298 ut
1420 2275 1582 2310 organa,
1628 2275 1766 2299 omnes

460 2330 593 2368 gentes
627 2325 682 2365 (ut
715 2330 823 2369 patet
856 2323 959 2357 Luce
992 2320 1135 2357 ultimo
1170 2329 1205 2357 et
1236 2321 1400 2357 Matthei
1434 2320 1607 2367 ultimo),
1642 2329 1678 2356 et
1710 2320 1766 2356 sic
1783 2322 1821 2354 35

461 2378 608 2425 duplici
660 2378 831 2424 vinculo,
891 2379 1042 2415 scilicet
1096 2378 1340 2426 cognacione
1396 2387 1431 2414 et
1484 2378 1763 2426 promissione,

462 2435 641 2472 Christus
673 2436 871 2484 obligatus
904 2437 1031 2473 fuerat
1066 2436 1325 2473 circumcisis.

524 2494 663 2529 Gentes
694 2502 833 2541 autem,
872 2494 966 2530 dicit
999 2495 1228 2542 Apostolus,
1268 2495 1462 2530 honorare
1493 2495 1617 2530 Deum
1650 2506 1767 2543 super

463 2551 729 2587 misericordia
775 2551 917 2588 maiori
962 2565 1082 2600 quam
1129 2552 1182 2588 eis
1226 2552 1478 2600 impenderat
1523 2555 1616 2597 (non
1660 2550 1764 2587 enim

464 2617 575 2644 erant
614 2610 660 2644 de
693 2609 837 2644 Christi
878 2609 1122 2657 cognacione
1160 2609 1448 2655 humanitatis),
1482 2622 1553 2646 nec
1585 2608 1824 2657 patribus40

532 2752 559 2775 4.
581 2742 688 2776 capitis
709 2743 736 2768 iu
758 2743 826 2769 cod.
849 2748 940 2769 recte:
964 2748 1063 2777 caput.
1129 2745 1154 2768 S.
1178 2743 1271 2770 Coti:
1294 2748 1443 2770 contente.
1511 2743 1556 2770 26.
1579 2742 1673 2770 C‹›d.:
1695 2750 1766 2769 coii-

463 2776 639 2803 firmandos.
714 2776 755 2811 [³7.
779 2777 872 2803 Coa:
895 2777 1093 2804 circumsisis⁴

534 2870 587 2890 23.
615 2861 665 2889 ΑΔ
695 2861 794 2891 Rom.
823 2861 895 2899 XV,
923 2863 953 2892 8.
1053 2862 1103 2892 38.
1132 2861 1173 2891 ib.
1201 2874 1231 2902 ῃ,
