1944 3323
125 601 140 632 5

68 753 141 784 Fol.

62 799 142 839 348⁰

105 905 143 925 10

105 1185 142 1217 15

158 252 293 280 sERMO
315 241 409 298 Lm]
648 254 821 286 TERTIA
849 255 974 287 PARS.

156 364 245 400 Jesu
274 363 431 399 Christi.
465 362 555 398 Fuit
587 361 693 398 enim
726 363 945 411 Apostolus
979 363 1119 411 plenus
1151 363 1287 412 gracia
1319 374 1355 401 et
1388 378 1475 414 per-

157 423 282 459 fectus
326 422 366 458 in
414 419 592 458 caritate.
639 421 731 457 Ideo
777 420 1007 469 concupivit
1050 422 1110 459 vel
1156 423 1397 460 desideravit
1428 424 1474 469 (si

158 484 242 517 Deo
281 479 491 529 placuerit)
529 479 630 528 quod
668 491 797 515 omnes
835 480 904 526 illi,
942 493 1080 528 ymmo
1119 493 1259 518 omnes
1292 482 1476 518 homines

147 541 287 589 forent
318 538 575 590 spiritualiter
607 537 642 573 in
677 538 885 574 visceribus
905 539 996 574 Jesu
1031 539 1189 575 Christi.
1224 539 1335 576 Sicut
1369 540 1474 576 enim

157 598 310 634 viscera
342 595 617 633 misericordie
642 595 802 632 deitatis
825 606 1022 633 vocantur
1045 597 1234 645 potencia
1257 598 1474 635 miserendi

158 657 218 692 vel
263 662 319 701 (ut
367 656 498 704 placet
542 652 648 705 aliis)
694 654 881 702 potencia
921 655 1086 691 ecclesie
1131 668 1277 704 sponse
1310 656 1474 702 Christi,

158 715 214 751 sic
239 716 346 763 quod
375 713 528 750 viscera
560 712 666 748 illius
701 712 866 749 ecclesie
898 726 979 749 non
1013 713 1092 750 sint
1122 714 1240 762 plena
1265 715 1477 763 putredine

157 774 226 809 sed
272 772 437 821 capacia
484 783 530 808 ac
580 769 771 819 gignitiva
823 771 987 808 seminis
1038 772 1147 808 verbi
1192 773 1264 809 Dei
1299 770 1302 826 1
1338 782 1375 810 et
1422 773 1477 810 sic

158 831 390 868 caritativus
414 829 524 878 cupit
547 829 683 866 fideles
708 842 791 866 esse
814 829 855 866 in
877 829 1095 867 visceribus
1118 832 1210 867 Jesu
1234 831 1395 877 Christi,
1431 833 1478 868 de

158 899 309 939 quanto
343 888 452 937 cupit
484 888 595 936 ipsos
628 900 711 924 esse
742 887 1006 936 spiritualiter
1037 888 1193 937 genitos
1224 889 1265 925 in
1297 891 1478 927 membra

158 948 324 985 ecclesie
362 948 583 984 secundum
617 954 750 982 actum
787 946 1062 983 misericordie
1094 960 1116 984 a
1150 947 1281 995 capite
1314 948 1478 985 ecclesie

157 1007 197 1042 in
242 1007 325 1043 eius
368 1006 521 1043 viscera
566 1005 867 1053 procedentem,
913 1005 973 1041 vel
1017 1009 1074 1051 (ut
1112 1006 1243 1053 placet
1277 1006 1378 1051 aliis)
1412 1006 1478 1043 ille

158 1065 342 1102 ordinate
376 1064 486 1112 cupit
519 1062 749 1112 proximum
782 1063 822 1099 in
854 1063 1072 1100 visceribus
1103 1065 1195 1100 Jesu
1229 1064 1377 1101 Christi
1411 1064 1478 1113 qui

159 1123 270 1171 cupit
299 1124 430 1172 ipsum
463 1131 570 1158 stare
592 1121 632 1157 in
657 1121 922 1158 ordinacione
947 1122 1112 1158 ecclesie
1135 1135 1256 1170 quam
1282 1123 1480 1171 disposuit

159 1181 345 1218 dominus
388 1183 500 1217 Jesus
534 1179 736 1225 Christus3
783 1188 820 1216 et
863 1179 919 1216 ita
963 1179 1066 1216 sicut
1104 1180 1240 1217 omnia
1286 1181 1479 1218 interiora

159 1241 342 1276 membra
380 1238 556 1276 hominis
596 1251 772 1275 concava
810 1246 931 1287 atque
971 1238 1144 1275 latencia
1175 1248 1373 1276 vocantur
1404 1239 1479 1276 vis-

159 1311 264 1344 cera,
310 1298 366 1334 sic
411 1310 551 1334 omnes
595 1296 878 1333 ordinaciones
913 1296 1061 1333 Christi
1109 1298 1278 1334 latentes
1323 1298 1363 1334 in
1407 1311 1478 1335 suo

159 1369 330 1405 corpore
363 1358 487 1405 (quod
522 1364 578 1392 est
603 1355 787 1401 ecclesia)
810 1364 1006 1391 vocantur
1027 1355 1181 1392 viscera
1201 1357 1293 1392 Jesu
1316 1356 1476 1393 Christi.

159 1417 207 1450 Et
241 1414 343 1451 sicut
373 1414 571 1451 viscerum
612 1413 747 1462 aliqua
785 1423 878 1450 sunt
915 1413 1118 1458 intestina,
1153 1414 1288 1463 aliqua
1321 1414 1477 1460 matriX,

160 1482 196 1509 et
230 1472 285 1509 ita
319 1474 365 1509 de
399 1473 500 1519 aliis,
535 1472 591 1509 sic
626 1471 759 1520 alique
787 1481 878 1509 sunt
913 1471 1195 1509 ordinaciones
1226 1474 1273 1509 de
1296 1472 1478 1521 prescitis

160 1540 196 1568 et
230 1531 305 1567 alie
340 1533 388 1567 de
421 1530 717 1579 predestinatis.

217 1589 357 1625 Omnis
397 1599 531 1626 autem
571 1602 611 1625 se
650 1590 908 1626 conformans
946 1588 1143 1625 voluntati
1188 1588 1319 1626 divine
1363 1590 1480 1626 debet

159 1660 306 1695 cupere
339 1649 387 1684 de
420 1647 601 1697 quolibet
632 1647 737 1684 intra
771 1647 981 1684 ecclesiam
1016 1647 1149 1696 ipsum
1182 1657 1288 1684 stare
1311 1647 1350 1684 in
1373 1648 1481 1684 ordi-

159 1706 329 1742 nacione
363 1705 518 1743 domini
540 1708 631 1742 Jesu
656 1705 818 1751 Christi,
849 1719 987 1742 verum
1022 1715 1159 1742 tamen
1193 1714 1334 1753 optare
1363 1708 1481 1743 debet

105 1777 138 1798 2„
161 1774 197 1800 et
230 1777 346 1801 orare
379 1774 422 1801 ut
446 1774 521 1801 stet
555 1774 786 1801 constanter
809 1774 1018 1813 tamquam
1055 1766 1280 1801 membrum
1316 1764 1481 1801 ecclesie

161 1823 480 1871 predestinatum
527 1825 577 1859 ad
622 1822 813 1871 gloriam3
860 1822 950 1859 ideo
998 1822 1095 1859 dicit
1133 1831 1282 1859 textus:
1322 1823 1374 1859 Et
1411 1824 1482 1859 lzoc

161 1894 230 1917 oro
262 1889 301 1917 ut
330 1883 475 1918 caritas
499 1889 626 1918 vestra
658 1882 786 1932 magis
808 1894 853 1917 ac
876 1882 1004 1932 magis
1025 1882 1220 1917 habundet
1251 1881 1286 1917 in
1319 1881 1480 1917 sciencia

161 1947 196 1976 et
228 1940 263 1975 in
297 1941 401 1976 omni
430 1953 556 1986 sensu,
589 1947 629 1976 ut
654 1941 829 1990 probetis
868 1948 907 1975 ut
938 1940 1021 1976 sitis
1051 1940 1194 1976 sinceri
1222 1940 1302 1976 sine
1339 1940 1481 1989 offensa

161 1999 196 2034 in
237 1998 297 2034 die
334 1999 491 2035 Christi.
538 2001 629 2035 Non
668 2008 802 2035 autem
843 2007 932 2035 orat
971 2007 1014 2034 ut
1052 1998 1179 2034 nostri
1220 1997 1481 2034 ecclesiastici

162 2058 271 2105 quod
309 2056 511 2093 tribuatur
551 2057 605 2093 eis
644 2057 801 2093 lucrum
835 2056 1042 2105 putridum
1082 2057 1307 2105 temporale
1338 2057 1405 2092 sed
1441 2065 1483 2092 ut

163 2116 212 2151 ad
259 2116 454 2152 honorem
502 2115 573 2152 Dei
627 2124 663 2151 et
709 2115 925 2152 utilitatem
972 2115 1139 2152 ecclesie
1185 2114 1314 2151 maior
1357 2114 1482 2151 virtus

163 2173 391 2221 theologica
429 2186 506 2222 que
547 2182 604 2210 est
644 2174 790 2211 caritas
828 2174 869 2210 in
908 2173 988 2210 suis
1027 2173 1236 2210 affectibus
1275 2182 1481 2220 augeatur.

222 2234 302 2268 Nec
326 2241 417 2268 sunt
433 2231 622 2269 audiendi
646 2231 826 2269 infideles
844 2232 958 2268 deliri
975 2232 1042 2280 qui
1064 2231 1279 2268 falsificare
1302 2231 1484 2268 nituntur

164 2290 239 2326 ista
262 2292 383 2327 verba
405 2291 605 2339 Apostoli,
636 2290 769 2339 primo
792 2303 863 2339 per
887 2292 963 2327 hoc
993 2292 1100 2339 quod
1123 2291 1233 2327 nulla
1258 2298 1315 2326 est
1339 2290 1484 2326 caritas

131 2347 244 2384 :una
285 2350 506 2385 multorum
546 2358 582 2385 et
623 2351 800 2386 secundo
842 2361 912 2397 per
945 2350 1021 2385 hoc
1055 2350 1163 2398 quod
1196 2348 1304 2384 nulla
1338 2348 1484 2385 caritas

165 2415 296 2455 potest
336 2407 472 2455 augeri
511 2408 572 2444 vel
606 2407 745 2453 minui,
780 2420 868 2444 cum
904 2416 1071 2455 propter
1103 2405 1410 2443 innovacionem
1445 2406 1485 2442 in

166 2465 347 2513 partibus
381 2465 570 2502 continue
602 2466 704 2502 foret
737 2478 853 2502 nova.

235 2589 257 2616 5.
280 2588 375 2615 Cod.:
405 2588 589 2624 potenciam.
671 2596 709 2615 10.
733 2589 828 2616 Cod.:
850 2588 935 2623 cupit
955 2588 1049 2615 deest.
1131 2595 1172 2622 ις).
1195 2587 1323 2617 matrix:
1351 2587 1393 2614 ita
1413 2587 1481 2614 cod.

165 2631 209 2650 20.
233 2623 328 2650 Cod.:
352 2623 439 2650 sicut.
515 2622 558 2651 28.
582 2623 676 2650 Cod.:
704 2628 731 2650 et
752 2623 836 2652 sitis:
864 2623 904 2650 ib.
928 2623 957 2650 in
980 2631 1076 2657 marg.
1100 2631 1166 2658 sup.
1188 2623 1240 2649 fol.
1261 2621 1334 2656 34Sb
1350 2627 1378 2649 et
1392 2620 1481 2655 34⁸⁶:

164 2658 240 2685 Sitis
261 2659 376 2685 sinceri
394 2662 422 2686 et
440 2659 508 2686 sine
527 2657 645 2694 offensa
666 2659 702 2685 ad
727 2659 802 2685 Phil.
824 2659 869 2691 1⁰3
893 2658 940 2685 hic
961 2666 1017 2685 nos
1039 2663 1141 2685 movet
1161 2658 1334 2696 Apostolus
1355 2657 1392 2684 ad
1415 2657 1481 2689 tria,

166 2693 267 2729 primo
288 2694 324 2720 ad
349 2693 407 2720 vite
428 2693 630 2727 mundiciam,
653 2702 688 2720 ne
709 2693 875 2728 diligamus
897 2693 949 2720 sed
971 2693 1127 2727 fugiamus
1147 2692 1319 2730 libidinem,
1346 2692 1483 2730 secundo

164 2728 203 2755 ad
240 2733 378 2755 mutuam
411 2728 596 2761 amiciciam,
631 2737 666 2755 ne
698 2728 893 2755 offendamus
926 2728 978 2754 sed
1012 2727 1177 2763 diligamus
1209 2728 1482 2765 invicem3tercio

166 2763 202 2790 ad
233 2763 407 2790 faciendum
441 2763 607 2796 iusticiam,
641 2771 676 2790 ne
703 2763 985 2791 circumveniamus
1012 2771 1067 2789 nec
1094 2762 1311 2798 opprimamus
1338 2762 1481 2796 aliquem.

166 2797 208 2825 33.
229 2798 262 2825 In
285 2806 399 2833 marg:
429 2798 585 2825 Obieccio.

239 2881 290 2914 26.
319 2881 407 2913 Phil.
435 2882 459 2922 1,
485 2892 516 2925 9,
542 2892 591 2913 10.

1503 545 1570 574 The
1591 548 1706 576 bowcls
1726 549 1761 576 of

1491 583 1578 610 „lesus
1595 583 1700 610 Christ
1715 592 1764 610 are

1499 618 1554 645 His
1575 618 1759 646 ordinances

1521 653 1685 680 contained
1706 653 1736 680 in

1527 688 1577 716 the
1599 687 1734 716 Church.

1524 1596 1592 1624 The
1611 1596 1743 1635 Apostle

1521 1640 1614 1667 prays
1635 1634 1683 1658 101·
1703 1631 1753 1658 the

1497 1666 1633 1694 increase
1648 1666 1682 1693 of
1693 1666 1772 1693 their

1572 1701 1700 1737 charity.

1541 2234 1736 2268 Obiections:

1500 2279 1519 2298 1.
1540 2269 1641 2297 There
1661 2274 1772 2297 cannot

1513 2306 1547 2332 be
1568 2313 1625 2332 one
1645 2304 1762 2340 charity

1566 2340 1595 2367 in
1617 2348 1710 2376 many

1566 2383 1707 2410 persons.

1553 2418 1579 2437 2.
1599 2409 1726 2445 Charity

1552 2450 1665 2472 cannot
1685 2445 1720 2471 be

1511 2480 1661 2515 changed,
1683 2488 1718 2506 or
1738 2479 1759 2506 it

1519 2516 1660 2542 becomes
1682 2523 1758 2542 new.
