1944 3323
144 239 224 283 284

181 1056 214 1083 In
237 1056 368 1083 Christ's

187 1091 292 1117 words
313 1091 361 1117 the

159 1125 349 1160 predication
371 1126 396 1152 is

204 1160 349 1187 habitual,

705 250 928 282 JOHANNIS
947 251 1129 282 wvcrir
1149 251 1407 284 sERMONUM
1432 237 1583 295 [SERMO
1599 248 1736 276 xxxw.

430 357 542 405 panis
575 359 635 393 vel
659 369 899 405 quocunque
932 357 1010 393 alio
1043 357 1205 393 nomine
1238 357 1481 398 nominatus,
1507 372 1586 406 quo
1619 372 1739 406 supra

431 416 548 452 fidem
579 415 775 463 scripture
799 414 967 451 ecclesia
991 415 1229 452 difficultare
1262 415 1420 464 poterit.
1456 417 1581 452 Multa
1605 426 1739 453 tamen

430 483 521 509 sunt
566 486 657 510 vera
710 486 786 521 que
839 472 1050 509 scolastice
1103 482 1138 510 ct
1191 473 1490 522 particulariter
1542 475 1738 511 catholice

430 541 596 579 possunt
636 530 725 567 dici.
772 530 885 567 Fides
925 539 1058 567 autem
1098 531 1296 579 scripture
1336 531 1432 568 dicit
1466 534 1573 580 quod
1607 532 1737 580 ipsum

429 598 725 626 sacramentum
776 597 832 625 est
876 588 989 637 panis
1034 588 1100 638 qui
1145 589 1353 637 frangitur,
1402 599 1438 626 et
1483 598 1635 626 certum
1683 596 1773 627 est5

430 649 537 695 quod
577 659 649 684 nec
687 646 753 683 ille
793 646 905 695 panis
947 655 1003 683 est
1036 646 1264 695 ydemptice
1303 660 1448 696 corpus
1483 648 1631 685 Christi
1666 661 1738 685 nec

430 704 614 742 accidens
644 705 825 752 ignotum
856 704 1040 741 fidelibus
1063 704 1143 741 sive
1166 704 1301 742 nichil.
1336 708 1384 742 Et
1406 705 1461 742 sic
1495 719 1597 754 nego
1631 707 1739 755 quod

430 763 494 799 ille
519 762 632 811 panis
662 762 701 798 in
729 772 873 799 natura
905 772 962 800 est
986 762 1096 811 prior
1121 776 1222 811 pane
1245 763 1391 812 equino
1415 765 1474 800 vel
1499 777 1738 813 quacunque

430 821 628 858 materiali
661 821 889 857 substancia
921 830 963 857 ut
984 833 1149 857 veneno.
1185 822 1298 858 Unde
1331 821 1371 858 in
1394 821 1539 858 talibus
1569 822 1739 870 arguciis

429 888 575 927 opturo
615 879 811 916 hereticos
850 880 1055 928 querendo
1098 892 1209 916 more
1250 879 1398 916 Christi
1437 881 1486 916 ab
1526 879 1603 917 illis
1643 880 1796 928 quidio

429 937 503 985 ipsi
543 937 726 974 senciunt
766 938 813 974 de
853 937 1049 986 quiditate
1088 946 1125 974 et
1164 937 1417 986 passionibus
1462 937 1578 974 huius
1624 951 1739 974 vene-

431 994 566 1032 rabilis
600 995 857 1032 sacramenti.

490 1055 708 1090 Redeundo
753 1063 886 1090 autem
933 1054 981 1089 ad
1026 1062 1190 1097 textum,
1236 1065 1329 1101 sepe
1375 1053 1552 1102 exposita
1591 1054 1740 1091 Christi

430 1111 633 1148 sentencia
673 1112 854 1148 alludens
893 1120 1028 1148 nostre
1061 1111 1276 1157 sentencie,
1311 1114 1472 1160 quando
1507 1111 1620 1148 dicit:
1656 1112 1740 1148 Hoc

419 1170 546 1218 facite
598 1169 633 1205 in
686 1183 808 1206 meam
862 1169 1280 1206 commemorarint!em.
1348 1171 1448 1206 Nam
1506 1169 1740 1206 memoriale
1761 1175 1796 1206 15

429 1227 554 1263 voluit
605 1227 786 1264 Christus
841 1240 923 1264 esse
974 1227 1053 1263 suis
1104 1226 1287 1263 fidelibus
1331 1240 1476 1275 panem
1523 1238 1559 1264 et
1603 1227 1739 1264 vinum

430 1284 740 1322 sacramentalia
785 1285 840 1322 ita
884 1285 1002 1322 sumi.
1049 1287 1122 1321 Per
1164 1286 1239 1321 hoc
1284 1295 1417 1322 autem
1463 1287 1570 1334 quod
1614 1294 1741 1322 textus

429 1343 526 1380 dicit
550 1343 715 1380 calicem
741 1356 823 1380 esse
852 1356 989 1380 novum
1014 1351 1280 1379 testamentum
1312 1343 1350 1379 in
1374 1343 1521 1380 Christi
1550 1343 1739 1391 sanguine

430 1402 547 1450 plane
588 1401 802 1438 habitualis
841 1400 1071 1449 predicacio
1111 1401 1356 1449 designatur,
1392 1414 1481 1438 cum
1515 1411 1654 1438 notum
1689 1401 1739 1438 sit

430 1472 501 1496 nec
546 1460 665 1495 talem
712 1459 877 1496 calicem
923 1471 994 1496 nec
1033 1458 1167 1495 vinum
1214 1459 1253 1495 in
1298 1472 1344 1496 eo
1383 1469 1615 1496 contentum
1656 1471 1739 1496 esse
1755 1474 1797 1495 20

428 1517 655 1566 ydemptice
677 1530 824 1554 novum
849 1526 1147 1561 testamentum,
1182 1518 1249 1554 sed
1282 1531 1428 1554 novum
1453 1526 1737 1554 testamentum

429 1585 465 1613 et
518 1575 600 1612 eius
650 1576 824 1612 fructum
878 1588 922 1612 ex
978 1575 1226 1623 proprietate
1286 1575 1452 1624 liquoris
1511 1574 1738 1612 huiusmodi

431 1634 669 1681 figurantem
722 1643 758 1670 et
814 1634 853 1670 in
905 1633 1340 1671 commemoracionem
1392 1633 1541 1670 amoris
1592 1633 1739 1670 Christi

430 1693 621 1728 debemus
645 1692 721 1728 hoc
743 1692 885 1728 facere.
920 1695 1002 1728 Nec
1025 1692 1082 1728 fas
1113 1700 1169 1728 est
1195 1692 1421 1729 discredere
1445 1693 1552 1740 quod
1574 1693 1738 1728 verbum

430 1749 501 1786 Dei
541 1751 647 1798 quod
687 1759 744 1786 est
782 1759 919 1786 eterna
958 1749 1160 1798 sapiencia
1199 1749 1256 1786 sic
1294 1751 1465 1787 alternat
1505 1762 1548 1786 ex
1586 1749 1740 1786 indiffe-
1757 1753 1796 1785 25

429 1807 562 1844 rencia
584 1809 704 1844 verba
736 1820 806 1844 sua
838 1809 906 1844 sed
928 1808 1132 1844 fructuosa
1166 1820 1212 1844 ac
1243 1807 1411 1845 notabili
1444 1807 1617 1844 racione.
1652 1810 1741 1844 Non

429 1865 534 1902 enim
575 1864 671 1902 dicit
711 1866 785 1902 hoc
824 1865 960 1902 vinum
1001 1875 1058 1902 est
1101 1865 1261 1913 sanguis
1302 1878 1411 1902 meus
1444 1867 1511 1901 sed
1545 1866 1605 1901 lzic
1636 1866 1742 1901 calix·

429 1936 568 1959 novum
601 1931 867 1959 testamentum
901 1932 956 1960 est
979 1923 1018 1960 in
1052 1936 1141 1960 meo
1174 1923 1378 1971 sanguine,
1410 1922 1476 1959 ubi
1501 1932 1609 1972 patet
1632 1925 1740 1972 quod

428 1982 645 2017 secundum
672 1981 839 2029 figuram
866 1981 1127 2018 methonimie
1150 1981 1333 2029 intelligit
1355 1994 1426 2030 per
1445 1982 1548 2017 hunc
1573 1981 1738 2017 calicem

428 2039 563 2075 vinum
600 2048 832 2075 contentum
867 2039 905 2075 in
940 2039 1075 2084 calice,
1110 2048 1146 2076 et
1180 2052 1249 2087 per
1282 2041 1357 2076 hoc
1381 2040 1547 2075 docetur
1571 2041 1677 2087 quod
1701 2039 1739 2074 in
1757 2042 1797 2073 30

430 2097 553 2145 priori
593 2096 878 2145 proposicione
924 2098 993 2133 hoc
1040 2105 1093 2134 est
1133 2110 1274 2147 corpus
1319 2110 1441 2133 meum
1486 2097 1740 2133 uniformiter

429 2157 730 2191 demonstratur
769 2155 1008 2203 pronomine
1050 2155 1146 2191 illud
1185 2165 1495 2197 sacramentum,
1537 2168 1625 2191 cum
1659 2168 1740 2192 non

430 2213 478 2249 sit
525 2213 709 2260 fingenda
749 2212 857 2249 racio
898 2226 1020 2261 quare
1059 2213 1098 2249 in
1137 2213 1420 2261 proposicione
1465 2214 1639 2249 secunda
1682 2214 1741 2249 hic

429 2272 534 2306 calix
567 2284 703 2306 norum
738 2279 1000 2306 testamentum
1035 2279 1087 2306 est
1122 2273 1464 2307 demonstraretur
1496 2271 1740 2319 pertinenter

429 2329 561 2376 liquor
600 2328 797 2364 sensibilis
838 2338 1047 2365 contentus
1088 2329 1125 2364 in
1166 2329 1289 2365 calice
1323 2328 1417 2376 quin
1458 2341 1528 2376 per
1560 2328 1666 2365 idem
1701 2329 1739 2365 in
1756 2331 1793 2364 35

431 2386 553 2434 priori
587 2386 872 2434 proposicione
896 2388 1239 2423 demonstraretur
1262 2386 1374 2435 panis
1409 2396 1596 2423 constans
1620 2399 1737 2435 quem

430 2444 584 2492 accepit
618 2444 656 2479 in
690 2444 887 2481 manibus.

488 2503 672 2538 Secundo
696 2512 790 2538 nota
815 2503 1020 2550 quomodo
1037 2502 1217 2539 Christus
1240 2515 1309 2550 per
1332 2503 1550 2538 secundum
1574 2504 1736 2538 verbum

431 2559 526 2595 dicit
558 2560 665 2596 varie
698 2560 805 2595 illum
840 2561 995 2596 calicem
1031 2573 1109 2596 non
1143 2573 1223 2596 esse
1255 2573 1368 2596 suum
1403 2559 1635 2608 sanguinem
1670 2561 1738 2595 sed

430 2630 567 2652 novum
607 2625 872 2654 testamentum
913 2619 947 2653 in
979 2630 1046 2653 suc)
1084 2619 1283 2667 sanguine,
1323 2627 1365 2654 ut
1402 2619 1461 2654 vel
1501 2618 1556 2654 sic
1596 2619 1737 2653 doceat
1752 2631 1796 2660 40

498 2760 522 2778 2.
545 2752 680 2778 ecclesia.
705 2752 798 2779 (ζωὰς
821 2731 911 2779 cccciii.
997 2761 1043 2779 ευ.
1066 2753 1162 2779 (jod.-
1185 2760 1239 2779 nec
1260 2761 1365 2779 uuum.
1457 2759 1503 2785 20.
1526 2753 1557 2778 111
1579 2759 1692 2785 marga
1717 2759 1735 2777 1.

430 2786 474 2820 2³4.
499 2786 592 2814 Cod.:
615 2787 789 2821 pertineter.
863 2786 909 2821 313,
931 2787 974 2821 37.
997 2786 1092 2814 Coti:
1114 2796 1171 2821 quc
1192 2788 1318 2822 accepit.
1391 2786 1436 2814 35.
1458 2787 1490 2814 In
1513 2794 1625 2820 marg:
1648 2793 1673 2812 2.

505 2880 552 2909 14.
580 2870 694 2901 Lucae
721 2869 828 2908 XXII,
853 2879 902 2912 ιρι.
1006 2869 1055 2901 18.
1083 2868 1126 2900 ib.
1157 2879 1209 2901 20.
