1944 3323
116 234 187 272 ¹92
690 234 912 266 JOHANNIS
930 235 1114 267 WYCLIF
1133 235 1390 268 SERMONUM
1435 223 1587 280 [SERMO
1609 234 1703 262 XXV-

107 346 382 385 atirindinyffscar
453 341 500 374 Et
516 339 569 375 ita
593 340 789 375 secundus
812 341 958 386 gradus
977 354 1055 388 quo
1079 350 1288 389 separatur
1304 355 1447 389 purum
1472 343 1520 378 ab
1544 342 1703 390 impuro

108 383 373 450 (Ἰςῗζξζξζζζὲζῃῇξῗ)
396 410 464 444 per
487 397 590 433 viam
624 397 849 433 molicionis
880 406 937 433 est
960 398 1114 447 antiqui
1138 399 1291 446 peccati
1317 399 1513 436 contricio
1538 410 1703 448 propter

120 451 366 513 9¹¹¹'j2'1u117'3112'1'10
395 454 580 490 timorem
633 454 860 490 amissionis
912 456 1036 491 eterni
1087 457 1219 503 gaudii
1273 457 1440 502 celestis,
1493 466 1700 506 tamquam

225 496 233 520 ¹
397 512 559 548 molaris
605 511 821 559 superioris
865 511 905 548 in
950 512 1117 550 circuitu
1169 515 1356 551 continue
1412 515 1619 561 currentis,
1666 524 1704 552 et

396 579 560 617 propter
623 570 811 606 timorem
876 571 1063 607 eternalis
1129 572 1435 621 dampnacionis
1493 575 1735 621 tamquamB

396 627 558 663 molaris
603 627 705 675 pigri
756 627 920 664 inferius
965 628 1226 676 quiescentis3
1277 630 1379 666 inter
1423 632 1495 667 hec
1540 631 1702 679 quidem

395 694 583 721 conmota
607 685 737 721 divine
761 686 893 732 gracie
916 686 1043 721 furfur
1072 687 1227 735 peccati
1251 687 1441 724 dividitur
1470 698 1507 725 et
1530 690 1702 737 populus

394 744 442 778 ad
476 743 664 779 unionem
701 743 879 779 caritatis
913 753 949 779 et
983 744 1075 780 fidei
1108 754 1359 793 preparatur.

128 811 152 850 3¹.
175 810 357 845 sprinkling
450 801 614 836 Tercius
638 802 783 848 gradus
808 813 924 849 quem
949 810 1062 838 notat
1080 803 1322 850 Augustinus
1345 812 1402 839 est
1425 804 1517 840 salis
1541 812 1577 840 et
1601 816 1702 852 aque

112 847 185 908 mg?
202 850 371 907 {nlssd‘gssfffl
393 858 594 905 sapiencie
613 871 731 906 super
749 859 926 906 polimen
941 859 996 896 sic
1014 861 1269 906 mundatum3
1295 861 1524 909 conspersio
1540 875 1616 910 qua
1633 875 1703 910 po·
1723 875 1761 895 10

160 916 261 977 ξῐῗὲβιὸρ
272 915 325 976 1th
394 917 509 963 pulus
534 925 763 952 constanter
778 918 942 953 adheret
964 917 1055 953 fidei
1073 926 1108 954 et
1122 918 1272 964 virtuti,
1289 932 1337 955 ne
1355 928 1471 955 vento
1486 919 1560 955 levi
1576 928 1702 967 temp-

154 959 297 1020 kbgoiiher.
394 973 563 1009 tacionis
582 975 642 1010 vel
665 983 826 1010 eventus
850 975 972 1011 seculi
997 977 1045 1011 al)
1065 976 1282 1012 adhesione
1298 976 1459 1012 Domini
1481 985 1701 1025 separetur.

106 1043 380 1081 4.13211;ingi12111e
453 1033 627 1077 Quartus
678 1034 824 1079 gradus
876 1045 993 1081 quem
1046 1042 1160 1070 notat
1192 1034 1436 1082 Augustinus
1488 1044 1544 1071 est
1589 1035 1702 1082 panis

148 1080 337 1139 tsffi'ffiffnssffw
394 1089 556 1125 formati
591 1089 715 1137 digito
740 1089 811 1126 Dei
844 1090 883 1125 in
916 1091 1032 1127 furno
1056 1092 1333 1128 tribulacionis
1366 1092 1595 1133 indui-acio:
1628 1092 1703 1129 ista

395 1147 498 1183 enim
535 1156 722 1183 constans
752 1148 923 1184 duricies
958 1149 1123 1185 caritate
1146 1150 1205 1186 vel
1239 1150 1327 1197 igne
1361 1150 1533 1198 Spiritus
1567 1150 1702 1186 Sancti
1723 1155 1759 1186 15

394 1205 611 1252 perficitur.
646 1208 694 1241 Et
722 1215 817 1241 nota
846 1208 953 1254 quod
983 1219 1110 1255 neque
1140 1207 1193 1242 hii
1218 1217 1391 1255 quatuor
1420 1209 1565 1255 gradus
1589 1208 1703 1255 panis

395 1263 614 1310 spiritualis
638 1276 769 1311 neque
791 1263 972 1300 azimitas
997 1274 1087 1300 sunt
1111 1265 1242 1312 primo
1274 1266 1380 1302 circa
1404 1265 1531 1302 activa
1555 1265 1702 1313 ydiotis

395 1320 611 1368 incognita,
646 1323 713 1357 sed
748 1321 852 1357 circa
885 1334 1020 1358 verum
1056 1335 1198 1370 panem
1224 1323 1290 1371 qui
1314 1323 1458 1360 virtute
1489 1325 1701 1360 verborum

396 1378 543 1415 Christi
578 1379 621 1414 fit
653 1391 742 1414 vere
776 1381 843 1414 sed
878 1380 1042 1427 mystice
1077 1393 1221 1428 corpus
1254 1394 1384 1417 suum.

108 1448 186 1475 This
208 1452 386 1487 sam-:nuent
454 1438 501 1472 Et
541 1436 595 1472 ita
635 1437 709 1472 hoc
748 1446 1044 1473 sacramentum
1085 1438 1312 1486 specialiter
1351 1438 1500 1475 indicat
1540 1448 1704 1487 propter
1722 1453 1762 1473 20

108 1492 123 1509 ³
140 1484 335 1544 &messit-51:211
352 1486 381 1509 ⁰¹
397 1507 557 1530 causam
626 1494 825 1542 triplicem
892 1495 1114 1541 caritatem,
1179 1496 1309 1544 primo
1365 1505 1530 1544 propter
1585 1496 1701 1533 istam

399 1552 566 1599 liguram
593 1552 896 1600 quadruplicem
930 1566 1008 1601 qua
1040 1553 1153 1601 panis
1187 1553 1226 1589 in
1258 1553 1410 1590 unitate
1440 1554 1702 1600 connectitur,

398 1611 518 1646 modo
562 1622 640 1658 quo
686 1610 821 1646 fideles
861 1610 900 1646 in
939 1610 1104 1647 caritate
1143 1612 1259 1647 unius
1301 1612 1378 1648 diei
1416 1625 1487 1660 per
1525 1612 1701 1660 graciam

396 1668 704 1715 coniunguntur,
744 1669 919 1704 secundo
958 1677 1122 1716 propter
1162 1670 1236 1706 hoc
1270 1671 1377 1718 quod
1416 1672 1529 1718 panis
1563 1670 1627 1706 ille
1661 1670 1702 1706 fit

397 1739 540 1773 corpus
575 1725 722 1762 Christi
759 1725 798 1762 in
832 1725 943 1762 cuius
977 1727 1163 1774 passione
1201 1740 1273 1775 pro
1306 1728 1497 1776 proximis
1530 1727 1700 1764 maxima
1721 1730 1759 1762 25

397 1784 541 1820 caritas
592 1785 903 1830 demonstratur,
956 1793 993 1820 et
1036 1784 1160 1821 tercio
1208 1785 1302 1833 quia
1352 1785 1539 1833 accepcio
1586 1785 1702 1821 huius

397 1841 637 1877 sacramenti
670 1841 710 1877 in
744 1841 980 1878 memoriam
1013 1842 1172 1888 Christi,
1208 1843 1274 1890 qui
1308 1852 1365 1879 est
1394 1843 1525 1891 prima
1558 1843 1702 1880 caritas

397 1901 513 1935 debet
539 1899 623 1935 fieri
656 1908 698 1935 ut
720 1912 792 1935 nos
816 1899 1004 1936 facientes
1038 1900 1153 1936 istam
1188 1901 1426 1937 memoriam
1461 1901 1501 1937 in
1535 1901 1702 1938 caritate

397 1958 713 2005 quodammodov
734 1957 913 1993 vivamus
946 1957 1195 2006 simpliciter.

142 2024 208 2051 The
229 2024 347 2059 apostle
454 2017 602 2051 Notato
642 2023 775 2051 autem
816 2016 890 2051 hoc
927 2028 1043 2051 sensu
1082 2016 1239 2052 mistico
1278 2015 1447 2052 videnda
1487 2024 1543 2052 est
1581 2015 1701 2052 series
1719 2019 1760 2050 30

110 2060 376 2120 ¹.‡}‡']{ssu¹¹{‡fi¹{¹hff,{¹n
396 2074 609 2109 verborum
642 2073 825 2120 Apostoli
869 2086 991 2121 quare
1036 2073 1280 2121 imprecatur
1326 2074 1461 2110 fideles
1506 2085 1588 2110 esse
1632 2085 1702 2121 per

115 2130 216 2155 lemen
239 2129 371 2163 (assim.
397 2130 722 2178 conspersionem
765 2143 909 2167 novam
952 2132 1049 2167 Sicut
1089 2139 1177 2167 sunt
1209 2132 1337 2183 azimi,
1376 2131 1442 2167 ubi
1480 2132 1701 2167 notandum

397 2190 615 2224 secundum
640 2187 791 2235 logicos
814 2190 922 2236 quod
946 2197 1178 2225 concretum
1209 2188 1351 2237 recipit
1373 2188 1547 2225 vicissim
1572 2188 1703 2237 predi-

397 2245 603 2282 cacionem
628 2245 871 2282 contrariam
890 2247 936 2282 de
960 2256 1148 2283 concreto
1171 2248 1239 2283 sed
1262 2259 1343 2283 non
1364 2246 1420 2283 sic
1443 2248 1700 2282 abstractum.

396 2304 610 2351 Apostolus
634 2316 739 2351 ergo,
763 2304 899 2340 volens
931 2305 1039 2340 illam
1073 2317 1213 2352 puram
1248 2304 1464 2341 novitatem
1494 2304 1585 2340 fidei
1619 2316 1702 2340 esse
1718 2307 1759 2340 35

397 2370 645 2397 constantem
695 2370 731 2397 et
772 2374 853 2397 non
898 2370 1236 2407 momentaneam,
1274 2370 1391 2398 vocat
1435 2361 1570 2398 fideles
1615 2374 1701 2409 per-

396 2432 529 2455 versos
562 2420 867 2468 conspersionem
901 2432 1037 2455 novam
1077 2428 1240 2467 propter
1279 2419 1590 2467 repugnanciam
1624 2431 1702 2467 qua

396 2477 567 2525 perverti
606 2476 730 2524 possit
768 2477 941 2525 populus
980 2479 1029 2513 ad
1068 2486 1292 2525 peccatum.
1338 2477 1448 2513 Sicut
1486 2489 1578 2525 ergo
1611 2485 1701 2512 sunt

397 2534 514 2570 azimi
557 2536 604 2570 de
652 2535 837 2582 presenti,
890 2548 980 2571 cum
1029 2535 1217 2571 eternitas
1265 2535 1444 2582 signatur
1495 2534 1702 2583 presencia

464 2665 494 2690 4.
510 2657 604 2683 Coti:
626 2657 655 2683 in
672 2657 796 2684 trituita.
854 2657 880 2684 13.
897 2657 992 2684 Cod.:
1014 2657 1150 2692 quidam.
1208 2666 1234 2692 7.
1255 2665 1311 2684 con
1334 2662 1415 2684 mota
1436 2657 1465 2684 in
1486 2657 1554 2684 cod.
1575 2664 1611 2683 an
1633 2664 1702 2683 cnm

398 2696 482 2719 motu
503 2692 675 2726 legendum.
758 2700 798 2718 10.
820 2692 914 2719 Cod.:
938 2693 1078 2726 polmcm
1100 2692 1139 2718 ib.
1161 2692 1255 2719 Cod.:
1277 2692 1468 2726 conspercio.
1551 2699 1585 2718 11.
1607 2691 1701 2718 Cod.:

398 2727 517 2753 virtute.
591 2734 629 2761 17.
646 2725 740 2753 Cod.:
762 2727 885 2753 actriva.
959 2734 1002 2753 22.
1018 2727 1112 2753 Cod.:
1135 2727 1367 2762 quadriplicem.
1439 2725 1482 2753 23.
1498 2726 1588 2753 unius
1603 2726 1701 2752 twice.

398 2760 436 2789 31.
458 2761 560 2788 fideles
580 2761 677 2787 twice.
751 2759 796 2787 36.
819 2761 913 2788 Cod.:
936 2761 1042 2788 fidelis.

466 2856 499 2887 4.
526 2843 578 2876 Cf.
604 2843 654 2874 De
680 2842 850 2883 Ecclesia,
877 2853 954 2886 pag.
983 2854 1060 2875 202.
