1944 3323
118 892 158 915 10

117 1173 153 1205 15

112 1477 154 1498 20

112 1759 150 1791 25

109 2053 150 2085 30

103 2645 148 2676 40

178 242 315 271 samio
335 232 402 290 ιι]
662 247 838 279 ΊῈΒΤΙΑ
866 247 994 279 PARS.
1701 243 1781 288 445

174 353 227 389 ibi
269 354 413 390 habeat
459 367 582 390 unum
629 367 725 391 esse.
771 355 917 391 Tercio
963 364 1097 392 autem
1144 364 1306 403 oportet
1352 365 1493 393 notare

175 413 296 460 quod,
331 412 433 448 sicut
467 425 613 461 corpus
637 413 786 449 Christi
821 423 878 450 est
912 414 977 450 ille
1011 413 1125 462 panis
1157 415 1217 450 vel
1252 415 1326 450 hoc
1360 427 1493 451 sacra-

175 480 352 507 mentum
378 470 592 519 integrum,
626 471 682 507 sic
706 480 763 508 est
787 472 963 521 quelibet
987 473 1069 509 eius
1092 485 1185 520 pars
1210 472 1490 521 quantitativa,

175 528 277 565 sicut
322 538 359 565 et
405 538 462 565 est
506 529 683 578 quelibet
729 530 862 567 hostia
907 539 1156 568 consecrata.
1211 532 1342 567 Habet
1387 530 1491 567 enim

176 599 323 636 corpus
356 587 505 624 Christi
546 596 588 624 ut
621 588 676 624 sic
710 588 916 626 racionem
951 589 1080 626 tocius
1114 589 1352 626 universalis
1386 591 1493 638 quod

176 654 233 681 est
267 645 350 682 eius
384 659 475 694 pars
511 646 688 695 quelibet
721 647 932 684 obiectiva.

234 703 321 740 Istis
354 703 480 740 tribus
513 704 663 741 notatis
697 705 844 742 dicitur
877 707 985 755 quod
1014 705 1053 741 in
1077 706 1360 754 predicacione
1383 706 1496 743 habi-
1530 711 1602 753 [she
1624 713 1704 749 body
1726 714 1760 741 of

174 761 273 798 tuali
307 771 344 798 et
367 764 588 799 secundum
613 764 834 801 essenciam
859 777 1004 812 corpus
1029 764 1177 801 Christi
1200 774 1256 801 est
1280 773 1495 814 quantum—
1520 748 1628 810 &¹5¹2ng
1646 749 1772 810 Qan-'Cbe

175 832 345 869 cunque,
393 822 672 871 qualecunque
718 832 755 859 et
801 822 1190 872 cuiusmodicumque
1231 832 1289 859 est
1328 823 1493 872 aliquod
1534 818 1760 881 ἐξιξῗξῆζὲῐῑηᾞξ

175 878 406 915 huiusmodi
430 890 750 921 sacramentumz
776 890 812 917 et
835 881 892 917 sic
916 890 974 917 est
998 882 1046 917 de
1070 881 1295 930 quantitate
1319 883 1491 918 duorum
1757 875 1763 881 ⁴

173 937 380 985 pollicum,
406 947 443 974 et
466 940 686 975 rotundum
711 939 860 976 ibidem
885 948 943 976 est
973 941 1193 976 secundum
1223 940 1492 989 quantitatem

174 1008 249 1044 que
284 996 385 1033 inest
419 997 643 1034 formaliter
675 1007 943 1044 sacramento,
979 1007 1015 1035 et
1048 997 1104 1034 sic
1139 1007 1196 1035 est
1227 1000 1274 1035 de
1298 998 1492 1048 qualitate

173 1063 209 1090 et
263 1054 405 1091 ceteris
458 1055 670 1103 generibus
723 1055 1000 1093 accidencium
1050 1056 1325 1094 senciendum.
1382 1056 1493 1094 Licet

171 1121 306 1149 autem
341 1125 487 1161 corpus
521 1113 670 1151 Christi
710 1114 761 1150 sit
800 1123 958 1151 tantum
993 1123 1030 1151 et
1063 1115 1142 1151 tale
1176 1115 1216 1151 in
1248 1115 1326 1152 situ
1359 1128 1492 1152 sacra-

172 1170 309 1217 menti,
350 1184 431 1208 non
463 1180 601 1209 tamen
634 1172 922 1221 quantificatus
954 1173 1014 1209 vel
1047 1173 1304 1222 qualificatus
1342 1173 1383 1210 in
1422 1174 1491 1211 illo

170 1228 262 1275 situ,
295 1231 364 1266 sed
397 1239 455 1266 est
479 1229 574 1279 quid
599 1230 908 1280 quantificatum
932 1232 993 1268 vel
1017 1231 1293 1280 qualificatum
1319 1231 1489 1274 ibidem;
1506 1238 1780 1277 Yetquantitmnd

169 1289 274 1324 unde
314 1289 599 1326 convenienter
639 1288 868 1326 annectitur
907 1289 997 1326 talis
1031 1290 1283 1339 proposicio:
1333 1293 1489 1339 Corpus
1504 1275 1780 1344 ἴᾛᾞιζὲιῧὲζςῌῗᾏ

172 1346 320 1382 Christi
354 1347 642 1396 quantificatus
673 1348 822 1384 ibidem
857 1348 934 1385 isto
969 1350 1104 1395 modo,
1145 1348 1295 1385 ibidem
1331 1349 1488 1398 quanti-
1516 1344 1776 1406 zzfnitc'tliiiitoitthiit

172 1404 316 1441 fleatur
356 1418 502 1454 corpus
536 1405 698 1452 Christi,
739 1415 776 1443 et
816 1419 897 1443 non
936 1406 1011 1443 sic:
1058 1409 1166 1456 quod
1201 1407 1490 1456 quantificatus
1516 1401 1590 1441 *has
1611 1400 1750 1453 quaiimy

171 1464 231 1499 vel
265 1463 572 1512 quantificatum
614 1474 672 1501 est
712 1464 765 1501 ibi
805 1477 952 1514 corpus
986 1465 1149 1512 Christi,
1192 1478 1281 1502 cum
1324 1467 1400 1503 hoc
1440 1466 1490 1503 sit
1541 1449 1598 1476 ⁰¹³³
1621 1450 1748 1485 quality.

171 1534 308 1558 verum
349 1532 385 1559 et
424 1523 625 1572 reliquum
666 1523 833 1569 falsum;
880 1533 917 1560 et
957 1524 1219 1561 conformiter
1259 1524 1400 1562 diciter
1439 1527 1487 1562 ad

170 1592 310 1617 omnes
344 1580 562 1618 instancias
595 1581 791 1629 ydioticas
825 1581 1113 1630 sophistarum.

228 1640 276 1674 Et
320 1638 351 1675 si
397 1640 578 1688 queritur
617 1639 713 1689 quid
758 1640 797 1676 in
841 1649 986 1677 natura
1031 1654 1101 1677 sua
1149 1640 1199 1677 sit
1244 1640 1297 1676 ibi
1343 1654 1489 1690 corpus
1527 1647 1754 1687 lebodyoyv

174 1696 336 1743 Christi,
379 1698 525 1734 dicitur
558 1700 665 1748 quod
705 1698 759 1734 ibi
800 1708 858 1735 est
898 1712 1043 1747 corpus
1078 1699 1224 1735 Christi
1266 1699 1304 1735 in
1345 1709 1486 1736 natura
1516 1684 1762 1748 Ῐῖζζῐζῖξῐέᾘέῃᾏῃ

168 1755 295 1802 panis,
337 1768 425 1792 cum
469 1757 518 1793 sit
559 1757 610 1792 ibi
652 1766 797 1793 natura
831 1758 945 1805 panis
979 1767 1016 1794 et
1049 1771 1130 1794 non
1166 1767 1223 1794 est
1257 1757 1307 1793 ibi
1343 1767 1488 1794 natura
1539 1754 1744 1815 Ῑῖζξξάξίἕξῧξῐῖἓ

169 1814 350 1862 corporis
384 1814 546 1859 Christi,
581 1824 622 1851 ut
656 1824 713 1851 est
748 1815 787 1851 in
821 1817 920 1861 celo,
955 1818 1021 1852 sed
1063 1826 1119 1852 est
1159 1815 1210 1852 ibi
1245 1816 1369 1852 virtus
1404 1817 1488 1861 Dei,
1585 1810 1709 1850 heaven.

168 1884 258 1907 curn
304 1872 353 1908 sit
399 1873 451 1909 ibi
497 1873 761 1921 spiritualiter
806 1883 842 1910 et
887 1874 1092 1922 sapiencia
1132 1874 1202 1910 Dei
1249 1874 1387 1922 patris.
1442 1877 1489 1910 Et

168 1939 277 1978 patet
311 1943 353 1967 ex
390 1931 453 1968 hic
491 1932 607 1968 dictis
639 1941 675 1969 et
707 1932 823 1968 dictis
854 1932 894 1969 in
926 1932 1202 1981 superioribus
1234 1933 1488 1970 sermonibus

167 1991 375 2037 quomodo
410 1999 467 2026 est
500 1992 550 2028 ad
584 1990 768 2039 argucias
802 1991 908 2027 illius
943 1991 1110 2028 materie
1145 1993 1487 2040 respondendum.

167 2047 343 2084 Concedi
389 2048 493 2084 enim
542 2050 658 2086 debet
697 2050 804 2098 quod
852 2062 997 2098 corpus
1038 2049 1187 2086 Christi
1236 2058 1293 2086 est
1333 2050 1370 2086 in
1411 2051 1488 2087 situ

166 2106 409 2143 sacramenti
450 2120 596 2156 corpus
631 2107 792 2153 Christi,
834 2110 902 2144 sed
943 2108 1042 2144 illud
1075 2121 1221 2156 corpus
1254 2121 1335 2145 non
1370 2110 1489 2146 habet

166 2163 220 2199 ibi
255 2176 340 2201 esse
374 2167 587 2214 corporale
627 2167 696 2202 sed
735 2165 958 2214 spirituale,
1002 2179 1091 2203 cum
1129 2179 1275 2215 corpus
1307 2167 1368 2203 vel
1401 2180 1487 2204 cor-

167 2222 342 2270 poreitas
378 2225 425 2260 de
457 2237 602 2272 genere
635 2224 873 2273 quantitatis
906 2237 982 2274 que
1016 2225 1117 2261 inest
1151 2225 1311 2273 corpori
1338 2226 1485 2262 Christi
1502 2232 1526 2258 It
1548 2232 1602 2259 has
1623 2238 1674 2259 not
1695 2234 1778 2260 there

166 2280 205 2316 in
250 2281 335 2317 celo
380 2295 461 2318 non
507 2282 556 2319 sit
595 2283 635 2319 in
673 2283 751 2319 situ
791 2283 907 2319 huius
947 2283 1190 2320 sacramenti
1230 2285 1296 2320 sed
1338 2296 1486 2333 corpus
1508 2267 1771 2338 ἓρῖῗῖᾒζῇὺὲῗῐξὲὶ

132 2342 142 2346 ’
165 2340 271 2386 quod
308 2348 364 2376 est
397 2341 627 2378 substancia
660 2341 899 2378 naturaliter
929 2341 1039 2389 prius
1063 2341 1139 2377 isto
1164 2354 1336 2390 corpore
1361 2356 1485 2391 quan-

165 2396 302 2433 titatis.
338 2401 385 2434 Et
409 2399 778 2448 pi·‹r›porcionaliter
801 2399 1017 2436 dicendum
1043 2401 1093 2436 ad
1128 2399 1485 2438 denominaciones

165 2454 337 2491 aliorum
373 2457 669 2494 accidencium:
713 2457 887 2503 Quidam
922 2467 1055 2495 autem
1091 2468 1247 2506 ponunt
1280 2461 1387 2507 quod
1422 2473 1486 2496 ac-

165 2513 345 2551 cidencia
385 2516 533 2552 habent
574 2516 626 2552 ibi
669 2516 992 2553 concomitanter
1037 2529 1122 2553 esse
1161 2516 1343 2563 virtuale,
1384 2518 1486 2554 sicut
1519 2524 1674 2564 Wenped
1698 2530 1749 2552 not

165 2584 304 2609 omnes
338 2583 473 2621 partes
507 2574 773 2623 quantitative
808 2574 990 2623 corporis
1025 2574 1175 2611 Christi
1210 2576 1486 2625 conmultipIi—
1537 2565 1741 2623 ζίἶζῖῗῖζριῖἒξζ

165 2639 308 2667 cantur
348 2644 437 2668 curn
480 2632 567 2680 ipso
607 2632 931 2670 concomitanter
970 2645 1039 2681 per
1079 2642 1208 2669 totum
1243 2633 1378 2674 situm,
1418 2636 1484 2671 sed
1536 2627 1742 2691 ¹¹¹⁶⁵ss¹iL¹Ji¹¹g⁵

164 2701 244 2724 non
284 2699 445 2738 oportet
483 2693 533 2727 ad
575 2704 674 2728 onus
716 2691 883 2727 ecclesie
923 2700 1078 2728 tantum
1121 2691 1159 2726 in
1200 2691 1275 2728 ista
1318 2693 1485 2729 materia

165 2747 415 2793 profundari.
464 2750 621 2797 Corpus
663 2749 767 2786 enim
809 2749 955 2785 Christi
1003 2758 1060 2785 est
1107 2749 1158 2784 ibi
1207 2749 1403 2787 divisibile
1449 2760 1485 2787 et

236 2868 269 2886 Η.
292 2859 388 2886 (ζοφτ
412 2861 579 2887 rotundum
603 2861 727 2888 ibimus.
851 2869 888 2895 17.
913 2860 1006 2887 Coa:
1037 2862 1196 2887 cnectitur.
1320 2861 1364 2897 37.
1387 2863 1483 2890 Cod.:

165 2899 294 2929 ponunt.
368 2904 418 2928 40.
441 2895 538 2922 C‹›d.:
561 2897 820 2923 concomimnrur.
