1944 3323
131 614 146 646 5

111 915 148 936 ΙΟ

110 1195 145 1227 15

73 1462 146 1493 Fol.

113 1507 147 1524 “b

68 1519 129 1549 24)

106 1776 143 1807 25

98 2659 142 2689 40

163 270 300 299 SERMO
320 259 405 318 vin]
494 279 495 282 ¹
655 273 827 305 TERT1A
859 274 985 307 PARS.

163 388 272 427 patet
331 379 439 427 quod
497 390 720 426 numquam
780 386 941 414 vocaret
1001 379 1219 427 Apostolus
1273 379 1477 416 Christum

162 445 345 473 nostrum
370 438 512 481 Deum,
546 435 621 472 nisi
654 435 871 471 intenderit
901 435 1033 483 ipsum
1064 449 1148 473 esse
1172 439 1301 473 Deum
1325 450 1479 474 verum.

163 497 212 531 Et
243 494 349 531 idem
383 502 493 542 patet
524 493 683 542 spissim
717 493 757 529 in
789 493 877 530 aliis
909 493 1026 530 dictis
1049 495 1232 543 Apostoli
1267 495 1481 544 specialius

163 562 283 602 atque
316 551 497 588 diffusius
531 551 571 587 in
605 551 775 600 epistola
808 552 857 588 ad
891 553 1086 589 Hebreos.

222 613 342 647 Istam
395 619 529 646 autem
583 609 797 658 epistolam
851 609 998 646 dicitur
1042 611 1284 659 Apostolum
1338 611 1481 647 ultimo

162 668 367 717 scripsisse
399 681 471 704 suo
511 667 648 716 generi
687 667 727 703 in
760 668 933 713 Hebreo,
974 668 1072 705 alias
1112 678 1245 705 autem
1287 669 1480 706 tredecim

163 726 354 775 epistolas
393 725 553 774 scripsit
593 725 633 761 in
666 726 794 761 Greco
835 735 871 762 et
907 726 1062 763 Latino.
1111 729 1186 764 Iste
1225 736 1360 764 autem
1401 736 1481 764 tres

162 785 295 832 lingue
328 793 441 821 erant
474 792 569 820 tunc
602 783 840 820 famosiores
873 793 910 820 et
943 784 1034 821 ideo
1067 785 1261 834 scriptum
1296 785 1336 821 in
1365 798 1481 822 cruce

163 842 311 879 Christi
343 843 455 879 Jesus
478 843 724 895 Nazarenus,
748 854 822 878 rex
842 842 1055 878 Judeorum
1079 845 1144 888 (de
1167 857 1247 892 quo
1269 845 1357 880 Joh.
1382 845 1482 889 XIX)

163 910 248 938 erat
280 900 479 949 scriptum
508 901 646 946 Grece,
670 900 864 936 Hebraice
895 908 930 936 et
964 901 1112 937 Latine.
1149 903 1242 937 Post
1275 901 1479 938 biennium

162 959 297 1007 itaque
337 968 553 1007 postquam
587 958 805 1007 Apostolus
845 958 1061 1007 appellavit
1095 961 1283 996 Cesarem
1323 959 1482 1008 scripsit

164 1016 330 1053 Hebreis
360 1017 477 1053 istam
510 1016 724 1065 epistolam
748 1017 799 1052 ad
822 1017 1112 1053 destruendum
1136 1017 1480 1054 fundamentalem

163 1088 339 1112 errorem
386 1075 425 1111 in
471 1074 538 1120 eis,
585 1075 829 1111 declarando
869 1076 976 1123 quod
1017 1075 1199 1112 Christus
1237 1076 1403 1112 Messias
1442 1075 1482 1112 in

162 1134 247 1181 lege
280 1133 502 1182 promissus
536 1133 608 1168 fuit
641 1145 755 1169 verus
789 1135 895 1169 Deus
920 1142 956 1170 et
980 1134 1116 1181 homo.
1151 1136 1199 1170 Et
1223 1134 1317 1182 quia
1340 1143 1481 1170 auctor

162 1191 201 1228 in
234 1191 369 1239 lingua
401 1204 472 1228 sua
505 1200 564 1227 est
587 1191 746 1237 clarior,
771 1191 860 1227 ideo
884 1191 1069 1228 subtilius
1093 1201 1130 1228 et
1153 1192 1481 1240 compendiosius

162 1249 337 1286 inculcat
368 1249 410 1286 in
443 1249 518 1286 ista
550 1249 719 1297 epistola
752 1250 886 1298 plures
919 1262 1070 1286 sensus.
1115 1252 1240 1287 Tacet
1273 1259 1406 1287 autem
1442 1250 1481 1287 in

162 1308 237 1344 ista
271 1307 442 1356 epistola
475 1307 731 1355 singulariter
763 1320 911 1344 nomen
944 1321 1074 1354 suum,
1113 1321 1162 1345 ne
1201 1318 1366 1357 propter
1406 1309 1480 1345 hoc

163 1367 270 1414 quod
310 1366 383 1402 fuit
416 1379 438 1402 a
470 1365 652 1414 pluribus
692 1365 751 1402 sui
794 1366 950 1414 generis
993 1368 1234 1414 exprobatus
1277 1367 1480 1403 sentencia

162 1437 233 1460 sua
266 1425 353 1472 plus
386 1433 541 1472 pateret
575 1424 838 1472 contemptui.

221 1482 326 1519 Dicit
368 1482 487 1530 igitur
520 1483 819 1532 Affztltiplmriam
849 1479 853 1535 l
883 1483 1086 1531 multisque
1118 1484 1242 1519 modis
1275 1492 1363 1529 etc.,
1405 1484 1480 1519 hoc

163 1550 232 1590 est,
268 1543 372 1577 Deus
406 1540 474 1589 qui
513 1550 570 1577 est
602 1550 743 1577 auctor
782 1541 1056 1589 cuiuscunque
1097 1541 1193 1589 legis
1232 1543 1388 1578 locutus
1422 1551 1479 1578 est

163 1598 258 1634 olim
294 1599 332 1635 in
365 1598 526 1635 iuvenili
560 1608 664 1635 etate
698 1598 863 1635 ecclesie
904 1599 1164 1647 multipharie
1203 1600 1378 1648 antiquis
1412 1613 1479 1648 pa-

164 1656 302 1701 tribus,
344 1658 418 1693 hoc
457 1666 527 1703 est,
569 1657 704 1692 multis
741 1670 911 1693 numero
951 1657 1227 1693 locucionibus
1268 1668 1303 1694 et
1345 1658 1479 1694 multis

164 1715 306 1760 modis,
354 1716 429 1751 hoc
474 1724 544 1761 est,
591 1715 725 1751 multis
769 1715 1031 1763 qualitatibus
1074 1716 1346 1759 locucionum,
1387 1716 1480 1765 quia

162 1786 232 1820 per
265 1773 440 1809 diversas
475 1773 621 1821 figuras
655 1782 691 1809 et
724 1773 922 1810 velamina
956 1774 992 1809 in
1033 1774 1241 1810 sacrificiis
1280 1784 1316 1811 et
1349 1787 1480 1811 sacra-

163 1831 305 1867 mentis
345 1844 417 1868 nec
455 1845 537 1867 non
570 1831 847 1868 locucionibus
881 1832 1101 1877 Hebraicis,
1137 1832 1273 1879 figuris
1307 1833 1480 1869 realibus

161 1899 197 1925 et
221 1889 469 1926 diversorum
501 1902 690 1937 generum
716 1890 935 1927 visionibus
967 1890 1004 1926 in
1036 1891 1242 1938 prophetis
1271 1900 1478 1939 tamquam

160 1947 278 1990 tubis,
314 1948 369 1984 ita
409 1949 517 1996 quod
550 1949 799 1997 multipharie
832 1948 938 1984 dicat
973 1949 1208 1985 divisionem
1245 1949 1410 1986 materie
1444 1959 1479 1985 et

161 2006 291 2042 multis
329 2007 453 2042 modis
491 2006 598 2042 dicat
633 2006 867 2043 divisionem
913 2007 1039 2043 forme
1073 2007 1276 2055 loquendi.
1324 2010 1370 2043 Et
1403 2008 1477 2055 sig-

104 2068 111 2098 1
159 2073 301 2100 nantes
325 2064 470 2100 dicitur
493 2065 582 2101 olim
607 2065 776 2113 loquens,
801 2065 895 2113 quia
918 2067 1023 2113 apud
1051 2068 1177 2101 Deum
1213 2075 1302 2102 sunt
1337 2075 1479 2102 cuncta

162 2122 380 2169 presencia,
422 2122 613 2170 preterita
646 2132 682 2159 et
716 2123 860 2159 futura.
897 2125 943 2159 Et
977 2133 1140 2160 notatur
1173 2126 1280 2172 quod
1315 2124 1398 2172 ipse
1430 2124 1478 2160 sit

162 2182 265 2216 Deus
300 2190 381 2217 tam
421 2181 511 2217 novi
549 2194 669 2229 quam
705 2182 847 2217 veteris
882 2182 1125 2226 testamenti,
1162 2184 1229 2218 sed
1268 2183 1307 2218 in
1347 2182 1477 2230 prima

162 2247 266 2274 etate
311 2239 476 2275 ecclesie
521 2240 678 2276 locutus
723 2250 780 2276 est
825 2240 991 2276 rudibus
1035 2240 1115 2276 sive
1154 2241 1362 2277 iuvenibus
1408 2254 1477 2288 per

161 2298 380 2345 prophetas
414 2297 744 2345 proporcionales
777 2300 895 2334 rudes
931 2308 967 2335 et
1004 2300 1232 2347 pedagogos
1268 2309 1474 2347 tamquam

104 2357 135 2388 Γ.
161 2354 199 2390 in
223 2356 438 2402 alphabeto
461 2356 520 2392 vel
544 2356 783 2392 rudimentis
807 2356 897 2392 fidei
922 2357 1217 2393 instruccionis.
1254 2357 1476 2394 Novissime

159 2422 290 2449 autem
323 2413 461 2450 diebus
494 2414 625 2461 gracie
659 2415 815 2451 locutus
847 2424 904 2451 est
936 2415 1101 2451 ecclesie
1136 2429 1204 2463 per
1239 2415 1473 2463 magistrum

158 2471 477 2516 subtilissimum,
509 2472 659 2509 scilicet
683 2486 752 2521 per
775 2486 891 2509 suum
922 2474 1145 2509 naturalem
1173 2474 1319 2510 Filium
1344 2474 1471 2510 incar-

157 2538 295 2565 natum
343 2531 469 2577 legem
523 2532 793 2578 evangelicam
835 2531 1138 2567 subtilissimam
1180 2545 1259 2567 non
1299 2533 1472 2568 terrifice

158 2600 227 2635 per
260 2589 460 2635 angelum,
487 2598 526 2624 ut
559 2589 597 2624 in
622 2590 790 2625 dacione
824 2590 918 2637 legis
944 2589 1117 2626 Mosaice
1145 2593 1379 2636 (Acrvw),
1405 2591 1470 2625 sed

158 2647 279 2692 plano
311 2659 495 2682 sermone
529 2659 574 2683 ac
607 2647 767 2684 litterali
792 2658 987 2695 quantum
1023 2649 1179 2696 expedit
1201 2649 1358 2686 viatori.
1395 2652 1472 2684 Nec

226 2756 249 2783 3.
272 2757 310 2784 F:
335 2763 412 2793 patet
436 2760 529 2785 deest.
639 2759 662 2786 5.
685 2761 728 2787 A:
751 2760 856 2787 ultime
877 2760 978 2795 generi
1001 2769 1067 2787 suo.
1178 2769 1215 2795 17-
1238 2762 1281 2788 A:
1305 2761 1471 2795 signante-r.

155 2799 197 2818 22.
220 2792 259 2819 F:
281 2793 421 2820 iuvenile.
508 2795 552 2820 28.
575 2795 617 2821 A:
640 2794 802 2821 dixisione.
895 2795 941 2822 30.
965 2797 1007 2822 A:
1031 2796 1112 2829 apud
1134 2804 1213 2822 eum.
1300 2795 1337 2822 31.
1360 2797 1403 2821 A:
1427 2796 1470 2821 xe!

156 2826 267 2853 futura.
341 2826 382 2854 35.
404 2828 520 2855 cmm
543 2829 642 2863 alpha.
720 2829 762 2864 ⁰³⁸}-
786 2830 824 2856 F:
849 2830 1002 2865 ,noys-uice

225 2910 257 2941 9,
289 2911 339 2931 10.
367 2901 444 2931 Α101».
475 2901 563 2938 XIX,
589 2913 636 2943 19,
667 2911 718 2933 20.

1717 283 1770 317 49

1531 621 1609 661 This
1630 623 1736 661 epis-lle

1551 662 1669 684 written
1693 666 1720 684 in

1564 692 1706 719 Hebrexx.

1589 1261 1674 1297 Why

1527 1305 1723 1331 lelOl])'{1]O[l<
1733 1308 1742 1323 ,¹

1537 1494 1604 1522 (iod
1628 1496 1655 1522 in
1679 1495 1727 1522 the

1524 1531 1617 1564 youth
1640 1531 1674 1557 οῖ’
1691 1531 1740 1557 the

1514 1565 1637 1592 (Lliurch
1661 1566 1756 1600 spoke

1519 1600 1555 1634 by
1578 1600 1662 1635 signs
1683 1601 1741 1626 and

1573 1639 1693 1668 figures.

1503 2435 1532 2461 lu
1556 2435 1604 2462 {lie
1626 2436 1697 2463 time
1718 2438 1749 2463 ot

1499 2479 1588 2504 grace
1608 2470 1652 2497 He
1673 2471 1758 2506 gives

1541 2514 1575 2532 us
1598 2507 1710 2540 plaiiilx·

1521 2540 1653 2574 through
1675 2541 1730 2567 His

1557 2576 1618 2602 Son
1646 2576 1694 2602 the

1505 2611 1659 2643 exangelic
1681 2612 1735 2637 law
