1944 3323
202 242 338 272 sERMO
360 231 453 290 ΗΧ]
691 246 864 279 TERTIA
891 247 1017 278 PARS.

689 398 883 439 SERMO
919 399 1023 438 LIX.

259 493 361 529 Ecce
384 493 464 529 dies
488 493 652 540 veniunt,
677 493 768 530 dicit
790 494 982 530 Dominus
1006 502 1079 530 etc.
1103 493 1274 530 Jeremie
1297 495 1455 540 XX1110‚
1484 495 1517 530 5.

261 551 364 596 Quia
415 551 489 588 ista
547 560 604 588 est
660 551 803 588 ultima
854 551 1058 589 dominica
1117 551 1211 589 anni
1268 552 1520 600 precedentis

201 609 435 646 immediate
468 611 709 647 antecedens
742 612 792 646 ad
826 609 1072 647 dominicam
1107 610 1281 658 primam
1315 612 1519 647 Adventus

168 667 295 704 §anni
336 668 550 716 sequentis,
595 668 686 705 ideo
726 669 878 717 aptavit
917 668 1083 705 ecclesia
1118 668 1308 717 epistolas
1342 668 1437 706 istas
1470 671 1519 705 ad

201 725 370 762 invicem
416 725 472 762 sic
505 728 614 775 quod
658 726 802 763 ultima
843 727 1014 776 epistola
1054 726 1147 763 anni
1188 726 1333 775 prioris
1371 727 1520 764 indicet

200 784 441 832 prophecias
479 785 576 833 legis
614 785 757 822 veteris
803 787 850 822 de
894 787 1068 822 adventu
1107 785 1256 821 Christi
1301 785 1425 821 futuri
1470 787 1519 822 ad

201 842 541 889 incarnacionem,
577 852 613 880 et
646 843 777 892 prima
810 843 980 892 epistola
1012 845 1215 880 Adventus
1250 843 1413 880 Domini
1447 856 1519 892 pro

201 913 306 937 anno
330 901 464 937 futuro
488 901 638 938 indicet
663 901 882 938 Dominum
916 901 997 938 iam
1030 902 1195 938 venisse.
1231 901 1361 938 Innuit
1384 911 1518 938 autem

148 958 391 996 10Jeremias
432 972 596 997 causam
635 962 828 997 adventus
869 960 1018 997 Christi
1062 960 1102 996 in
1147 973 1322 1006 carnem,
1368 960 1520 996 scilicet

201 1018 309 1065 quod
348 1027 531 1066 pastores
570 1018 746 1067 perversi
788 1018 885 1067 legis
917 1018 1061 1055 veteris
1101 1030 1285 1067 perverse
1320 1019 1520 1055 ducebant

201 1076 397 1124 populum
450 1078 501 1113 ad
545 1078 748 1125 abyssum.
801 1078 893 1113 Ideo
940 1089 1030 1113 cum
1077 1076 1265 1125 nequicia
1310 1086 1519 1124 pastorum

200 1146 283 1170 non
334 1143 466 1182 potest
510 1137 730 1183 procedere
774 1134 943 1181 infinite,
990 1147 1150 1172 necesse
1194 1134 1267 1170 fuit
1314 1134 1518 1171 Christum

199 1191 334 1228 venire
367 1193 418 1228 ad
451 1194 728 1229 evacuandum
761 1192 860 1230 istos
883 1202 1090 1241 apostatas
1116 1201 1152 1229 et
1175 1193 1371 1241 populum
1397 1192 1520 1230 corri-

147 1251 387 1298 15gendum.
443 1252 491 1286 Et
536 1251 799 1288 conformiter
852 1251 1030 1288 creditur
1076 1252 1146 1288 has
1197 1260 1326 1288 sectas
1373 1251 1518 1300 privati

200 1308 354 1345 ordinis
421 1310 673 1346 confederari
738 1323 828 1346 cum
893 1309 1251 1359 pseudoepiscopis
1310 1322 1519 1358 quousque

200 1366 383 1403 Christus
426 1367 560 1404 veniat
604 1369 655 1405 ad
700 1368 818 1405 finale
862 1368 1056 1405 iudicium
1101 1368 1163 1404 vel
1201 1370 1389 1405 ostendat
1427 1377 1519 1404 ante

199 1424 298 1461 illud
343 1425 507 1474 aliquod
552 1435 693 1474 patens
739 1426 978 1463 miraculum
1025 1435 1192 1475 propter
1225 1428 1333 1475 quod
1371 1426 1519 1463 Christi

200 1483 373 1532 populus
411 1485 596 1521 servabat
634 1484 786 1533 integre
825 1485 953 1533 legem
993 1498 1127 1530 suam3
1167 1484 1258 1521 ideo
1291 1484 1432 1533 incipit
1464 1483 1519 1521 vi-

143 1558 183 1579 20
200 1541 396 1578 cesimum
430 1542 601 1579 tercium
635 1543 857 1591 capitulum
891 1543 1081 1580 Jeremie:
1121 1544 1170 1579 Ve
1197 1543 1424 1592 pastoribus
1457 1543 1521 1591 qui

200 1600 429 1650 disperdunt
452 1608 487 1637 et
509 1602 684 1637 lacerant
705 1615 872 1652 gregem
901 1614 1047 1652 pascue
1079 1614 1172 1647 mee,
1202 1601 1293 1637 dicit
1316 1601 1516 1637 Dominus.

199 1660 277 1695 Ista
310 1667 444 1695 autem
478 1668 570 1696 sunt
600 1661 722 1696 verba
746 1660 818 1697 Dei
849 1661 897 1696 de
929 1659 1207 1697 sacerdotibus
1241 1668 1278 1695 et
1310 1659 1519 1708 prophetis

198 1717 395 1765 perversis
441 1717 481 1753 in
527 1718 605 1754 fine
648 1718 794 1754 veteris
838 1717 1083 1755 testamenti.
1146 1719 1224 1754 Sed
1266 1726 1357 1766 post
1400 1718 1517 1754 istam

198 1775 494 1823 perversionem
532 1785 568 1812 et
601 1776 860 1825 punicionem
895 1777 1146 1825 prelatorum
1180 1789 1254 1824 pro
1288 1776 1373 1823 lege
1395 1775 1518 1812 veteri

143 1840 182 1872 25
198 1830 398 1881 propheta
431 1834 487 1871 sic
519 1834 679 1883 incipit:
715 1835 817 1871 Ecce
848 1844 923 1873 etc.
958 1835 1069 1871 Sicut
1093 1834 1198 1871 enim
1232 1843 1315 1870 etas
1345 1833 1519 1871 hominis

199 1892 379 1928 succedit
418 1893 674 1929 uniformiter
714 1902 751 1930 et
791 1893 1093 1938 invariabiliter,
1139 1892 1195 1929 sic
1241 1901 1403 1941 oportet
1436 1892 1518 1928 dies

200 1950 341 1986 mundi
384 1953 599 1988 succedere
643 1964 717 1988 nec
760 1952 891 1988 solum
936 1951 1201 1988 necessitatur
1246 1959 1329 1987 etas
1380 1950 1519 1986 mundi

200 2021 277 2057 que
321 2017 480 2058 tempus
526 2019 583 2046 est
627 2010 883 2046 uniformiter
927 2009 1095 2055 variare,
1142 2010 1211 2045 sed
1255 2021 1415 2045 necesse
1462 2017 1519 2045 est

201 2075 365 2103 eventus
406 2067 529 2104 seculi
568 2068 609 2104 in
647 2068 717 2105 illo
751 2077 934 2117 tempore
973 2069 1195 2104 secundum
1228 2068 1356 2116 legem
1391 2066 1519 2103 consi-

142 2131 184 2163 30
201 2124 339 2161 milem
384 2127 605 2174 procedere
649 2127 884 2173 successive,
933 2139 1007 2163 nec
1053 2134 1214 2174 oportet
1258 2126 1401 2162 timere
1443 2125 1519 2161 evi-

201 2183 365 2220 dencias
404 2184 678 2233 sophistarum
718 2186 765 2222 de
803 2185 1056 2222 successione
1100 2183 1284 2233 parcium
1325 2183 1520 2232 temporis

202 2253 278 2289 que
310 2255 392 2279 non
426 2252 603 2280 manent.
639 2244 789 2280 Omnes
814 2243 975 2292 quidem
1012 2252 1176 2279 manent
1208 2255 1282 2291 pro
1315 2255 1388 2279 suo
1422 2251 1520 2278 tem-

201 2312 298 2347 pore
350 2309 387 2337 et
441 2314 582 2338 omnes
633 2301 819 2350 antiquas
870 2310 1031 2350 oportet
1078 2300 1271 2350 preterire
1316 2309 1353 2337 et
1398 2312 1521 2336 novas

200 2359 434 2405 succedere3
467 2372 541 2396 nec
575 2368 633 2396 est
662 2359 867 2396 sentencia
899 2360 974 2396 ista
1009 2358 1302 2396 calculancium
1336 2367 1520 2395 astrono-

144 2421 183 2453 35
201 2428 360 2453 morum
400 2418 459 2454 vel
493 2418 818 2466 sompniancium
852 2418 1030 2455 virorum
1072 2417 1327 2454 mendacium
1361 2417 1429 2453 sed
1463 2424 1521 2461 (ut

201 2482 370 2511 testatur
415 2477 626 2524 propheta)
680 2476 854 2513 assercio
895 2475 1072 2513 Domini.
1119 2477 1210 2512 ldeo
1245 2474 1437 2512 Jeremias
1484 2482 1521 2510 et

201 2532 322 2569 ceteri
361 2546 443 2570 non
481 2534 726 2571 confirmant
765 2547 879 2571 suam
918 2534 1165 2571 sentenciam
1210 2546 1281 2581 per
1324 2532 1519 2569 vicarium

199 2590 448 2637 Antichristi,
489 2592 667 2629 dicentes
708 2595 817 2641 quod
856 2594 928 2630 hec
968 2593 1135 2629 mandat
1168 2593 1373 2628 Romanus
1419 2590 1520 2638 epis-

201 2662 326 2698 copus
357 2651 419 2686 vel
451 2650 552 2687 alius
585 2651 668 2688 eius
700 2650 872 2688 vicarius
905 2652 973 2688 sed
1006 2651 1074 2687 hec
1107 2650 1198 2686 dicit
1230 2650 1431 2685 Dominus.

274 2799 301 2821 1.
336 2789 521 2820 Dominica
556 2789 715 2830 proxima
748 2797 827 2820 ante
856 2790 1068 2820 Adventum.
1110 2788 1160 2821 Cf.
1198 2787 1308 2818 Serm.
1344 2787 1433 2819 Part.
1464 2786 1520 2823 IV,

200 2837 311 2870 Serm.
328 2836 402 2869 XV.
423 2835 475 2868 Cf.
490 2835 653 2877 Wyclif’s
673 2837 856 2874 Sermons,
875 2836 929 2867 ed.
945 2835 989 2878 by
1005 2835 1152 2874 Arnold,
1172 2835 1211 2874 11,
1231 2843 1309 2876 pag.
1328 2830 1519 2876 375—376.

202 2893 255 2916 20.
281 2883 348 2915 Jer.
376 2883 500 2921 XX111,
525 2892 552 2914 1.
651 2883 703 2915 25.
730 2882 776 2915 ib.
805 2882 833 2915 5.

1728 243 1799 278 311

1548 963 1653 991 Christ
1674 964 1799 999 coming

1537 998 1625 1026 made
1648 1007 1808 1036 necessary

1622 1034 1659 1070 by
1679 1034 1729 1061 the

1563 1069 1734 1105 pei-versit)-
1754 1069 1788 1096 of

1553 1105 1602 1131 tlie
1623 1109 1746 1140 pastors
1767 1104 1802 1131 of

1567 1140 1616 1166 the
1637 1139 1687 1167 old
1710 1140 1778 1166 law.
