1944 3323
214 839 279 866 The

145 875 346 902 sacramenta!

137 910 255 944 symbol
279 910 303 936 is
324 910 353 936 iu

152 949 258 971 nature
281 946 339 971 less

109 983 221 1013 pertect
245 980 314 1006 thau
333 980 383 1006 the

128 1014 252 1040 Pasehal
277 1015 359 1041 lamb

168 1049 218 1075 but
241 1058 325 1076 mure

163 1085 273 1117 perfect
295 1084 323 1111 iil

138 1119 351 1152 siguilicatioil.

106 2174 206 2202 Three
229 2176 318 2202 kinds
339 2181 368 2203 ut

138 2211 345 2243 predicatiou:

184 2247 304 2274 normal,

164 2281 318 2309 esscuunl,

172 2315 314 2342 habitual.

678 259 897 291 JOHANNIS
917 260 1097 291 wrcrir
1116 261 1368 293 suanorum
1402 246 1555 305 [SERMO
1573 257 1711 286 XXXIV-

402 368 507 416 quod
550 367 622 414 ipsi
664 366 740 402 sint
775 366 1039 414 inperfeccius
1072 367 1110 402 in
1144 376 1287 404 natura
1320 380 1389 404 sua
1422 380 1541 416 quam
1577 368 1710 415 aliqua

402 425 633 461 substancia
678 424 931 472 assignanda.
994 427 1209 471 Quomodo
1254 439 1347 473 ergo
1394 427 1511 462 habet
1558 427 1712 462 catulus

402 483 473 519 iste
519 496 592 531 pro
639 482 936 519 inconvenienti
982 485 1089 532 quod
1135 485 1256 520 homo
1301 483 1435 532 gracia
1480 483 1591 520 cuius
1637 485 1711 520 hoc

401 550 698 578 sacramentum
751 539 881 576 editur
931 541 982 578 sit
1031 541 1070 577 in
1120 551 1263 578 natura
1313 541 1534 591 perfeccior
1591 555 1711 590 quam

402 600 617 647 ipsummet
640 608 951 636 sacramentum.
977 599 1102 636 Miror
1120 601 1295 636 secundo
1319 602 1366 636 de
1388 601 1517 636 forma
1540 601 1713 636 secunde
1729 605 1744 636 5

401 657 562 705 argucie
601 656 717 693 huius
758 656 881 693 canis.
922 660 1022 694 Nam
1064 657 1094 693 si
1134 657 1201 694 illa
1235 658 1397 706 argucia
1430 660 1542 694 daret
1576 658 1710 700 fidem,

402 728 470 764 per
509 715 615 751 idem
656 714 788 751 omnis
829 724 963 752 creata
1009 715 1240 752 substancia
1285 716 1386 753 foret
1430 716 1711 764 imperfeccior

400 786 519 822 quam
554 773 688 822 aliqua
722 773 976 821 assignanda.

458 834 611 877 Quarto
645 833 753 880 quod
787 844 867 867 non
901 841 958 868 est
991 840 1126 868 creata
1159 831 1400 877 substancia,
1435 832 1625 880 quoniam
1660 832 1710 869 sit

399 889 703 926 accidentaliter
735 889 964 926 informata.
1000 890 1092 926 Ideo
1123 889 1362 926 dimittendo
1395 891 1493 927 tales
1526 890 1710 937 argucias
1732 907 1769 928 10

399 949 577 984 concedo
617 949 723 996 quod
766 948 839 984 hoc
873 957 1170 985 sacramentum
1204 947 1254 984 sit
1287 947 1325 983 in
1357 957 1502 984 natura
1534 961 1604 985 sua
1638 948 1709 984 im-

399 1005 621 1054 perfeccior
660 1019 779 1054 quam
820 1019 946 1053 agnus
985 1006 1185 1054 paschalis
1225 1006 1264 1042 in
1306 1007 1392 1054 lege
1423 1006 1545 1042 veteri
1580 1007 1709 1054 ipsum

400 1064 587 1111 figurans,
627 1065 696 1100 sed
738 1073 795 1100 est
827 1064 1175 1101 sacramentaliter
1208 1065 1325 1111 longe
1358 1064 1444 1112 ipso
1478 1065 1709 1112 perfeccius,

398 1122 491 1170 quia
537 1131 694 1161 creatus
743 1135 888 1170 corpus
932 1122 1093 1159 Christi.
1140 1125 1188 1158 Et
1232 1123 1372 1159 vellem
1418 1124 1524 1171 quod
1575 1123 1711 1159 fideles

397 1181 456 1216 vel
491 1180 655 1217 heretici
689 1179 735 1225 (si
768 1181 975 1225 auderent)
1008 1189 1202 1229 ponerent
1240 1193 1353 1217 suam
1390 1181 1509 1217 tidem
1543 1182 1590 1217 de
1625 1180 1709 1229 qui-
1732 1189 1768 1219 ι’»

398 1238 520 1275 ditate
561 1238 677 1275 huius
721 1238 959 1275 venerabilis
1004 1238 1258 1275 sacramenti.
1305 1240 1385 1274 Nec
1430 1238 1569 1275 dubito
1614 1239 1709 1287 quin

397 1309 537 1333 omnes
562 1297 819 1333 defendentes
843 1296 1102 1345 pertinaciter
1119 1296 1350 1345 oppositum
1375 1296 1487 1333 istius
1510 1297 1710 1334 sentencie

396 1364 487 1390 sunt
518 1363 559 1391 ut
582 1354 637 1391 sic
668 1354 845 1401 heretici,
877 1355 956 1392 sive
985 1368 1090 1403 papa
1119 1355 1199 1391 sive
1231 1353 1408 1402 episcopi
1432 1355 1511 1391 sive
1535 1355 1709 1403 religiosi

398 1412 555 1460 privati.
614 1415 715 1449 Nam
761 1412 869 1449 iuxta
914 1423 1072 1450 sanctos
1118 1414 1165 1449 de
1211 1412 1436 1449 millenario
1477 1413 1627 1449 Christi
1674 1423 1710 1450 et

397 1471 516 1507 fidem
551 1470 758 1519 antiquam
795 1471 1023 1519 specialiter
1052 1480 1250 1508 servatam
1283 1470 1322 1507 in
1345 1470 1457 1507 laicis
1482 1472 1556 1507 hoc
1580 1484 1710 1508 sacra-
1729 1489 1768 1508 20

397 1539 575 1565 mentum
623 1539 679 1565 est
725 1542 869 1577 corpus
916 1529 1063 1566 Christi
1110 1529 1149 1565 in
1194 1529 1322 1565 forma
1370 1528 1497 1576 panis,
1543 1531 1610 1565 sed
1653 1530 1708 1565 illi

398 1587 656 1635 pertinaciter
672 1588 890 1624 defendunt
910 1588 1171 1627 contrarium,
1189 1600 1282 1635 ergo
1298 1586 1403 1623 iuxta
1421 1586 1706 1624 diffinicionem

398 1645 544 1681 heresis
577 1655 667 1681 sunt
700 1646 907 1682 manifeste
932 1646 1114 1687 heretici:
1149 1647 1255 1693 quod
1280 1645 1311 1681 si
1334 1645 1562 1693 negaverint
1585 1647 1707 1694 scrip-

396 1714 528 1739 turam
564 1716 718 1740 sacram
754 1704 850 1740 illud
885 1717 1074 1747 asserere,
1117 1703 1340 1740 discuciant
1375 1716 1444 1751 per
1479 1704 1708 1741 testimonia

396 1771 626 1798 sanctorum
668 1771 704 1798 et
743 1762 878 1810 vigiles
918 1763 1099 1799 raciones
1140 1763 1346 1810 quomodo
1385 1763 1501 1798 debet
1542 1762 1764 1810 intelligia&

397 1820 548 1856 dictum
574 1820 762 1856 Veritatis
792 1833 867 1868 que
898 1820 1059 1857 mentiri
1090 1833 1171 1856 non
1200 1820 1361 1867 poterit7
1387 1821 1456 1855 lwc
1486 1828 1538 1855 est
1568 1833 1709 1869 corpus

397 1891 534 1923 meum,
574 1887 610 1914 et
649 1891 730 1914 non
771 1880 934 1914 credant
974 1879 1081 1915 falsis
1120 1877 1264 1914 fabulis
1298 1878 1488 1914 falsorum
1525 1879 1706 1915 fratrum.

397 1938 503 1983 quod
539 1938 613 1972 hoc
647 1946 944 1972 sacramentum
980 1937 1029 1972 sit
1061 1936 1184 1973 nichil
1217 1936 1276 1971 vel
1309 1935 1507 1974 accidens,
1548 1938 1614 1972 sed
1651 1939 1707 1972 (ut

397 1994 495 2030 dicit
541 1994 637 2030 fides
689 1994 886 2042 scripture
937 1994 1129 2039 crebrius)
1180 1994 1409 2030 substancia
1453 1994 1534 2030 veri
1580 1995 1706 2041 panis.

397 2052 508 2088 Sicut
549 2052 653 2088 enim
688 2052 869 2088 Christus
910 2062 966 2089 est
1000 2054 1075 2089 due
1114 2061 1254 2088 nature
1294 2051 1445 2088 scilicet
1479 2053 1707 2089 humanitas
1725 2056 1765 2087 ‘50

397 2119 517 2158 atque
552 2110 737 2147 divinitas
776 2110 1041 2158 personaliter
1075 2111 1274 2159 copulate.
1309 2110 1364 2146 sic
1397 2111 1504 2158 quod
1539 2118 1707 2158 utraque

398 2168 556 2203 illarum
592 2168 640 2204 sit
663 2181 836 2216 persona
861 2168 1021 2211 Christi,
1056 2169 1110 2205 ita
1134 2169 1438 2217 quodaminodo
1469 2169 1543 2204 hoc
1576 2182 1706 2205 sacra-

399 2235 577 2261 mentum
614 2236 671 2262 est
704 2240 820 2263 verus
860 2227 973 2275 panis
1013 2226 1252 2263 naturaliter
1286 2236 1322 2263 et
1360 2227 1706 2263 sacramentaliter

397 2297 542 2331 corpus
567 2284 726 2320 Christi.
762 2287 809 2320 Et
843 2285 917 2321 ista
949 2284 1044 2321 unio
1077 2285 1182 2320 tituli
1215 2284 1481 2332 ypostaticam
1516 2285 1703 2321 unionem

396 2351 453 2378 est
496 2342 681 2379 maxima.
729 2345 898 2391 Oportet
933 2352 1064 2379 autem
1107 2343 1265 2379 fidelem
1300 2343 1531 2389 theologum
1566 2352 1706 2379 notare
1726 2357 1762 2372 w

398 2400 720 2447 predicacionem
763 2400 963 2449 triplicem
998 2414 1071 2449 pro
1105 2400 1334 2448 detegendis
1367 2400 1538 2447 arguciis
1572 2400 1705 2448 sophi-

396 2467 547 2494 starum
589 2458 736 2495 diaboli
778 2459 816 2494 in
855 2458 929 2495 ista
969 2458 1150 2501 materia,
1192 2458 1343 2495 scilicet
1382 2458 1703 2506 predicacionem

398 2516 621 2554 formalem,
674 2517 998 2564 predicacionem
1052 2517 1312 2553 essencialem
1364 2525 1400 2552 et
1445 2516 1703 2552 habitualem.

396 2574 472 2618 Qui
513 2584 644 2610 autem
686 2574 841 2622 ignorat
882 2575 997 2611 istam
1037 2584 1192 2611 ternam
1235 2574 1289 2610 illi
1330 2586 1466 2611 secure
1507 2574 1703 2610 denuncio

396 2641 431 2667 et
472 2631 671 2679 ignorabit
711 2635 916 2680 quomodo
964 2633 1078 2680 panis
1123 2633 1188 2669 ille
1232 2633 1281 2668 sit
1320 2632 1513 2668 veraciter
1559 2645 1761 2679 corpusqo

395 2689 562 2735 ‹Christi3
593 2703 670 2725 non
702 2690 805 2726 enim
837 2693 1057 2727 secundum
1082 2691 1406 2738 predicacionem
1431 2689 1701 2738 ydempticam

466 2867 484 2884 ι.
508 2857 600 2885 Cod.:
628 2859 675 2885 sit.
819 2859 842 2886 5.
865 2860 895 2885 lu
919 2867 1030 2893 marga
1059 2868 1083 2886 2.
1229 2860 1269 2887 115.
1292 2860 1387 2887 (jada
1415 2859 1561 2894 quoniam
1583 2866 1701 2885 omues.

396 2892 440 2925 ’3,1.
468 2892 563 2920 Cod.:
587 2893 639 2920 titi.
717 2902 761 2926 io.
785 2893 878 2920 Cod.:
900 2893 1073 2921 verasciter.
