<?xml version="1.0" encoding="UTF-8"?>
<!DOCTYPE html PUBLIC "-//W3C//DTD XHTML 1.0 Transitional//EN"
    "http://www.w3.org/TR/xhtml1/DTD/xhtml1-transitional.dtd">
<html xmlns="http://www.w3.org/1999/xhtml" xml:lang="en" lang="en">
 <head>
  <title>
</title>
<meta http-equiv="Content-Type" content="text/html;charset=utf-8" />
  <meta name='ocr-system' content='tesseract 3.04.00' />
  <meta name='ocr-capabilities' content='ocr_page ocr_carea ocr_par ocr_line ocrx_word'/>
</head>
<body>
  <div class='ocr_page' id='page_1' title='image "./iohanniswyclifse0703wycl_0423.png"; bbox 0 0 1944 3323; ppageno 0'>
   <div class='ocr_carea' id='block_1_1' title="bbox 145 246 1741 304">
    <p class='ocr_par' dir='ltr' id='par_1_1' title="bbox 145 246 1741 304">
     <span class='ocr_line' id='line_1_1' title="bbox 145 246 1741 304; baseline 0.005 -16"><span class='ocrx_word' id='word_1_1' title='bbox 145 254 282 285; x_wconf 75' lang='lat' dir='ltr'>SERMO</span> <span class='ocrx_word' id='word_1_2' title='bbox 305 246 428 303; x_wconf 61' lang='lat' dir='ltr'>mvi]</span> <span class='ocrx_word' id='word_1_3' title='bbox 630 259 807 293; x_wconf 62' lang='lat' dir='ltr'>marm</span> <span class='ocrx_word' id='word_1_4' title='bbox 834 261 959 294; x_wconf 80' lang='lat' dir='ltr'>PARS.</span> <span class='ocrx_word' id='word_1_5' title='bbox 1669 271 1741 304; x_wconf 83' lang='lat'>401</span> 
     </span>
    </p>
   </div>
   <div class='ocr_carea' id='block_1_2' title="bbox 71 366 1748 2683">
    <p class='ocr_par' dir='ltr' id='par_1_2' title="bbox 85 366 1460 1288">
     <span class='ocr_line' id='line_1_2' title="bbox 142 366 1460 414; baseline 0.002 -12"><span class='ocrx_word' id='word_1_6' title='bbox 142 366 197 403; x_wconf 93' lang='lat' dir='ltr'>eis</span> <span class='ocrx_word' id='word_1_7' title='bbox 242 366 491 414; x_wconf 80' lang='lat' dir='ltr'>prepositum</span> <span class='ocrx_word' id='word_1_8' title='bbox 536 366 842 403; x_wconf 89' lang='lat' dir='ltr'>Antichristum.</span> <span class='ocrx_word' id='word_1_9' title='bbox 898 370 986 404; x_wconf 86' lang='lat' dir='ltr'>Non</span> <span class='ocrx_word' id='word_1_10' title='bbox 1032 368 1136 405; x_wconf 87' lang='lat' dir='ltr'>enim</span> <span class='ocrx_word' id='word_1_11' title='bbox 1186 368 1357 405; x_wconf 80' lang='lat' dir='ltr'>intendit</span> <span class='ocrx_word' id='word_1_12' title='bbox 1400 370 1460 406; x_wconf 78' lang='lat' dir='ltr'>lex</span> 
     </span>
     <span class='ocr_line' id='line_1_3' title="bbox 141 424 1460 474; baseline 0.002 -14"><span class='ocrx_word' id='word_1_13' title='bbox 141 424 274 472; x_wconf 88' lang='lat' dir='ltr'>gracie</span> <span class='ocrx_word' id='word_1_14' title='bbox 314 426 422 473; x_wconf 88' lang='lat' dir='ltr'>quod</span> <span class='ocrx_word' id='word_1_15' title='bbox 462 425 606 461; x_wconf 86' lang='lat' dir='ltr'>habeat</span> <span class='ocrx_word' id='word_1_16' title='bbox 646 425 805 462; x_wconf 87' lang='lat' dir='ltr'>codices</span> <span class='ocrx_word' id='word_1_17' title='bbox 844 435 1104 474; x_wconf 86' lang='lat' dir='ltr'>sumptuosos</span> <span class='ocrx_word' id='word_1_18' title='bbox 1147 427 1208 463; x_wconf 77' lang='lat' dir='ltr'>vel</span> <span class='ocrx_word' id='word_1_19' title='bbox 1254 427 1460 464; x_wconf 85' lang='lat' dir='ltr'>ministros</span> 
     </span>
     <span class='ocr_line' id='line_1_4' title="bbox 142 482 1459 534; baseline 0.003 -16"><span class='ocrx_word' id='word_1_20' title='bbox 142 482 400 519; x_wconf 82' lang='lat' dir='ltr'>mundialiter</span> <span class='ocrx_word' id='word_1_21' title='bbox 445 483 639 519; x_wconf 81' lang='lat' dir='ltr'>exaltatos</span> <span class='ocrx_word' id='word_1_22' title='bbox 681 485 749 520; x_wconf 88' lang='lat' dir='ltr'>sed</span> <span class='ocrx_word' id='word_1_23' title='bbox 791 484 907 532; x_wconf 86' lang='lat' dir='ltr'>plene</span> <span class='ocrx_word' id='word_1_24' title='bbox 945 485 1191 533; x_wconf 86' lang='lat' dir='ltr'>oppositum,</span> <span class='ocrx_word' id='word_1_25' title='bbox 1237 486 1305 522; x_wconf 92' lang='lat' dir='ltr'>sed</span> <span class='ocrx_word' id='word_1_26' title='bbox 1351 487 1459 534; x_wconf 89' lang='lat' dir='ltr'>quod</span> 
     </span>
     <span class='ocr_line' id='line_1_5' title="bbox 139 541 1459 591; baseline 0.003 -15"><span class='ocrx_word' id='word_1_27' title='bbox 139 550 222 577; x_wconf 90' lang='lat' dir='ltr'>tam</span> <span class='ocrx_word' id='word_1_28' title='bbox 257 541 460 577; x_wconf 88' lang='lat' dir='ltr'>intellectu</span> <span class='ocrx_word' id='word_1_29' title='bbox 491 554 612 589; x_wconf 86' lang='lat' dir='ltr'>quam</span> <span class='ocrx_word' id='word_1_30' title='bbox 647 541 791 579; x_wconf 80' lang='lat' dir='ltr'>affectu</span> <span class='ocrx_word' id='word_1_31' title='bbox 824 542 1049 590; x_wconf 79' lang='lat' dir='ltr'>glorificent</span> <span class='ocrx_word' id='word_1_32' title='bbox 1082 543 1328 580; x_wconf 82' lang='lat' dir='ltr'>sentenciam</span> <span class='ocrx_word' id='word_1_33' title='bbox 1362 543 1459 591; x_wconf 87' lang='lat' dir='ltr'>legis</span> 
     </span>
     <span class='ocr_line' id='line_1_6' title="bbox 107 598 1459 648; baseline 0 -11"><span class='ocrx_word' id='word_1_34' title='bbox 107 598 289 637; x_wconf 83' lang='lat' dir='ltr'>5Christi</span> <span class='ocrx_word' id='word_1_35' title='bbox 329 608 366 635; x_wconf 92' lang='lat' dir='ltr'>et</span> <span class='ocrx_word' id='word_1_36' title='bbox 399 612 660 648; x_wconf 86' lang='lat' dir='ltr'>quascunque</span> <span class='ocrx_word' id='word_1_37' title='bbox 700 600 799 637; x_wconf 92' lang='lat' dir='ltr'>alias</span> <span class='ocrx_word' id='word_1_38' title='bbox 839 601 1083 638; x_wconf 82' lang='lat' dir='ltr'>tradiciones</span> <span class='ocrx_word' id='word_1_39' title='bbox 1124 601 1334 639; x_wconf 89' lang='lat' dir='ltr'>hominum</span> <span class='ocrx_word' id='word_1_40' title='bbox 1374 602 1459 639; x_wconf 84' lang='lat' dir='ltr'>vili-</span> 
     </span>
     <span class='ocr_line' id='line_1_7' title="bbox 140 657 1459 709; baseline 0.004 -17"><span class='ocrx_word' id='word_1_41' title='bbox 140 658 330 705; x_wconf 80' lang='lat' dir='ltr'>pendant.</span> <span class='ocrx_word' id='word_1_42' title='bbox 366 659 453 694; x_wconf 91' lang='lat' dir='ltr'>Hoc</span> <span class='ocrx_word' id='word_1_43' title='bbox 486 657 592 694; x_wconf 91' lang='lat' dir='ltr'>enim</span> <span class='ocrx_word' id='word_1_44' title='bbox 627 667 685 695; x_wconf 92' lang='lat' dir='ltr'>est</span> <span class='ocrx_word' id='word_1_45' title='bbox 718 659 919 696; x_wconf 88' lang='lat' dir='ltr'>honorare</span> <span class='ocrx_word' id='word_1_46' title='bbox 952 660 1081 708; x_wconf 91' lang='lat' dir='ltr'>legem</span> <span class='ocrx_word' id='word_1_47' title='bbox 1115 669 1153 697; x_wconf 91' lang='lat' dir='ltr'>et</span> <span class='ocrx_word' id='word_1_48' title='bbox 1176 672 1320 709; x_wconf 82' lang='lat' dir='ltr'>capere</span> <span class='ocrx_word' id='word_1_49' title='bbox 1343 673 1459 697; x_wconf 87' lang='lat' dir='ltr'>occa-</span> 
     </span>
     <span class='ocr_line' id='line_1_8' title="bbox 139 714 1458 767; baseline 0.003 -16"><span class='ocrx_word' id='word_1_50' title='bbox 139 714 293 752; x_wconf 81' lang='lat' dir='ltr'>sionem</span> <span class='ocrx_word' id='word_1_51' title='bbox 334 728 356 751; x_wconf 85' lang='lat' dir='ltr'>a</span> <span class='ocrx_word' id='word_1_52' title='bbox 396 716 479 763; x_wconf 88' lang='lat' dir='ltr'>lege</span> <span class='ocrx_word' id='word_1_53' title='bbox 521 724 564 752; x_wconf 92' lang='lat' dir='ltr'>ut</span> <span class='ocrx_word' id='word_1_54' title='bbox 596 728 683 753; x_wconf 90' lang='lat' dir='ltr'>eam</span> <span class='ocrx_word' id='word_1_55' title='bbox 718 726 954 754; x_wconf 76' lang='lat' dir='ltr'>venerantes</span> <span class='ocrx_word' id='word_1_56' title='bbox 987 727 1184 767; x_wconf 89' lang='lat' dir='ltr'>perpetuo</span> <span class='ocrx_word' id='word_1_57' title='bbox 1216 718 1314 755; x_wconf 81' lang='lat' dir='ltr'>salvi</span> <span class='ocrx_word' id='word_1_58' title='bbox 1349 719 1458 756; x_wconf 87' lang='lat' dir='ltr'>fiant.</span> 
     </span>
     <span class='ocr_line' id='line_1_9' title="bbox 141 772 1458 825; baseline 0.002 -16"><span class='ocrx_word' id='word_1_59' title='bbox 141 772 387 821; x_wconf 85' lang='lat' dir='ltr'>Principium</span> <span class='ocrx_word' id='word_1_60' title='bbox 422 783 557 810; x_wconf 89' lang='lat' dir='ltr'>autem</span> <span class='ocrx_word' id='word_1_61' title='bbox 591 775 709 812; x_wconf 91' lang='lat' dir='ltr'>debet</span> <span class='ocrx_word' id='word_1_62' title='bbox 743 788 828 813; x_wconf 89' lang='lat' dir='ltr'>esse</span> <span class='ocrx_word' id='word_1_63' title='bbox 862 775 1048 813; x_wconf 86' lang='lat' dir='ltr'>fidelibus</span> <span class='ocrx_word' id='word_1_64' title='bbox 1081 778 1189 825; x_wconf 91' lang='lat' dir='ltr'>quod</span> <span class='ocrx_word' id='word_1_65' title='bbox 1223 777 1284 813; x_wconf 81' lang='lat' dir='ltr'>lex</span> <span class='ocrx_word' id='word_1_66' title='bbox 1308 776 1458 814; x_wconf 88' lang='lat' dir='ltr'>Christi</span> 
     </span>
     <span class='ocr_line' id='line_1_10' title="bbox 139 831 1460 880; baseline 0.004 -13"><span class='ocrx_word' id='word_1_67' title='bbox 139 840 197 868; x_wconf 93' lang='lat' dir='ltr'>est</span> <span class='ocrx_word' id='word_1_68' title='bbox 235 831 344 877; x_wconf 75' lang='lat' dir='ltr'>levis,</span> <span class='ocrx_word' id='word_1_69' title='bbox 391 832 519 869; x_wconf 81' lang='lat' dir='ltr'>brevis</span> <span class='ocrx_word' id='word_1_70' title='bbox 565 841 603 869; x_wconf 93' lang='lat' dir='ltr'>et</span> <span class='ocrx_word' id='word_1_71' title='bbox 646 833 769 880; x_wconf 86' lang='lat' dir='ltr'>utilis,</span> <span class='ocrx_word' id='word_1_72' title='bbox 814 847 897 871; x_wconf 88' lang='lat' dir='ltr'>non</span> <span class='ocrx_word' id='word_1_73' title='bbox 941 847 1113 872; x_wconf 86' lang='lat' dir='ltr'>onerans</span> <span class='ocrx_word' id='word_1_74' title='bbox 1152 834 1224 872; x_wconf 89' lang='lat' dir='ltr'>Dei</span> <span class='ocrx_word' id='word_1_75' title='bbox 1270 835 1372 872; x_wconf 87' lang='lat' dir='ltr'>filios</span> <span class='ocrx_word' id='word_1_76' title='bbox 1416 844 1460 872; x_wconf 91' lang='lat' dir='ltr'>ut</span> 
     </span>
     <span class='ocr_line' id='line_1_11' title="bbox 85 889 1459 942; baseline 0.001 -14"><span class='ocrx_word' id='word_1_77' title='bbox 85 906 124 928; x_wconf 87' lang='lat'>10</span> <span class='ocrx_word' id='word_1_78' title='bbox 140 889 367 926; x_wconf 87' lang='lat' dir='ltr'>ceremonie</span> <span class='ocrx_word' id='word_1_79' title='bbox 398 890 543 927; x_wconf 77' lang='lat' dir='ltr'>veteris</span> <span class='ocrx_word' id='word_1_80' title='bbox 568 892 799 929; x_wconf 81' lang='lat' dir='ltr'>testamenti</span> <span class='ocrx_word' id='word_1_81' title='bbox 823 905 897 929; x_wconf 90' lang='lat' dir='ltr'>nec</span> <span class='ocrx_word' id='word_1_82' title='bbox 920 906 1160 931; x_wconf 88' lang='lat' dir='ltr'>consumens</span> <span class='ocrx_word' id='word_1_83' title='bbox 1183 906 1276 930; x_wconf 90' lang='lat' dir='ltr'>suos</span> <span class='ocrx_word' id='word_1_84' title='bbox 1299 893 1459 942; x_wconf 79' lang='lat' dir='ltr'>legistas</span> 
     </span>
     <span class='ocr_line' id='line_1_12' title="bbox 114 948 1458 1000; baseline 0.003 -17"><span class='ocrx_word' id='word_1_85' title='bbox 114 948 178 991; x_wconf 47' lang='lat' dir='ltr'>,in</span> <span class='ocrx_word' id='word_1_86' title='bbox 211 948 345 984; x_wconf 89' lang='lat' dir='ltr'>studio</span> <span class='ocrx_word' id='word_1_87' title='bbox 378 949 535 985; x_wconf 91' lang='lat' dir='ltr'>tedioso</span> <span class='ocrx_word' id='word_1_88' title='bbox 568 958 611 986; x_wconf 90' lang='lat' dir='ltr'>ut</span> <span class='ocrx_word' id='word_1_89' title='bbox 649 951 754 999; x_wconf 88' lang='lat' dir='ltr'>leges</span> <span class='ocrx_word' id='word_1_90' title='bbox 794 951 957 997; x_wconf 83' lang='lat' dir='ltr'>cesarie,</span> <span class='ocrx_word' id='word_1_91' title='bbox 999 952 1069 989; x_wconf 90' lang='lat' dir='ltr'>sed</span> <span class='ocrx_word' id='word_1_92' title='bbox 1108 952 1148 988; x_wconf 90' lang='lat' dir='ltr'>in</span> <span class='ocrx_word' id='word_1_93' title='bbox 1186 964 1310 1000; x_wconf 91' lang='lat' dir='ltr'>opere</span> <span class='ocrx_word' id='word_1_94' title='bbox 1348 951 1458 989; x_wconf 76' lang='lat' dir='ltr'>brevi</span> 
     </span>
     <span class='ocr_line' id='line_1_13' title="bbox 139 1006 1458 1047; baseline 0.004 -5"><span class='ocrx_word' id='word_1_95' title='bbox 139 1019 185 1043; x_wconf 89' lang='lat' dir='ltr'>ac</span> <span class='ocrx_word' id='word_1_96' title='bbox 218 1006 447 1043; x_wconf 84' lang='lat' dir='ltr'>delectabili</span> <span class='ocrx_word' id='word_1_97' title='bbox 481 1007 665 1045; x_wconf 84' lang='lat' dir='ltr'>reficiens</span> <span class='ocrx_word' id='word_1_98' title='bbox 698 1008 773 1045; x_wconf 89' lang='lat' dir='ltr'>sibi</span> <span class='ocrx_word' id='word_1_99' title='bbox 808 1009 979 1046; x_wconf 88' lang='lat' dir='ltr'>fideliter</span> <span class='ocrx_word' id='word_1_100' title='bbox 1012 1011 1267 1047; x_wconf 82' lang='lat' dir='ltr'>adherentes.</span> <span class='ocrx_word' id='word_1_101' title='bbox 1314 1012 1363 1046; x_wconf 88' lang='lat' dir='ltr'>Et</span> <span class='ocrx_word' id='word_1_102' title='bbox 1402 1010 1458 1047; x_wconf 93' lang='lat' dir='ltr'>sic</span> 
     </span>
     <span class='ocr_line' id='line_1_14' title="bbox 138 1064 1458 1118; baseline 0.004 -17"><span class='ocrx_word' id='word_1_103' title='bbox 138 1064 290 1102; x_wconf 87' lang='lat' dir='ltr'>utilitas</span> <span class='ocrx_word' id='word_1_104' title='bbox 323 1065 420 1113; x_wconf 91' lang='lat' dir='ltr'>legis</span> <span class='ocrx_word' id='word_1_105' title='bbox 454 1065 603 1102; x_wconf 89' lang='lat' dir='ltr'>Christi</span> <span class='ocrx_word' id='word_1_106' title='bbox 637 1076 748 1115; x_wconf 91' lang='lat' dir='ltr'>patet</span> <span class='ocrx_word' id='word_1_107' title='bbox 782 1080 825 1104; x_wconf 82' lang='lat' dir='ltr'>ex</span> <span class='ocrx_word' id='word_1_108' title='bbox 859 1069 935 1104; x_wconf 91' lang='lat' dir='ltr'>hoc</span> <span class='ocrx_word' id='word_1_109' title='bbox 969 1068 1170 1117; x_wconf 88' lang='lat' dir='ltr'>principio</span> <span class='ocrx_word' id='word_1_110' title='bbox 1205 1069 1314 1118; x_wconf 89' lang='lat' dir='ltr'>quod</span> <span class='ocrx_word' id='word_1_111' title='bbox 1348 1068 1458 1118; x_wconf 91' lang='lat' dir='ltr'>quic-</span> 
     </span>
     <span class='ocr_line' id='line_1_15' title="bbox 139 1123 1459 1176; baseline 0.004 -17"><span class='ocrx_word' id='word_1_112' title='bbox 139 1123 234 1171; x_wconf 89' lang='lat' dir='ltr'>quid</span> <span class='ocrx_word' id='word_1_113' title='bbox 280 1132 337 1160; x_wconf 93' lang='lat' dir='ltr'>est</span> <span class='ocrx_word' id='word_1_114' title='bbox 380 1123 503 1160; x_wconf 82' lang='lat' dir='ltr'>vianti</span> <span class='ocrx_word' id='word_1_115' title='bbox 548 1124 685 1161; x_wconf 89' lang='lat' dir='ltr'>utilius</span> <span class='ocrx_word' id='word_1_116' title='bbox 729 1126 787 1162; x_wconf 82' lang='lat' dir='ltr'>lex</span> <span class='ocrx_word' id='word_1_117' title='bbox 833 1126 982 1163; x_wconf 87' lang='lat' dir='ltr'>Christi</span> <span class='ocrx_word' id='word_1_118' title='bbox 1029 1127 1202 1176; x_wconf 90' lang='lat' dir='ltr'>precipit</span> <span class='ocrx_word' id='word_1_119' title='bbox 1246 1126 1345 1163; x_wconf 90' lang='lat' dir='ltr'>illud</span> <span class='ocrx_word' id='word_1_120' title='bbox 1388 1140 1459 1176; x_wconf 88' lang='lat' dir='ltr'>pre</span> 
     </span>
     <span class='ocr_line' id='line_1_16' title="bbox 86 1181 1458 1234; baseline 0.001 -14"><span class='ocrx_word' id='word_1_121' title='bbox 86 1181 327 1220; x_wconf 85' lang='lat' dir='ltr'>15omnibus</span> <span class='ocrx_word' id='word_1_122' title='bbox 360 1181 580 1219; x_wconf 77' lang='lat' dir='ltr'>observari.</span> <span class='ocrx_word' id='word_1_123' title='bbox 625 1183 753 1220; x_wconf 89' lang='lat' dir='ltr'>Aliter</span> <span class='ocrx_word' id='word_1_124' title='bbox 786 1184 892 1221; x_wconf 88' lang='lat' dir='ltr'>enim</span> <span class='ocrx_word' id='word_1_125' title='bbox 932 1197 1013 1221; x_wconf 91' lang='lat' dir='ltr'>non</span> <span class='ocrx_word' id='word_1_126' title='bbox 1054 1186 1157 1222; x_wconf 89' lang='lat' dir='ltr'>foret</span> <span class='ocrx_word' id='word_1_127' title='bbox 1197 1185 1334 1234; x_wconf 88' lang='lat' dir='ltr'>legifer</span> <span class='ocrx_word' id='word_1_128' title='bbox 1374 1185 1458 1222; x_wconf 90' lang='lat' dir='ltr'>eius</span> 
     </span>
     <span class='ocr_line' id='line_1_17' title="bbox 139 1239 1003 1288; baseline 0.005 -12"><span class='ocrx_word' id='word_1_129' title='bbox 139 1239 321 1276; x_wconf 89' lang='lat' dir='ltr'>Christus</span> <span class='ocrx_word' id='word_1_130' title='bbox 354 1252 424 1288; x_wconf 91' lang='lat' dir='ltr'>per</span> <span class='ocrx_word' id='word_1_131' title='bbox 459 1253 498 1277; x_wconf 93' lang='lat' dir='ltr'>se</span> <span class='ocrx_word' id='word_1_132' title='bbox 531 1241 734 1279; x_wconf 83' lang='lat' dir='ltr'>sufficiens</span> <span class='ocrx_word' id='word_1_133' title='bbox 768 1251 805 1279; x_wconf 92' lang='lat' dir='ltr'>et</span> <span class='ocrx_word' id='word_1_134' title='bbox 836 1242 1003 1280; x_wconf 80' lang='lat' dir='ltr'>facetus,</span> 
     </span>
    </p>

    <p class='ocr_par' dir='ltr' id='par_1_3' title="bbox 136 1298 1748 1478">
     <span class='ocr_line' id='line_1_18' title="bbox 199 1298 1748 1351; baseline 0.002 -17"><span class='ocrx_word' id='word_1_135' title='bbox 199 1298 316 1335; x_wconf 88' lang='lat' dir='ltr'>Circa</span> <span class='ocrx_word' id='word_1_136' title='bbox 349 1299 425 1336; x_wconf 92' lang='lat' dir='ltr'>hoc</span> <span class='ocrx_word' id='word_1_137' title='bbox 459 1299 708 1348; x_wconf 82' lang='lat' dir='ltr'>evangelium</span> <span class='ocrx_word' id='word_1_138' title='bbox 743 1300 951 1338; x_wconf 89' lang='lat' dir='ltr'>dubitatur</span> <span class='ocrx_word' id='word_1_139' title='bbox 983 1310 1117 1338; x_wconf 89' lang='lat' dir='ltr'>utrum</span> <span class='ocrx_word' id='word_1_140' title='bbox 1158 1301 1198 1340; x_wconf 92' lang='lat' dir='ltr'>in</span> <span class='ocrx_word' id='word_1_141' title='bbox 1231 1302 1458 1351; x_wconf 90' lang='lat' dir='ltr'>prevarica-</span> <span class='ocrx_word' id='word_1_142' title='bbox 1474 1311 1587 1338; x_wconf 76' lang='lat' dir='ltr'>Priests</span> <span class='ocrx_word' id='word_1_143' title='bbox 1609 1315 1748 1338; x_wconf 78' lang='lat' dir='ltr'>moreto</span> 
     </span>
     <span class='ocr_line' id='line_1_19' title="bbox 142 1346 1730 1415; baseline 0.004 -23"><span class='ocrx_word' id='word_1_144' title='bbox 142 1355 256 1393; x_wconf 89' lang='lat' dir='ltr'>cione</span> <span class='ocrx_word' id='word_1_145' title='bbox 290 1356 385 1405; x_wconf 90' lang='lat' dir='ltr'>legis</span> <span class='ocrx_word' id='word_1_146' title='bbox 410 1357 558 1394; x_wconf 91' lang='lat' dir='ltr'>Christi</span> <span class='ocrx_word' id='word_1_147' title='bbox 590 1368 682 1395; x_wconf 92' lang='lat' dir='ltr'>sunt</span> <span class='ocrx_word' id='word_1_148' title='bbox 714 1360 944 1397; x_wconf 83' lang='lat' dir='ltr'>sacerdotes</span> <span class='ocrx_word' id='word_1_149' title='bbox 976 1361 1037 1397; x_wconf 83' lang='lat' dir='ltr'>vel</span> <span class='ocrx_word' id='word_1_150' title='bbox 1070 1361 1270 1397; x_wconf 91' lang='lat' dir='ltr'>seculares</span> <span class='ocrx_word' id='word_1_151' title='bbox 1303 1360 1457 1398; x_wconf 90' lang='lat' dir='ltr'>domini</span> <span class='ocrx_word' id='word_1_152' title='bbox 1494 1346 1730 1415; x_wconf 50' lang='lat' dir='ltr'>sfgfflffflssffs</span> 
     </span>
     <span class='ocr_line' id='line_1_20' title="bbox 136 1415 1715 1478; baseline 0.003 -27"><span class='ocrx_word' id='word_1_153' title='bbox 136 1415 225 1462; x_wconf 89' lang='lat' dir='ltr'>plus</span> <span class='ocrx_word' id='word_1_154' title='bbox 259 1415 469 1464; x_wconf 79' lang='lat' dir='ltr'>culpandi3</span> <span class='ocrx_word' id='word_1_155' title='bbox 511 1429 585 1453; x_wconf 89' lang='lat' dir='ltr'>nec</span> <span class='ocrx_word' id='word_1_156' title='bbox 618 1416 784 1454; x_wconf 90' lang='lat' dir='ltr'>dubium</span> <span class='ocrx_word' id='word_1_157' title='bbox 819 1418 916 1466; x_wconf 88' lang='lat' dir='ltr'>quin</span> <span class='ocrx_word' id='word_1_158' title='bbox 950 1420 1195 1466; x_wconf 79' lang='lat' dir='ltr'>sacerdotes,</span> <span class='ocrx_word' id='word_1_159' title='bbox 1230 1432 1320 1455; x_wconf 91' lang='lat' dir='ltr'>cum</span> <span class='ocrx_word' id='word_1_160' title='bbox 1354 1419 1458 1456; x_wconf 87' lang='lat' dir='ltr'>inter</span> <span class='ocrx_word' id='word_1_161' title='bbox 1508 1416 1715 1478; x_wconf 46' lang='grc' dir='ltr'>Πρζῒὲῖῐξζὴέἷξςς</span> 
     </span>
    </p>

    <p class='ocr_par' dir='ltr' id='par_1_4' title="bbox 79 1473 1711 1760">
     <span class='ocr_line' id='line_1_21' title="bbox 79 1473 1711 1526; baseline 0.001 -15"><span class='ocrx_word' id='word_1_162' title='bbox 79 1489 120 1511; x_wconf 84' lang='lat'>20</span> <span class='ocrx_word' id='word_1_163' title='bbox 137 1485 204 1509; x_wconf 90' lang='lat' dir='ltr'>eos</span> <span class='ocrx_word' id='word_1_164' title='bbox 249 1473 440 1510; x_wconf 89' lang='lat' dir='ltr'>fundatur</span> <span class='ocrx_word' id='word_1_165' title='bbox 484 1474 734 1523; x_wconf 84' lang='lat' dir='ltr'>originaliter</span> <span class='ocrx_word' id='word_1_166' title='bbox 773 1476 1057 1524; x_wconf 83' lang='lat' dir='ltr'>Antichristus,</span> <span class='ocrx_word' id='word_1_167' title='bbox 1102 1479 1151 1514; x_wconf 88' lang='lat' dir='ltr'>ab</span> <span class='ocrx_word' id='word_1_168' title='bbox 1196 1477 1293 1526; x_wconf 89' lang='lat' dir='ltr'>ipsis</span> <span class='ocrx_word' id='word_1_169' title='bbox 1339 1479 1457 1514; x_wconf 88' lang='lat' dir='ltr'>debet</span> <span class='ocrx_word' id='word_1_170' title='bbox 1508 1486 1662 1525; x_wconf 67' lang='lat' dir='ltr'>seriqusly</span> <span class='ocrx_word' id='word_1_171' title='bbox 1682 1473 1711 1513; x_wconf 60' lang='lat'>{1}</span> 
     </span>
     <span class='ocr_line' id='line_1_22' title="bbox 136 1521 1654 1583; baseline 0.004 -16"><span class='ocrx_word' id='word_1_172' title='bbox 136 1531 417 1580; x_wconf 88' lang='lat' dir='ltr'>exemplariter</span> <span class='ocrx_word' id='word_1_173' title='bbox 462 1541 499 1569; x_wconf 90' lang='lat' dir='ltr'>et</span> <span class='ocrx_word' id='word_1_174' title='bbox 544 1533 823 1571; x_wconf 87' lang='lat' dir='ltr'>doctrinaliter</span> <span class='ocrx_word' id='word_1_175' title='bbox 867 1534 964 1583; x_wconf 90' lang='lat' dir='ltr'>legis</span> <span class='ocrx_word' id='word_1_176' title='bbox 1004 1535 1154 1572; x_wconf 89' lang='lat' dir='ltr'>Christi</span> <span class='ocrx_word' id='word_1_177' title='bbox 1193 1536 1456 1573; x_wconf 89' lang='lat' dir='ltr'>observancia</span> <span class='ocrx_word' id='word_1_178' title='bbox 1569 1521 1654 1548; x_wconf 51' lang='lat'>‘³¹¹⁸&#39;</span> 
     </span>
     <span class='ocr_line' id='line_1_23' title="bbox 136 1589 1455 1643; baseline 0.004 -17"><span class='ocrx_word' id='word_1_179' title='bbox 136 1589 322 1637; x_wconf 88' lang='lat' dir='ltr'>derivari,</span> <span class='ocrx_word' id='word_1_180' title='bbox 363 1599 400 1627; x_wconf 93' lang='lat' dir='ltr'>et</span> <span class='ocrx_word' id='word_1_181' title='bbox 438 1590 584 1627; x_wconf 86' lang='lat' dir='ltr'>iterum</span> <span class='ocrx_word' id='word_1_182' title='bbox 626 1605 708 1629; x_wconf 90' lang='lat' dir='ltr'>non</span> <span class='ocrx_word' id='word_1_183' title='bbox 741 1593 908 1630; x_wconf 90' lang='lat' dir='ltr'>dubium</span> <span class='ocrx_word' id='word_1_184' title='bbox 942 1593 1039 1643; x_wconf 90' lang='lat' dir='ltr'>quin</span> <span class='ocrx_word' id='word_1_185' title='bbox 1072 1594 1112 1630; x_wconf 89' lang='lat' dir='ltr'>in</span> <span class='ocrx_word' id='word_1_186' title='bbox 1145 1594 1222 1631; x_wconf 91' lang='lat' dir='ltr'>isto</span> <span class='ocrx_word' id='word_1_187' title='bbox 1255 1595 1455 1632; x_wconf 89' lang='lat' dir='ltr'>seculares</span> 
     </span>
     <span class='ocr_line' id='line_1_24' title="bbox 136 1648 1455 1701; baseline 0.005 -17"><span class='ocrx_word' id='word_1_188' title='bbox 136 1648 291 1685; x_wconf 90' lang='lat' dir='ltr'>domini</span> <span class='ocrx_word' id='word_1_189' title='bbox 324 1657 416 1685; x_wconf 88' lang='lat' dir='ltr'>sunt</span> <span class='ocrx_word' id='word_1_190' title='bbox 447 1649 682 1687; x_wconf 87' lang='lat' dir='ltr'>notabiliter</span> <span class='ocrx_word' id='word_1_191' title='bbox 714 1650 964 1701; x_wconf 82' lang='lat' dir='ltr'>increpandi,</span> <span class='ocrx_word' id='word_1_192' title='bbox 1000 1665 1091 1689; x_wconf 90' lang='lat' dir='ltr'>cum</span> <span class='ocrx_word' id='word_1_193' title='bbox 1116 1654 1167 1690; x_wconf 88' lang='lat' dir='ltr'>acl</span> <span class='ocrx_word' id='word_1_194' title='bbox 1190 1654 1266 1690; x_wconf 92' lang='lat' dir='ltr'>hoc</span> <span class='ocrx_word' id='word_1_195' title='bbox 1291 1662 1455 1701; x_wconf 90' lang='lat' dir='ltr'>portant</span> 
     </span>
     <span class='ocr_line' id='line_1_25' title="bbox 136 1706 1456 1760; baseline 0.004 -18"><span class='ocrx_word' id='word_1_196' title='bbox 136 1706 315 1755; x_wconf 85' lang='lat' dir='ltr'>gladium</span> <span class='ocrx_word' id='word_1_197' title='bbox 341 1707 504 1754; x_wconf 84' lang='lat' dir='ltr'>Christi,</span> <span class='ocrx_word' id='word_1_198' title='bbox 538 1717 581 1745; x_wconf 91' lang='lat' dir='ltr'>ut</span> <span class='ocrx_word' id='word_1_199' title='bbox 614 1721 684 1757; x_wconf 91' lang='lat' dir='ltr'>per</span> <span class='ocrx_word' id='word_1_200' title='bbox 717 1710 942 1747; x_wconf 84' lang='lat' dir='ltr'>coactivam</span> <span class='ocrx_word' id='word_1_201' title='bbox 965 1710 1198 1760; x_wconf 88' lang='lat' dir='ltr'>potenciam</span> <span class='ocrx_word' id='word_1_202' title='bbox 1225 1711 1456 1760; x_wconf 88' lang='lat' dir='ltr'>deprimant</span> 
     </span>
    </p>

    <p class='ocr_par' dir='ltr' id='par_1_5' title="bbox 79 1765 1455 2047">
     <span class='ocr_line' id='line_1_26' title="bbox 79 1765 1455 1815; baseline 0.004 -14"><span class='ocrx_word' id='word_1_203' title='bbox 79 1769 118 1802; x_wconf 80' lang='lat'>25</span> <span class='ocrx_word' id='word_1_204' title='bbox 135 1765 441 1812; x_wconf 90' lang='lat' dir='ltr'>Antichristum,</span> <span class='ocrx_word' id='word_1_205' title='bbox 495 1767 564 1803; x_wconf 90' lang='lat' dir='ltr'>sed</span> <span class='ocrx_word' id='word_1_206' title='bbox 615 1767 811 1815; x_wconf 89' lang='lat' dir='ltr'>ypocrisis</span> <span class='ocrx_word' id='word_1_207' title='bbox 855 1781 927 1806; x_wconf 88' lang='lat' dir='ltr'>sua</span> <span class='ocrx_word' id='word_1_208' title='bbox 971 1778 1128 1807; x_wconf 88' lang='lat' dir='ltr'>tantum</span> <span class='ocrx_word' id='word_1_209' title='bbox 1175 1778 1334 1807; x_wconf 85' lang='lat' dir='ltr'>excecat</span> <span class='ocrx_word' id='word_1_210' title='bbox 1379 1770 1455 1806; x_wconf 94' lang='lat' dir='ltr'>hoc</span> 
     </span>
     <span class='ocr_line' id='line_1_27' title="bbox 135 1823 1455 1877; baseline 0.005 -18"><span class='ocrx_word' id='word_1_211' title='bbox 135 1823 346 1860; x_wconf 88' lang='lat' dir='ltr'>brachium</span> <span class='ocrx_word' id='word_1_212' title='bbox 386 1825 495 1873; x_wconf 90' lang='lat' dir='ltr'>quod</span> <span class='ocrx_word' id='word_1_213' title='bbox 535 1824 575 1861; x_wconf 90' lang='lat' dir='ltr'>in</span> <span class='ocrx_word' id='word_1_214' title='bbox 615 1838 736 1863; x_wconf 90' lang='lat' dir='ltr'>causa</span> <span class='ocrx_word' id='word_1_215' title='bbox 775 1827 847 1863; x_wconf 91' lang='lat' dir='ltr'>Dei</span> <span class='ocrx_word' id='word_1_216' title='bbox 887 1836 925 1864; x_wconf 89' lang='lat' dir='ltr'>et</span> <span class='ocrx_word' id='word_1_217' title='bbox 963 1827 1003 1864; x_wconf 90' lang='lat' dir='ltr'>in</span> <span class='ocrx_word' id='word_1_218' title='bbox 1045 1840 1092 1865; x_wconf 93' lang='lat' dir='ltr'>eo</span> <span class='ocrx_word' id='word_1_219' title='bbox 1132 1829 1242 1877; x_wconf 91' lang='lat' dir='ltr'>quod</span> <span class='ocrx_word' id='word_1_220' title='bbox 1282 1828 1455 1865; x_wconf 87' lang='lat' dir='ltr'>maxime</span> 
     </span>
     <span class='ocr_line' id='line_1_28' title="bbox 135 1881 1454 1923; baseline 0.004 -5"><span class='ocrx_word' id='word_1_221' title='bbox 135 1883 294 1919; x_wconf 91' lang='lat' dir='ltr'>cederet</span> <span class='ocrx_word' id='word_1_222' title='bbox 332 1881 410 1919; x_wconf 91' lang='lat' dir='ltr'>illis</span> <span class='ocrx_word' id='word_1_223' title='bbox 449 1884 499 1919; x_wconf 91' lang='lat' dir='ltr'>ad</span> <span class='ocrx_word' id='word_1_224' title='bbox 539 1886 800 1921; x_wconf 89' lang='lat' dir='ltr'>commodum</span> <span class='ocrx_word' id='word_1_225' title='bbox 841 1894 932 1922; x_wconf 89' lang='lat' dir='ltr'>sunt</span> <span class='ocrx_word' id='word_1_226' title='bbox 969 1885 1090 1922; x_wconf 90' lang='lat' dir='ltr'>nimis</span> <span class='ocrx_word' id='word_1_227' title='bbox 1129 1885 1261 1923; x_wconf 90' lang='lat' dir='ltr'>timidi</span> <span class='ocrx_word' id='word_1_228' title='bbox 1310 1895 1347 1923; x_wconf 92' lang='lat' dir='ltr'>et</span> <span class='ocrx_word' id='word_1_229' title='bbox 1391 1899 1454 1923; x_wconf 83' lang='lat' dir='ltr'>ve-</span> 
     </span>
     <span class='ocr_line' id='line_1_29' title="bbox 135 1941 1454 1993; baseline 0.003 -17"><span class='ocrx_word' id='word_1_230' title='bbox 135 1941 289 1979; x_wconf 85' lang='lat' dir='ltr'>cordes.</span> <span class='ocrx_word' id='word_1_231' title='bbox 336 1943 438 1977; x_wconf 89' lang='lat' dir='ltr'>Nam</span> <span class='ocrx_word' id='word_1_232' title='bbox 479 1941 518 1977; x_wconf 89' lang='lat' dir='ltr'>in</span> <span class='ocrx_word' id='word_1_233' title='bbox 558 1954 678 1979; x_wconf 89' lang='lat' dir='ltr'>causa</span> <span class='ocrx_word' id='word_1_234' title='bbox 717 1943 841 1980; x_wconf 89' lang='lat' dir='ltr'>seculi</span> <span class='ocrx_word' id='word_1_235' title='bbox 882 1944 1017 1982; x_wconf 91' lang='lat' dir='ltr'>fallaci</span> <span class='ocrx_word' id='word_1_236' title='bbox 1058 1953 1095 1981; x_wconf 92' lang='lat' dir='ltr'>et</span> <span class='ocrx_word' id='word_1_237' title='bbox 1133 1943 1264 1993; x_wconf 85' lang='lat' dir='ltr'>fragili</span> <span class='ocrx_word' id='word_1_238' title='bbox 1305 1945 1454 1982; x_wconf 90' lang='lat' dir='ltr'>audent</span> 
     </span>
     <span class='ocr_line' id='line_1_30' title="bbox 134 1998 1454 2047; baseline 0.002 -12"><span class='ocrx_word' id='word_1_239' title='bbox 134 2011 255 2047; x_wconf 88' lang='lat' dir='ltr'>regna</span> <span class='ocrx_word' id='word_1_240' title='bbox 288 1998 419 2036; x_wconf 89' lang='lat' dir='ltr'>aliena</span> <span class='ocrx_word' id='word_1_241' title='bbox 452 1999 640 2037; x_wconf 89' lang='lat' dir='ltr'>invadere</span> <span class='ocrx_word' id='word_1_242' title='bbox 674 2010 711 2037; x_wconf 90' lang='lat' dir='ltr'>et</span> <span class='ocrx_word' id='word_1_243' title='bbox 744 2003 794 2038; x_wconf 90' lang='lat' dir='ltr'>ad</span> <span class='ocrx_word' id='word_1_244' title='bbox 829 2011 1002 2040; x_wconf 90' lang='lat' dir='ltr'>mortem</span> <span class='ocrx_word' id='word_1_245' title='bbox 1044 2015 1090 2040; x_wconf 92' lang='lat' dir='ltr'>ac</span> <span class='ocrx_word' id='word_1_246' title='bbox 1130 2002 1454 2040; x_wconf 87' lang='lat' dir='ltr'>destruccionem</span> 
     </span>
    </p>

    <p class='ocr_par' dir='ltr' id='par_1_6' title="bbox 78 2057 1454 2344">
     <span class='ocr_line' id='line_1_31' title="bbox 78 2057 1452 2106; baseline 0.003 -13"><span class='ocrx_word' id='word_1_247' title='bbox 78 2061 119 2093; x_wconf 84' lang='lat'>30</span> <span class='ocrx_word' id='word_1_248' title='bbox 133 2057 193 2093; x_wconf 90' lang='lat' dir='ltr'>sui</span> <span class='ocrx_word' id='word_1_249' title='bbox 227 2070 273 2094; x_wconf 91' lang='lat' dir='ltr'>ac</span> <span class='ocrx_word' id='word_1_250' title='bbox 306 2057 445 2106; x_wconf 90' lang='lat' dir='ltr'>populi</span> <span class='ocrx_word' id='word_1_251' title='bbox 475 2058 673 2105; x_wconf 86' lang='lat' dir='ltr'>laborare,</span> <span class='ocrx_word' id='word_1_252' title='bbox 708 2061 777 2096; x_wconf 92' lang='lat' dir='ltr'>sed</span> <span class='ocrx_word' id='word_1_253' title='bbox 799 2061 926 2097; x_wconf 90' lang='lat' dir='ltr'>levem</span> <span class='ocrx_word' id='word_1_254' title='bbox 952 2070 988 2098; x_wconf 91' lang='lat' dir='ltr'>et</span> <span class='ocrx_word' id='word_1_255' title='bbox 1012 2061 1264 2099; x_wconf 90' lang='lat' dir='ltr'>meritoriam</span> <span class='ocrx_word' id='word_1_256' title='bbox 1289 2074 1452 2099; x_wconf 86' lang='lat' dir='ltr'>causam</span> 
     </span>
     <span class='ocr_line' id='line_1_32' title="bbox 134 2114 1453 2157; baseline 0.003 -6"><span class='ocrx_word' id='word_1_257' title='bbox 134 2114 206 2152; x_wconf 91' lang='lat' dir='ltr'>Dei</span> <span class='ocrx_word' id='word_1_258' title='bbox 240 2115 279 2152; x_wconf 93' lang='lat' dir='ltr'>in</span> <span class='ocrx_word' id='word_1_259' title='bbox 311 2115 393 2152; x_wconf 89' lang='lat' dir='ltr'>suis</span> <span class='ocrx_word' id='word_1_260' title='bbox 427 2117 658 2154; x_wconf 89' lang='lat' dir='ltr'>domesticis</span> <span class='ocrx_word' id='word_1_261' title='bbox 691 2131 773 2154; x_wconf 90' lang='lat' dir='ltr'>non</span> <span class='ocrx_word' id='word_1_262' title='bbox 805 2120 955 2156; x_wconf 92' lang='lat' dir='ltr'>audent</span> <span class='ocrx_word' id='word_1_263' title='bbox 988 2120 1213 2157; x_wconf 89' lang='lat' dir='ltr'>defendere.</span> <span class='ocrx_word' id='word_1_264' title='bbox 1258 2120 1306 2156; x_wconf 84' lang='lat' dir='ltr'>Et</span> <span class='ocrx_word' id='word_1_265' title='bbox 1346 2119 1453 2156; x_wconf 89' lang='lat' dir='ltr'>idem</span> 
     </span>
     <span class='ocr_line' id='line_1_33' title="bbox 134 2176 1451 2227; baseline 0.003 -18"><span class='ocrx_word' id='word_1_266' title='bbox 134 2182 192 2210; x_wconf 88' lang='lat' dir='ltr'>est</span> <span class='ocrx_word' id='word_1_267' title='bbox 226 2183 508 2222; x_wconf 88' lang='lat' dir='ltr'>argumentum</span> <span class='ocrx_word' id='word_1_268' title='bbox 543 2176 591 2212; x_wconf 92' lang='lat' dir='ltr'>de</span> <span class='ocrx_word' id='word_1_269' title='bbox 632 2188 753 2213; x_wconf 88' lang='lat' dir='ltr'>causa</span> <span class='ocrx_word' id='word_1_270' title='bbox 791 2177 943 2214; x_wconf 89' lang='lat' dir='ltr'>diaboli</span> <span class='ocrx_word' id='word_1_271' title='bbox 976 2191 1055 2227; x_wconf 89' lang='lat' dir='ltr'>qua</span> <span class='ocrx_word' id='word_1_272' title='bbox 1087 2187 1254 2227; x_wconf 92' lang='lat' dir='ltr'>propter</span> <span class='ocrx_word' id='word_1_273' title='bbox 1292 2178 1451 2215; x_wconf 90' lang='lat' dir='ltr'>inanem</span> 
     </span>
     <span class='ocr_line' id='line_1_34' title="bbox 133 2231 1454 2285; baseline 0.004 -18"><span class='ocrx_word' id='word_1_274' title='bbox 133 2231 304 2279; x_wconf 88' lang='lat' dir='ltr'>gloriam</span> <span class='ocrx_word' id='word_1_275' title='bbox 339 2241 376 2269; x_wconf 89' lang='lat' dir='ltr'>et</span> <span class='ocrx_word' id='word_1_276' title='bbox 408 2233 587 2270; x_wconf 90' lang='lat' dir='ltr'>seculare</span> <span class='ocrx_word' id='word_1_277' title='bbox 621 2234 846 2272; x_wconf 89' lang='lat' dir='ltr'>dominium</span> <span class='ocrx_word' id='word_1_278' title='bbox 880 2249 1005 2285; x_wconf 90' lang='lat' dir='ltr'>usque</span> <span class='ocrx_word' id='word_1_279' title='bbox 1035 2238 1085 2273; x_wconf 91' lang='lat' dir='ltr'>ad</span> <span class='ocrx_word' id='word_1_280' title='bbox 1110 2245 1281 2273; x_wconf 90' lang='lat' dir='ltr'>mortem</span> <span class='ocrx_word' id='word_1_281' title='bbox 1306 2238 1454 2274; x_wconf 89' lang='lat' dir='ltr'>audent</span> 
     </span>
     <span class='ocr_line' id='line_1_35' title="bbox 134 2291 1452 2344; baseline 0.003 -18"><span class='ocrx_word' id='word_1_282' title='bbox 134 2292 390 2337; x_wconf 86' lang='lat' dir='ltr'>contendere,</span> <span class='ocrx_word' id='word_1_283' title='bbox 416 2299 453 2327; x_wconf 88' lang='lat' dir='ltr'>et</span> <span class='ocrx_word' id='word_1_284' title='bbox 476 2291 532 2328; x_wconf 90' lang='lat' dir='ltr'>sic</span> <span class='ocrx_word' id='word_1_285' title='bbox 557 2293 605 2329; x_wconf 92' lang='lat' dir='ltr'>de</span> <span class='ocrx_word' id='word_1_286' title='bbox 629 2305 749 2330; x_wconf 87' lang='lat' dir='ltr'>causa</span> <span class='ocrx_word' id='word_1_287' title='bbox 773 2294 904 2331; x_wconf 91' lang='lat' dir='ltr'>carnis</span> <span class='ocrx_word' id='word_1_288' title='bbox 929 2294 1057 2332; x_wconf 89' lang='lat' dir='ltr'>eciam</span> <span class='ocrx_word' id='word_1_289' title='bbox 1081 2304 1247 2344; x_wconf 90' lang='lat' dir='ltr'>propter</span> <span class='ocrx_word' id='word_1_290' title='bbox 1270 2306 1452 2332; x_wconf 89' lang='lat' dir='ltr'>amorem</span> 
     </span>
    </p>

    <p class='ocr_par' dir='ltr' id='par_1_7' title="bbox 78 2348 1454 2631">
     <span class='ocr_line' id='line_1_36' title="bbox 78 2348 1453 2402; baseline 0.006 -20"><span class='ocrx_word' id='word_1_291' title='bbox 78 2352 116 2384; x_wconf 83' lang='lat'>35</span> <span class='ocrx_word' id='word_1_292' title='bbox 133 2350 202 2385; x_wconf 89' lang='lat' dir='ltr'>sed</span> <span class='ocrx_word' id='word_1_293' title='bbox 241 2348 372 2386; x_wconf 89' lang='lat' dir='ltr'>verius</span> <span class='ocrx_word' id='word_1_294' title='bbox 411 2349 550 2386; x_wconf 90' lang='lat' dir='ltr'>odium</span> <span class='ocrx_word' id='word_1_295' title='bbox 591 2351 827 2389; x_wconf 89' lang='lat' dir='ltr'>meretricis.</span> <span class='ocrx_word' id='word_1_296' title='bbox 875 2354 975 2390; x_wconf 88' lang='lat' dir='ltr'>Cum</span> <span class='ocrx_word' id='word_1_297' title='bbox 1019 2366 1112 2402; x_wconf 89' lang='lat' dir='ltr'>ergo</span> <span class='ocrx_word' id='word_1_298' title='bbox 1151 2353 1216 2390; x_wconf 91' lang='lat' dir='ltr'>isti</span> <span class='ocrx_word' id='word_1_299' title='bbox 1255 2352 1334 2390; x_wconf 84' lang='lat' dir='ltr'>sint</span> <span class='ocrx_word' id='word_1_300' title='bbox 1373 2362 1453 2389; x_wconf 89' lang='lat' dir='ltr'>tres</span> 
     </span>
     <span class='ocr_line' id='line_1_37' title="bbox 134 2407 1453 2458; baseline 0.005 -16"><span class='ocrx_word' id='word_1_301' title='bbox 134 2407 268 2444; x_wconf 90' lang='lat' dir='ltr'>hostes</span> <span class='ocrx_word' id='word_1_302' title='bbox 315 2407 509 2454; x_wconf 88' lang='lat' dir='ltr'>fidelium,</span> <span class='ocrx_word' id='word_1_303' title='bbox 556 2417 666 2457; x_wconf 89' lang='lat' dir='ltr'>patet</span> <span class='ocrx_word' id='word_1_304' title='bbox 712 2411 918 2458; x_wconf 88' lang='lat' dir='ltr'>quomodo</span> <span class='ocrx_word' id='word_1_305' title='bbox 962 2412 1153 2448; x_wconf 87' lang='lat' dir='ltr'>vecordes</span> <span class='ocrx_word' id='word_1_306' title='bbox 1198 2411 1238 2447; x_wconf 91' lang='lat' dir='ltr'>in</span> <span class='ocrx_word' id='word_1_307' title='bbox 1282 2411 1453 2448; x_wconf 88' lang='lat' dir='ltr'>seculari</span> 
     </span>
     <span class='ocr_line' id='line_1_38' title="bbox 134 2465 1454 2513; baseline 0.003 -12"><span class='ocrx_word' id='word_1_308' title='bbox 134 2465 300 2502; x_wconf 80' lang='lat' dir='ltr'>brachio</span> <span class='ocrx_word' id='word_1_309' title='bbox 346 2475 583 2513; x_wconf 88' lang='lat' dir='ltr'>presumunt</span> <span class='ocrx_word' id='word_1_310' title='bbox 629 2480 770 2505; x_wconf 89' lang='lat' dir='ltr'>causas</span> <span class='ocrx_word' id='word_1_311' title='bbox 815 2469 991 2506; x_wconf 87' lang='lat' dir='ltr'>hostium</span> <span class='ocrx_word' id='word_1_312' title='bbox 1031 2482 1196 2507; x_wconf 89' lang='lat' dir='ltr'>suorum</span> <span class='ocrx_word' id='word_1_313' title='bbox 1239 2469 1454 2506; x_wconf 89' lang='lat' dir='ltr'>defendere</span> 
     </span>
     <span class='ocr_line' id='line_1_39' title="bbox 134 2523 1453 2576; baseline 0.003 -17"><span class='ocrx_word' id='word_1_314' title='bbox 134 2533 171 2560; x_wconf 89' lang='lat' dir='ltr'>et</span> <span class='ocrx_word' id='word_1_315' title='bbox 207 2536 369 2560; x_wconf 90' lang='lat' dir='ltr'>causam</span> <span class='ocrx_word' id='word_1_316' title='bbox 402 2523 473 2560; x_wconf 91' lang='lat' dir='ltr'>Dei</span> <span class='ocrx_word' id='word_1_317' title='bbox 507 2524 566 2561; x_wconf 88' lang='lat' dir='ltr'>sui</span> <span class='ocrx_word' id='word_1_318' title='bbox 600 2525 816 2564; x_wconf 89' lang='lat' dir='ltr'>dimittere.</span> <span class='ocrx_word' id='word_1_319' title='bbox 851 2528 928 2564; x_wconf 88' lang='lat' dir='ltr'>Sed</span> <span class='ocrx_word' id='word_1_320' title='bbox 963 2541 1039 2576; x_wconf 88' lang='lat' dir='ltr'>que</span> <span class='ocrx_word' id='word_1_321' title='bbox 1074 2527 1204 2565; x_wconf 91' lang='lat' dir='ltr'>maior</span> <span class='ocrx_word' id='word_1_322' title='bbox 1236 2527 1453 2564; x_wconf 85' lang='lat' dir='ltr'>infidelitas</span> 
     </span>
     <span class='ocr_line' id='line_1_40' title="bbox 133 2581 1452 2631; baseline 0.004 -14"><span class='ocrx_word' id='word_1_323' title='bbox 133 2581 174 2618; x_wconf 91' lang='lat' dir='ltr'>in</span> <span class='ocrx_word' id='word_1_324' title='bbox 206 2590 472 2630; x_wconf 89' lang='lat' dir='ltr'>procuratore</span> <span class='ocrx_word' id='word_1_325' title='bbox 506 2583 574 2631; x_wconf 90' lang='lat' dir='ltr'>qui</span> <span class='ocrx_word' id='word_1_326' title='bbox 607 2585 724 2621; x_wconf 92' lang='lat' dir='ltr'>debet</span> <span class='ocrx_word' id='word_1_327' title='bbox 758 2597 841 2622; x_wconf 86' lang='lat' dir='ltr'>esse</span> <span class='ocrx_word' id='word_1_328' title='bbox 873 2585 1046 2623; x_wconf 89' lang='lat' dir='ltr'>vicarius</span> <span class='ocrx_word' id='word_1_329' title='bbox 1070 2584 1219 2623; x_wconf 89' lang='lat' dir='ltr'>Christi</span> <span class='ocrx_word' id='word_1_330' title='bbox 1244 2585 1341 2622; x_wconf 71' lang='lat' dir='ltr'>Dei?</span> <span class='ocrx_word' id='word_1_331' title='bbox 1375 2586 1452 2622; x_wconf 89' lang='lat' dir='ltr'>Sed</span> 
     </span>
    </p>

    <p class='ocr_par' dir='ltr' id='par_1_8' title="bbox 71 2640 1452 2683">
     <span class='ocr_line' id='line_1_41' title="bbox 71 2640 1452 2683; baseline 0.003 -8"><span class='ocrx_word' id='word_1_332' title='bbox 71 2640 403 2683; x_wconf 86' lang='lat' dir='ltr'>40Antich1·istus</span> <span class='ocrx_word' id='word_1_333' title='bbox 443 2653 599 2678; x_wconf 88' lang='lat' dir='ltr'>summe</span> <span class='ocrx_word' id='word_1_334' title='bbox 639 2642 724 2678; x_wconf 88' lang='lat' dir='ltr'>odit</span> <span class='ocrx_word' id='word_1_335' title='bbox 771 2652 808 2680; x_wconf 92' lang='lat' dir='ltr'>et</span> <span class='ocrx_word' id='word_1_336' title='bbox 855 2646 990 2681; x_wconf 87' lang='lat' dir='ltr'>obstat</span> <span class='ocrx_word' id='word_1_337' title='bbox 1034 2658 1083 2681; x_wconf 90' lang='lat' dir='ltr'>ne</span> <span class='ocrx_word' id='word_1_338' title='bbox 1128 2644 1203 2681; x_wconf 88' lang='lat' dir='ltr'>ista</span> <span class='ocrx_word' id='word_1_339' title='bbox 1248 2643 1452 2681; x_wconf 83' lang='lat' dir='ltr'>sentencia</span> 
     </span>
    </p>
   </div>
   <div class='ocr_carea' id='block_1_3' title="bbox 134 2698 865 2749">
    <p class='ocr_par' dir='ltr' id='par_1_9' title="bbox 134 2698 865 2749">
     <span class='ocr_line' id='line_1_42' title="bbox 134 2698 865 2749; baseline 0.005 -14"><span class='ocrx_word' id='word_1_340' title='bbox 134 2698 382 2735; x_wconf 88' lang='lat' dir='ltr'>secularibus</span> <span class='ocrx_word' id='word_1_341' title='bbox 417 2698 590 2736; x_wconf 89' lang='lat' dir='ltr'>dominis</span> <span class='ocrx_word' id='word_1_342' title='bbox 623 2700 865 2749; x_wconf 90' lang='lat' dir='ltr'>predicetur.</span> 
     </span>
    </p>
   </div>
   <div class='ocr_carea' id='block_1_4' title="bbox 203 2903 1310 2986">
    <p class='ocr_par' dir='ltr' id='par_1_10' title="bbox 203 2903 1310 2986">
     <span class='ocr_line' id='line_1_43' title="bbox 203 2903 835 2939; baseline 0.003 -10"><span class='ocrx_word' id='word_1_343' title='bbox 203 2911 228 2939; x_wconf 79' lang='lat'>7.</span> <span class='ocrx_word' id='word_1_344' title='bbox 250 2903 345 2931; x_wconf 82' lang='lat' dir='ltr'>Cod.:</span> <span class='ocrx_word' id='word_1_345' title='bbox 367 2903 464 2930; x_wconf 77' lang='lat' dir='ltr'>salvo.</span> <span class='ocrx_word' id='word_1_346' title='bbox 540 2911 586 2938; x_wconf 72' lang='lat'>29.</span> <span class='ocrx_word' id='word_1_347' title='bbox 608 2903 704 2931; x_wconf 82' lang='lat' dir='ltr'>Cod.:</span> <span class='ocrx_word' id='word_1_348' title='bbox 726 2908 835 2932; x_wconf 84' lang='lat' dir='ltr'>morte.</span> 
     </span>
     <span class='ocr_line' id='line_1_44' title="bbox 1270 2961 1310 2986; baseline 0 0"><span class='ocrx_word' id='word_1_349' title='bbox 1270 2961 1310 2986; x_wconf 82' lang='lat'>20</span> 
     </span>
    </p>
   </div>
  </div>
 </body>
</html>
