1944 3323
86 903 121 923 lo

84 1186 119 1218 15

75 2652 120 2682 40

1699 248 1713 259 ἢ

141 254 278 282 sisinio
299 243 363 300 ιι]
623 255 803 287 TERTIA
830 254 957 287 PARs.
1666 261 1688 292 -ι
1699 262 1714 282 ³
1725 262 1746 294 9

140 365 357 412 Apostolus
381 365 428 400 ad
455 365 680 400 vocandum
709 362 844 399 fideles
869 364 917 398 ad
943 363 1111 410 nupcias
1135 362 1201 410 qui
1227 372 1307 398 tam
1336 362 1457 398 libere
1500 371 1571 408 *iiis
1592 380 1703 410 ειη-γρ·

139 423 285 459 viando
325 435 394 470 per
436 421 585 470 patrias
619 434 740 469 quam
781 421 940 457 vincula
979 420 1178 469 paciendo
1219 420 1255 456 in
1298 433 1457 457 carcere
1499 414 1526 432 ¹¹¹
1550 407 1727 441 pst-achmg,

140 482 280 517 fratres
319 493 411 516 suos
450 481 499 516 ad
541 480 685 516 celeste
730 479 956 515 convivium
1005 478 1200 515 invitavit.
1254 480 1302 514 Et
1348 487 1457 526 patet
1521 486 1576 513 His
1597 487 1694 520 gentle

138 539 263 575 tercio
305 538 499 574 mollicies
538 538 760 574 facetorum
795 537 993 585 Apostoli,
1036 538 1199 585 quando
1239 536 1335 572 dicit
1376 549 1456 572 non
1540 523 1674 548 'mmm'

139 597 295 645 impero
328 597 440 633 vobis
474 597 542 632 sed
576 597 734 632 obsecro
769 608 847 639 vos,
881 595 973 632 licet
998 597 1103 631 Deus
1128 595 1225 631 illud
1259 594 1457 643 percipiat

139 658 246 704 quod
281 655 392 691 vobis
425 654 593 691 omnino
628 655 743 690 cedat
776 656 826 690 ad
859 654 1121 690 commodum
1157 652 1289 689 taliter
1318 654 1458 690 ambu-

139 715 233 750 lare.
281 716 391 759 Quos
432 726 525 759 ergo
569 713 704 749 fideles
743 725 824 748 non
866 713 1059 748 mulceret
1094 721 1130 748 et
1163 714 1212 748 ad
1247 711 1454 748 caritatem

138 785 218 808 non
252 772 432 809 alliceret
467 771 532 808 ille
568 771 736 807 modus?
771 771 905 806 Primo
939 783 1035 818 ergo
1061 771 1246 806 hortatur
1269 771 1319 806 ad
1342 783 1457 818 gene·

139 831 262 867 ralem
304 829 623 870 observanciam,
670 837 709 865 ut
749 830 868 880 digne
905 829 1102 865 ambulent
1140 829 1343 864 vocacione
1384 841 1456 877 qua

140 896 329 925 vocantur
361 890 410 925 ad
444 887 633 937 patriam.
674 889 845 924 Constat
878 887 1040 935 quidem
1075 900 1118 923 ex
1152 886 1229 923 fide
1263 886 1456 935 evangelii

139 949 244 983 Luce
277 949 384 984 X1V0
419 947 626 995 quomodo
666 958 807 982 omnes
842 945 1026 982 homines
1059 944 1253 981 instinctu
1286 945 1357 981 Dei
1389 957 1457 981 vo-

138 1014 277 1042 cantur
302 1007 351 1042 ad
377 1004 666 1042 beatitudinem
692 1005 977 1052 appetendam,
995 1016 1085 1040 cum
1110 1015 1250 1040 omnes
1273 1003 1457 1039 homines

136 1063 329 1100 instinctu
373 1062 548 1100 naturali
588 1062 658 1099 Dei
704 1075 785 1098 non
831 1061 996 1098 dubium
1044 1063 1120 1098 hoc
1161 1061 1363 1098 affectant.
1410 1063 1457 1097 Et

136 1131 271 1170 preter
310 1122 420 1158 illam
454 1120 716 1157 vocacionern
753 1121 951 1156 internam
988 1121 1135 1156 Paulus
1168 1128 1206 1156 et
1239 1119 1305 1155 alii
1341 1132 1457 1156 evan·
1506 1128 1550 1155 He
1572 1128 1644 1154 calls
1665 1128 1713 1154 the

135 1180 351 1228 gelizantes
390 1189 600 1227 tamquam
642 1179 779 1215 fideles
813 1178 962 1215 Christi
1002 1178 1105 1214 servi
1147 1179 1358 1214 ortabatur
1400 1177 1456 1214 in·
1479 1167 1743 1233 'ffffiscfflffomcssffie

135 1238 281 1275 vitatos
316 1247 357 1274 ut
390 1240 439 1275 ad
474 1250 615 1274 cenam
651 1246 836 1286 paratam
877 1236 1038 1274 veniant
1078 1237 1320 1276 celeranter:
1362 1249 1454 1272 nam
1552 1241 1676 1268 supper.

137 1310 158 1333 a
197 1306 381 1345 tempore
420 1295 665 1333 ascensionis
706 1295 855 1332 Christi
895 1308 1022 1344 usque
1068 1296 1119 1331 ad
1166 1294 1271 1331 diem
1317 1294 1456 1330 iudicii

137 1365 276 1403 aperta
317 1364 374 1392 est
414 1355 535 1391 ianua
575 1355 664 1391 aule
705 1353 791 1390 celi.
832 1354 887 1390 sic
927 1355 1035 1402 quod
1075 1353 1278 1401 paulative
1320 1353 1456 1389 fideles

136 1422 305 1462 possunt
343 1413 466 1449 libere
507 1413 656 1449 intrare
696 1414 745 1448 ad
779 1413 877 1448 illud
911 1412 1152 1455 convivium,
1188 1411 1282 1459 quia
1316 1421 1457 1459 parata

136 1481 227 1508 sunt
279 1471 435 1512 omnia:
489 1484 583 1507 nam
628 1470 777 1507 Christi
826 1470 1013 1506 divinitas
1059 1479 1179 1518 atque
1226 1470 1456 1506 humanitas

136 1539 271 1578 presto
306 1529 543 1578 preponitur
577 1542 696 1577 super
731 1541 910 1565 mensam
947 1528 1110 1564 Domini
1134 1540 1205 1576 per
1229 1541 1327 1576 quas
1350 1527 1456 1564 beati

135 1597 216 1625 tarn
263 1588 502 1625 sensualiter
546 1600 666 1636 quan]
714 1587 979 1635 spiritualiter
1024 1596 1116 1622 sunt
1162 1585 1297 1622 cibati.
1344 1586 1456 1622 Sicut

135 1660 229 1695 ergo
263 1656 393 1683 totum
428 1646 607 1683 officium
642 1645 887 1694 predicantis
921 1646 1149 1693 completur
1174 1645 1212 1680 in
1236 1645 1312 1681 hoc
1337 1644 1456 1681 unico

135 1707 256 1741 verbo
290 1714 331 1741 ut
365 1705 503 1741 fideles
536 1704 609 1740 rite
642 1713 757 1740 vocet
790 1705 839 1740 ad
875 1704 969 1740 istas
1002 1703 1184 1751 nupcias,
1225 1702 1281 1739 sic
1326 1711 1455 1739 totum

134 1773 370 1800 vocatorum
414 1763 682 1799 ministerium
723 1762 763 1798 in
797 1763 872 1798 hoc
905 1763 1027 1798 verbo
1060 1761 1179 1798 unico
1215 1762 1455 1809 completur.

135 1830 174 1858 ut
207 1823 326 1873 digne
357 1822 526 1857 ambulet
564 1822 785 1857 secundum
824 1821 1085 1857 vocacionem
1127 1819 1245 1856 istam
1288 1821 1337 1855 ad
1378 1828 1456 1855 ter-

135 1880 287 1916 minum
329 1879 601 1925 beatitudinis,
644 1892 733 1915 cum
776 1881 881 1915 Deus
921 1892 1001 1915 non
1041 1887 1208 1926 propter
1247 1877 1306 1913 sui
1347 1890 1455 1913 corn-

136 1940 298 1975 modum
333 1940 401 1975 sed
436 1947 602 1986 propter
634 1947 817 1973 nostrum
853 1937 1053 1985 optimum
1087 1949 1159 1973 nos
1193 1936 1346 1972 invitat.
1388 1936 1455 1972 Ille

134 2006 268 2033 autem
303 1997 420 2045 digne
453 1997 634 2033 ambulat
658 1996 876 2032 vocacione
901 1995 972 2032 Dei
1006 1997 1055 2031 ad
1089 1995 1201 2031 illum
1236 1993 1453 2031 terminum

78 2060 92 2091 '3
135 2055 201 2103 qui
236 2064 538 2104 perseveranter
577 2067 703 2103 usque
743 2056 791 2090 ad
833 2055 951 2090 finem
993 2055 1176 2090 ambulat
1216 2053 1255 2089 in
1296 2053 1453 2094 virtute,

135 2123 173 2150 et
208 2114 273 2150 ille
305 2126 389 2150 non
422 2113 629 2149 descendit
671 2126 741 2161 per
781 2114 928 2160 gradus
970 2111 1124 2161 peccati
1164 2113 1232 2147 sed
1273 2111 1454 2147 ascendit

135 2174 183 2208 de
215 2172 360 2208 virtute
394 2171 433 2207 in
465 2171 653 2208 virtutem
689 2184 899 2219 quousque
932 2172 1115 2207 videatur
1139 2172 1245 2206 Deus
1269 2169 1309 2205 in
1333 2170 1452 2216 Syon,

135 2232 210 2267 hoc
244 2239 313 2268 est.
349 2230 388 2266 in
422 2243 612 2278 supremo
648 2230 794 2266 montis
829 2229 994 2266 ecclesie
1028 2228 1330 2276 triumphantis.

193 2289 327 2325 Prima
360 2297 494 2324 autern
534 2288 657 2324 virtus
699 2301 768 2336 per
802 2300 922 2336 quam
963 2287 1164 2335 gradatim
1207 2287 1351 2322 debent
1393 2298 1453 2321 as-

79 2351 111 2382 ?-
135 2348 305 2383 cendere
340 2355 396 2382 est
421 2347 630 2389 humilitas,
664 2346 765 2382 sicut
799 2345 973 2393 primum
1010 2354 1220 2393 peccatum
1251 2356 1322 2392 per
1345 2345 1454 2392 quod
1475 2350 1541 2378 The
1563 2351 1626 2377 tim
1647 2350 1743 2377 vii-tuc-

134 2404 341 2441 luciferine
381 2404 636 2441 descenditur
675 2406 725 2440 ad
765 2404 964 2440 infernum
1006 2413 1062 2440 est
1102 2402 1290 2451 superbia
1325 2401 1454 2438 humi-
1510 2385 1707 2421 ¹⁵¹¹¹¹m¹¹¹¹³³

135 2463 237 2500 litati
280 2462 494 2499 contraria.
541 2464 618 2499 Sed
653 2462 746 2511 quia
786 2471 877 2497 sunt
910 2471 989 2498 tres
1022 2463 1168 2510 gradus
1202 2459 1453 2505 humilitatis,

136 2521 291 2569 primus
316 2521 381 2569 qui
417 2530 475 2557 est
507 2520 758 2557 necessitatis
792 2522 1012 2556 secundum
1047 2532 1166 2568 quern
1200 2519 1331 2555 viator
1363 2519 1454 2555 sub·
1471 2525 1739 2560 [tstlioeeg1-21dcs,

136 2580 243 2616 ditur
266 2579 477 2627 superiori,
511 2581 709 2615 secundus
742 2578 810 2626 qui
844 2587 901 2614 est
935 2577 1197 2626 perfeccionis
1230 2579 1451 2613 secundum

136 2650 255 2687 quem
289 2638 418 2674 viator
451 2637 588 2673 obedit
627 2637 835 2673 humiliter
873 2649 945 2672 suo
986 2637 1086 2684 pari,
1127 2645 1164 2672 et
1204 2635 1350 2672 tercius
1384 2635 1450 2683 qui

135 2706 192 2733 est
224 2709 325 2744 opus
359 2695 732 2743 supererogacionis
766 2696 985 2731 secundum
1021 2707 1138 2743 quem
1162 2694 1293 2730 viator
1315 2693 1451 2729 obedit

203 2864 231 2898 S,
253 2872 281 2899 9.
304 2863 398 2890 Cod.:
422 2863 571 2897 generale.
700 2872 732 2890 11.
756 2863 850 2890 Cod.:
873 2872 982 2890 omncs
1005 2863 1033 2890 h.
1168 2862 1213 2896 34⁷.
1236 2863 1268 2890 In
1291 2871 1404 2896 marga
1430 2871 1449 2890 1.

134 2898 177 2934 37.
198 2899 231 2926 In
254 2907 366 2932 marg:
397 2899 437 2925 Dc
459 2899 557 2925 trihus
577 2897 726 2931 gradibus
748 2898 942 2925 humilitatis.
967 2907 986 2926 ι.
1009 2906 1033 2931 2,
1056 2898 1079 2925 13.
