1944 3323
120 288 169 334 78

178 407 331 434 l'rclatical

160 442 350 471 iurisdiction

172 476 281 502 <immid
306 477 339 502 be

162 511 350 546 suspended.

198 1445 330 1473 Christ's

127 1480 291 1507 command
314 1484 343 1506 to
366 1479 400 1505 be

128 1516 242 1542 obt-ved
267 1514 395 1541 without

185 1548 290 1583 regard
313 1554 342 1576 to

196 1586 335 1619 pre-lates.

226 2486 322 2512 ¹<even

161 2520 337 2547 cml-'litions
357 2518 391 2544 of

154 2555 251 2581 (lod's
273 2553 398 2580 service.

699 287 920 319 JOHANNIS
940 285 1121 317 WYCLIF
1140 283 1394 315 SERMONUM
1487 267 1642 325 [SERMO
1664 277 1714 304 XI.

464 399 510 432 Et
544 403 651 444 patet
675 395 723 430 ad
757 393 973 429 secundam
1007 388 1361 426 confirmacionem
1388 388 1592 435 quomodo
1616 386 1715 421 soret

406 453 673 491 necessarium
705 460 741 487 et
771 451 820 486 ad
843 447 1136 497 perfeccionem
1167 445 1331 483 ecclesie
1355 446 1462 493 quod
1486 443 1715 480 iurisdiccio

407 512 559 549 cesaria
597 510 647 547 sit
684 520 888 556 suspensa,
928 506 983 543 sic
1017 506 1125 554 quod
1156 513 1240 540 tota
1281 503 1446 540 ecclesia
1485 502 1585 538 foret
1618 512 1715 548 pure

409 571 628 607 secundum
680 565 983 603 ordinacionem
1034 563 1254 611 primevam
1307 559 1469 596 Domini
1525 559 1716 607 regulata.

408 630 522 664 Tunc
563 626 664 663 enirn
706 623 869 660 liberius
908 630 944 658 et
986 620 1186 657 efficacius
1228 627 1403 656 curreret
1434 618 1599 654 verbum
1634 615 1751 661 Dei‚5

410 686 517 734 quod
557 693 615 720 est
655 682 773 719 hodie
804 682 910 717 ultra
942 692 1062 727 quam
1096 678 1168 714 fuit
1206 686 1388 725 tempore
1420 673 1602 724 Apostoli
1635 673 1719 710 alli-

410 752 561 791 gatum.
607 743 655 777 Et
699 748 893 789 quantum
939 739 987 774 ad
1033 737 1143 772 fictas
1182 734 1437 771 obediencias
1481 731 1718 780 religionum

410 801 670 849 privatarum,
715 806 825 846 patet
870 797 977 844 quod
1024 807 1066 830 ex
1111 793 1285 841 argucia,
1330 805 1374 828 ex
1418 791 1617 838 scriptura
1660 790 1720 825 vel

410 858 572 894 racione
604 855 888 892 fundacionem
921 866 1000 889 non
1033 851 1179 900 expetit
1211 851 1279 887 sed
1312 849 1351 885 in
1375 850 1477 893 lut03
1512 861 1600 884 cum
1627 860 1720 894 ergo

410 917 597 952 sacerdos
637 927 658 951 a
691 913 850 950 Christo
883 924 953 960 per
985 923 1025 946 se
1059 910 1202 945 habeat
1235 916 1452 956 potestates
1487 915 1523 942 et
1557 904 1720 941 ordines
1742 920 1778 941 ιο

412 983 448 1010 et
499 973 625 1009 nescit
675 971 706 1008 si
758 984 779 1007 a
831 970 986 1018 privato
1039 967 1241 1015 episcopo,
1295 974 1404 1013 patet
1449 965 1557 1013 quod
1607 964 1721 999 debet

413 1031 571 1067 Christo
610 1030 742 1078 primo
783 1028 963 1065 omnium
999 1025 1175 1062 obedire.
1217 1024 1257 1059 Si
1291 1023 1394 1059 enim
1431 1034 1474 1058 ex
1507 1022 1582 1057 hoc
1615 1021 1722 1069 quod

413 1091 601 1126 sacerdos
630 1089 749 1124 habet
778 1099 799 1123 a
833 1084 1015 1122 ministro
1040 1082 1187 1120 Christi
1218 1080 1451 1118 huiusmodi
1483 1078 1721 1127 potestatem

414 1147 488 1183 sibi
522 1146 686 1183 obedire
719 1146 860 1181 debeat
894 1151 1032 1179 contra
1067 1140 1283 1185 Christum,
1317 1148 1411 1174 tunc
1443 1150 1577 1174 servus
1610 1137 1725 1172 debet

414 1205 577 1242 obedire
618 1202 782 1240 domino
822 1214 893 1238 suo
933 1209 969 1237 et
1009 1199 1176 1248 quilibet
1215 1196 1398 1246 superior
1435 1208 1507 1232 suo
1546 1193 1781 1231 int'e1·iori15

415 1272 554 1299 contra
599 1264 740 1307 Deum,
786 1260 879 1308 quia
922 1257 1117 1295 serviliter
1162 1268 1245 1292 esse
1288 1255 1349 1291 vel
1387 1252 1722 1290 sustentacionem

414 1334 525 1357 suam
551 1321 599 1357 ab
632 1319 719 1368 ipso
744 1317 896 1366 recipit.
922 1319 1029 1364 Papa
1053 1327 1146 1362 ergo
1170 1327 1259 1350 cum
1284 1313 1333 1349 sit
1356 1324 1491 1348 servus
1521 1322 1724 1347 servorum

416 1379 503 1425 Dei,
536 1379 653 1414 debet
686 1378 734 1413 de
767 1374 1001 1413 obediencia
1033 1374 1138 1410 facta
1170 1371 1346 1408 Domino
1380 1367 1616 1406 contentari.

474 1439 522 1472 Et
551 1444 660 1484 patet
691 1436 741 1471 ad
771 1431 1127 1470 confirmacionem
1156 1429 1321 1466 terciam
1352 1428 1459 1476 quod
1489 1426 1520 1463 si
1550 1426 1726 1474 prelatus

417 1508 459 1532 ex
482 1495 587 1530 malo
609 1492 752 1542 spiritu
775 1489 1023 1528 mandaverit
1045 1487 1276 1537 oppositum
1299 1486 1403 1522 illius
1420 1485 1527 1533 quod
1546 1483 1727 1520 Christus
1744 1498 1785 1519 20

418 1554 593 1597 mandat,
646 1552 762 1587 debet
813 1547 1044 1596 contempni
1094 1555 1136 1582 ut
1175 1544 1443 1582 Antichristus
1488 1551 1524 1578 et
1569 1541 1727 1578 Christo

417 1613 532 1647 debet
555 1608 783 1657 specialiter
809 1620 854 1644 ac
877 1605 1153 1655 principaliter
1174 1601 1341 1648 obediri,
1364 1609 1408 1637 ut
1431 1599 1655 1649 predictum
1672 1607 1728 1635 est

417 1682 460 1705 ex
482 1666 713 1704 testimonio
737 1665 933 1714 scripture
947 1665 1034 1700 Act.
1052 1664 1122 1699 lV0
1139 1670 1176 1698 et
1190 1663 1238 1697 Ψ)
1252 1659 1450 1708 capitulis,
1467 1658 1574 1707 quod
1594 1657 1625 1693 si
1642 1656 1729 1705 quis

418 1739 461 1763 ex
496 1725 662 1763 caritate
686 1724 725 1760 in
749 1736 869 1760 causa
893 1723 968 1758 ista
998 1721 1047 1757 sit
1080 1728 1274 1763 mortuus,
1306 1730 1387 1754 non
1418 1725 1474 1752 est
1499 1715 1623 1763 magis
1646 1715 1729 1763 glo-

419 1784 524 1820 riosa
558 1795 676 1820 causa
712 1781 893 1818 martirii.
917 1780 1060 1815 Videat
1094 1791 1187 1826 ergo
1219 1775 1344 1813 fidelis
1369 1774 1463 1823 quid
1488 1773 1668 1809 Christus
1691 1772 1729 1808 in
1748 1777 1786 1809 25

419 1843 503 1889 lege
525 1854 596 1877 sua
618 1839 789 1888 precipit
811 1839 890 1875 sive
914 1838 1079 1874 mandat
1103 1845 1139 1872 et
1160 1835 1258 1871 illud
1281 1833 1481 1881 compleat
1504 1830 1730 1879 postposito

419 1910 658 1948 quocunque
682 1898 837 1946 prelato
861 1895 936 1932 nisi
960 1896 1060 1931 forte
1087 1907 1176 1930 cum
1193 1892 1351 1930 Christo
1376 1899 1412 1927 et
1434 1890 1520 1936 lege
1541 1902 1612 1925 sua
1637 1901 1729 1925 con-

420 1959 570 1994 cordat.
598 1959 654 1992 De
674 1964 786 1992 tanto
810 1954 971 2002 quidem
995 1962 1031 1989 et
1054 1965 1135 1989 non
1157 1952 1262 1987 ultra
1288 1950 1404 1985 debet
1429 1946 1555 1983 fidelis
1578 1946 1729 1983 homini

419 2015 582 2051 obedire
616 2023 653 2050 et
677 2021 871 2061 quantum
896 2013 945 2048 ad
969 2011 1073 2058 leges
1106 2009 1349 2057 allegandas,
1374 2013 1483 2054 patet
1507 2006 1614 2053 quod
1638 2017 1731 2040 con-

420 2072 572 2121 tempni
597 2073 741 2108 debent
763 2070 839 2107 nisi
863 2071 910 2106 de
929 2077 1080 2118 quanto
1103 2068 1266 2103 fundate
1289 2064 1433 2101 fuerint
1458 2062 1497 2097 in
1520 2063 1729 2111 scriptura.
1750 2067 1789 2099 30

939 2204 1133 2246 SERMO
1167 2204 1237 2243 XI.

487 2305 654 2340 Obsecro
706 2315 772 2338 vos
820 2314 895 2351 per
938 2298 1244 2336 misericordiam
1296 2296 1383 2343 Dei,
1434 2303 1473 2331 ut
1524 2292 1734 2331 exhibeatis

424 2374 590 2411 corpora
626 2368 752 2397 vestra
787 2359 948 2395 hostiam
980 2358 1164 2393 viventem
1197 2362 1369 2391 sanctam
1393 2354 1477 2389 Deo
1504 2353 1732 2402 placentem.

425 2421 484 2456 Ad
520 2422 633 2455 Rom.
666 2420 770 2463 X110,
802 2430 831 2453 1.

483 2477 698 2525 Apostolus
743 2475 782 2511 in
826 2474 900 2510 ista
945 2472 1113 2522 epistola
1164 2470 1324 2507 instruit
1370 2471 1571 2506 Romanos
1616 2475 1651 2503 et
1696 2465 1733 2501 in
1751 2471 1789 2503 35

427 2535 521 2583 ipsis
560 2543 685 2571 totam
721 2532 959 2569 militantem
1002 2529 1208 2567 ecclesian]
1243 2528 1449 2577 quomodo
1482 2527 1626 2562 debent
1659 2523 1735 2560 dis-

499 2665 518 2684 1.
541 2657 568 2683 A
589 2656 618 2682 in
641 2662 753 2688 marga
775 2662 799 2681 2.
880 2653 906 2680 S.
928 2652 967 2680 F:
990 2652 1072 2687 quod
1094 2660 1129 2678 ex
1150 2651 1243 2678 deest.
1318 2658 1346 2685 9,
1369 2657 1409 2676 10.
1431 2650 1474 2676 A:
1496 2656 1564 2675 eum
1587 2646 1731 2674 sacerdos

426 2692 527 2725 igitur.
615 2698 648 2717 11.
670 2690 714 2716 A:
737 2688 832 2715 nescit
854 2688 920 2715 sibi.
1005 2685 1041 2713 13.
1063 2686 1154 2713 huius
1174 2686 1203 2712 in
1225 2685 1315 2711 codd.
1399 2684 1438 2711 18.
1461 2682 1576 2710 Codd.:
1598 2681 1734 2708 Domini.

429 2735 470 2761 ις).
492 2727 519 2753 Α
541 2726 569 2752 in
593 2732 707 2758 marg-z
729 2723 754 2750 3.
819 2730 860 2749 22.
880 2723 925 2750 A:
948 2721 1120 2756 specialiter
1140 2728 1174 2747 ac
1195 2720 1294 2749 deest:
1316 2719 1356 2746 ib.
1372 2719 1416 2745 A:
1437 2717 1571 2744 obedire.
1627 2715 1670 2743 23.
1691 2716 1734 2742 A:

428 2761 620 2792 testimonie;
647 2759 687 2786 ib.
709 2759 754 2785 A:
775 2757 832 2784 IV‘·
852 2761 879 2783 et
899 2756 941 2784 Vo
962 2755 1098 2791 sequitur
1119 2755 1240 2787 lacunam
1270 2753 1310 2780 ib.
1331 2754 1376 2780 A:
1397 2752 1440 2779 V⁰
1457 2751 1594 2787 sequitur
1613 2751 1736 2781 lacunam

428 2795 570 2856 calipitnlis
591 2795 684 2821 deest.
776 2791 813 2819 31.
835 2791 901 2818 The
923 2798 1044 2817 sermon
1066 2790 1095 2816 in
1117 2789 1279 2816 Dominica
1301 2787 1400 2822 prima
1423 2790 1491 2821 post
1512 2786 1645 2813 Octavus
1666 2784 1737 2819 lipi-

431 2839 447 2864 ρ
462 2838 570 2856 iani-ae.

503 2901 555 2932 31.
583 2900 633 2932 Cf.
654 2898 813 2941 Wyclis's
841 2900 1019 2935 Sermons,
1047 2897 1100 2927 ed.
1127 2895 1171 2937 by
1199 2895 1339 2934 Arnold,
1368 2894 1405 2931 ΙΙ,
1435 2903 1511 2934 pag.
1540 2901 1604 2931 244
