1944 3323
142 249 222 281 400

169 532 265 568 (llory
285 533 320 560 of
336 533 384 559 the

175 568 289 603 (lospel
312 568 370 594 and

156 602 344 638 degciierac)v
365 602 399 629 of

148 637 234 663 those
255 638 325 663 who
347 638 403 664 live

202 672 298 699 under
319 673 349 699 it.

724 246 945 279 JOHANNIS
963 246 1147 279 WYCLIF
1164 246 1423 280 sERMoNUM
1457 233 1607 290 {samio
1629 244 1734 272 xrvi.

429 351 617 387 intuitum
653 352 800 389 Christi
846 353 1087 389 reverberati
1131 361 1221 389 sunt
1261 352 1362 389 radii
1402 365 1494 389 usus
1535 352 1735 389 interioris

429 409 664 457 pontificum
698 411 931 456 Judeorum,
971 423 1021 447 ne
1060 410 1142 446 eius
1177 410 1425 448 divinitatem
1468 410 1544 447 fide
1577 410 1734 459 conspi-

429 476 575 504 cerent.

487 526 534 561 Et
575 533 683 573 patet
728 525 1020 573 consequencia
1053 526 1254 574 Apostoli:
1300 534 1337 562 et
1382 525 1413 562 si
1461 535 1571 562 vetus
1614 534 1735 563 testa-

430 592 608 619 mentum
644 584 735 629 (hoc
768 591 852 620 erat
884 583 1161 620 transitorium
1203 593 1240 620 et
1274 586 1616 632 momentaneum)
1652 589 1768 621 erat5

429 653 518 676 cum
566 640 758 677 ministris
798 641 878 677 suis
918 641 957 677 in
998 650 1110 678 tanta
1149 641 1275 690 gloria
1315 650 1352 678 et
1391 642 1556 687 honore,
1610 643 1735 678 multo

429 698 556 746 magis
606 707 891 735 testamentum
943 712 1090 736 novum
1138 708 1316 736 eternum
1364 699 1536 736 inferens
1582 708 1734 736 tantam

427 756 596 804 gloriam
643 756 681 792 in
726 756 816 793 filiis
861 757 1072 806 adoptivis.
1119 759 1167 793 Et
1211 766 1320 805 patet
1365 767 1558 806 quantum
1604 758 1734 794 vocati

427 814 562 850 fideles
589 823 770 863 tempore
794 814 890 863 legis
918 815 1050 863 gracie
1073 816 1314 863 degenerant
1335 827 1357 851 a
1379 815 1677 863 glorificacione
1700 825 1736 852 et

426 871 739 909 honorificencia
762 873 857 921 legis
873 873 1032 919 Christi,
1052 872 1177 909 eciam
1201 874 1288 921 plus
1304 885 1423 921 quam
1440 882 1572 921 patres
1594 874 1736 910 veteris
1755 888 1794 910 ιο

425 930 673 977 testamenti3
704 943 785 967 non
815 930 919 967 enim
942 932 1227 979 presumebant
1249 931 1310 967 vel
1333 932 1535 968 audebant
1560 943 1736 968 asserere

425 989 533 1036 quod
584 988 643 1025 lex
687 988 853 1037 antiqua
900 991 1119 1026 secundum
1165 989 1342 1037 aliquam
1388 988 1447 1025 sui
1493 988 1734 1037 particulam

425 1055 509 1082 erat
543 1046 640 1083 falsa
672 1048 740 1083 sed
774 1048 967 1083 honorem
1014 1047 1276 1095 multiplicem
1311 1046 1385 1082 sibi
1419 1055 1455 1083 et
1488 1047 1569 1083 suis
1603 1060 1735 1084 carec-

425 1103 575 1140 teribus
620 1104 869 1151 tribuebant3
914 1117 987 1142 nee
1032 1106 1234 1142 audebant
1281 1113 1446 1153 propter
1491 1104 1587 1152 legis
1632 1104 1735 1141 illius

425 1162 712 1199 sufficienciam
758 1176 881 1199 novas
926 1163 1030 1211 leges
1077 1165 1249 1199 condere
1293 1171 1329 1199 et
1379 1162 1606 1211 specialiter
1652 1164 1791 1211 169615

424 1220 545 1256 veteri
586 1220 825 1257 inconsulta.
872 1220 1055 1257 Moderni
1100 1230 1234 1258 autern
1279 1230 1515 1268 presumunt
1561 1229 1735 1257 statuere

425 1278 529 1325 leges
562 1291 698 1324 novas,
734 1280 906 1315 condere
939 1278 1066 1315 eciam
1100 1279 1175 1327 legi
1200 1278 1272 1314 Dei
1306 1278 1542 1324 contrarias,
1577 1288 1613 1315 et
1637 1279 1735 1316 tales

425 1336 602 1372 novellas
627 1336 753 1384 magis
778 1336 1038 1384 magnificant
1055 1344 1091 1373 et
1110 1338 1311 1373 honorant
1327 1349 1447 1384 quam
1472 1336 1733 1384 evangelium,

426 1393 517 1441 quia
552 1393 689 1430 dicunt
722 1394 849 1442 ipsam
885 1407 968 1431 esse
1002 1394 1041 1430 in
1080 1394 1300 1442 plurimum
1335 1393 1583 1442 impossibile
1616 1403 1735 1443 atque

426 1451 646 1488 hereticum
689 1461 725 1488 et
763 1452 903 1488 inutile
942 1453 992 1489 ad
1031 1451 1185 1500 praxim
1225 1453 1285 1488 vel
1319 1451 1514 1488 iudicium
1550 1452 1735 1489 ecclesia-
1752 1467 1793 1489 20

426 1509 569 1545 sticum
617 1519 654 1546 et
692 1511 742 1546 ad
786 1509 937 1546 utiliter
976 1511 1128 1558 populo
1167 1509 1472 1558 predicandum.
1525 1511 1601 1546 Sed
1646 1510 1735 1559 quis

425 1568 614 1604 toleraret
653 1568 822 1604 letanter
864 1569 983 1604 talem
1025 1567 1341 1616 blasphemiam?
1374 1569 1488 1604 Unde
1520 1569 1735 1615 Apostolus

426 1627 645 1673 reprobans
670 1625 840 1663 heresim
866 1625 982 1662 istam
1007 1625 1062 1663 sic
1093 1625 1243 1674 arguit:
1279 1626 1321 1661 Si
1342 1626 1577 1662 ministracio
1601 1627 1734 1675 damp-

426 1684 593 1719 nacionis
630 1684 761 1734 gloria
800 1691 867 1731 est,
912 1685 1030 1720 multo
1075 1685 1202 1734 magis
1246 1684 1440 1719 habundat
1485 1684 1734 1719 ministerium

426 1741 572 1777 iusticie
614 1742 649 1777 in
691 1742 838 1792 gloria,
882 1741 995 1790 quasi
1041 1741 1189 1778 diceret
1240 1741 1270 1778 si
1316 1741 1564 1777 ministracio
1608 1741 1734 1789 Moysi
1752 1746 1791 1779 25

428 1801 590 1847 quando
625 1799 772 1836 Christi
817 1799 967 1836 noticia
1010 1800 1140 1836 velata
1193 1808 1250 1836 est
1294 1808 1331 1835 et
1376 1799 1548 1847 populus
1592 1801 1735 1836 ductus

427 1857 621 1893 serviliter
659 1866 842 1906 reputata
883 1858 1012 1894 fuerat
1051 1857 1254 1894 modicum
1295 1858 1342 1893 de
1382 1856 1458 1892 fide
1498 1857 1735 1893 habentibus

426 1914 613 1963 gloriosa,
665 1924 815 1964 quanto
868 1915 992 1963 magis
1045 1915 1290 1952 ministracio
1342 1915 1562 1950 secundum
1613 1928 1732 1963 quam

427 1972 497 2008 filii
530 1974 645 2021 plene
678 1973 790 2010 liberi
824 1973 1091 2010 iustificantur
1124 1974 1172 2010 ab
1211 1971 1470 2009 observancia
1502 1972 1571 2008 tali
1604 1972 1734 2009 servili

427 2031 603 2079 reputari
655 2033 771 2068 debet
821 2044 842 2067 a
894 2031 983 2067 filiis
1028 2031 1100 2067 Dei
1148 2030 1363 2067 carissimis
1407 2029 1533 2078 plenis
1578 2030 1654 2066 fide
1698 2034 1793 2067 et3o

427 2089 578 2137 Spiritu
602 2091 750 2125 Sancto
783 2090 1000 2126 secundum
1034 2088 1175 2125 mentis
1199 2088 1365 2125 iubilum
1400 2087 1586 2135 gloriosa.
1621 2089 1735 2125 Unde

430 2149 534 2183 Luce
571 2148 714 2183 XXIV0
755 2148 916 2195 quando
961 2148 1092 2183 velum
1140 2146 1279 2195 templi
1317 2145 1485 2182 scissum
1524 2155 1593 2192 est,
1641 2159 1734 2182 con-

427 2213 627 2241 summate
678 2213 768 2241 sunt
819 2205 944 2252 figure
995 2204 1281 2241 intollerabiles
1333 2212 1370 2240 et
1414 2205 1555 2240 umbre
1598 2216 1735 2240 sensus

427 2262 523 2310 legis
567 2262 709 2299 veteris
762 2263 851 2299 luce
901 2275 993 2299 vera
1043 2262 1083 2298 in
1133 2263 1218 2310 lege
1259 2261 1390 2310 gracie
1437 2261 1603 2298 vivente.
1658 2263 1735 2298 Sed

426 2320 582 2368 signum
635 2319 846 2357 infallibile
898 2322 1089 2357 adventus
1134 2319 1368 2357 Antichristi
1420 2328 1475 2355 est
1519 2320 1627 2367 quod
1677 2319 1790 2356 lex35

427 2378 575 2415 Christi
609 2380 658 2415 ad
691 2387 847 2415 tanturn
884 2378 1122 2426 deprimitur
1155 2388 1191 2414 et
1214 2379 1273 2414 lex
1305 2377 1462 2413 novella
1495 2378 1544 2413 ad
1577 2385 1733 2413 tantum

427 2449 448 2472 a
481 2437 631 2484 populo
665 2437 900 2473 honoratur.
935 2438 1048 2473 Unde
1074 2437 1233 2473 Psalmo
1258 2467 1264 2474 .
1292 2465 1299 2472 .
1325 2465 1332 2472 .
1359 2465 1366 2473 .
1401 2434 1605 2471 scribitur:
1636 2435 1731 2470 Con-

426 2495 537 2530 stitue
569 2494 666 2544 Iegis
689 2495 853 2530 Domine
883 2494 1043 2530 latorem
1076 2506 1193 2544 super
1225 2506 1301 2541 eos,
1333 2505 1378 2529 ac
1417 2492 1447 2528 si
1481 2491 1647 2529 diceret:
1682 2494 1735 2528 Ex

428 2552 503 2587 hoc
543 2553 652 2600 quod
689 2553 830 2588 nolunt
868 2551 1094 2599 glorificare
1134 2551 1174 2588 in
1208 2560 1339 2588 mente
1379 2558 1416 2586 et
1454 2562 1574 2597 opere
1608 2551 1732 2597 legem

427 2609 586 2655 Christi,
634 2610 831 2647 constitue
875 2609 1239 2659 proporcionaliter
1288 2610 1337 2645 ad
1383 2621 1498 2644 suum
1545 2607 1793 2654 delictum4o

497 2752 537 2771 10.
559 2744 653 2772 Cod.:
682 2752 773 2779 quam
795 2744 888 2771 deest.
962 2744 1001 2771 25.
1024 2744 1119 2771 Cod.:
1148 2744 1177 2771 in
1199 2744 1306 2778 gloria.
1380 2741 1421 2769 32.
1443 2747 1521 2769 recte
1541 2742 1664 2777 ΧΧΠΙΟ,
1685 2741 1732 2775 45.

426 2777 469 2814 37.
491 2779 630 2813 Psalm03
658 2779 796 2813 sequitur
816 2780 933 2806 lacuna.

497 2862 549 2905 37.
579 2863 703 2895 Psalm.
731 2863 787 2902 lX,
816 2873 868 2895 21.
