1944 3323
119 275 255 304 sERMo
271 266 456 323 xxxvn1.]
607 278 780 310 TERTIA
809 278 934 308 PARS.

119 385 324 422 sentencia
363 387 410 422 de
443 383 670 422 voluntaria
704 383 890 432 passione
924 396 995 431 per
1028 384 1104 420 hoc
1137 384 1246 432 quod
1280 383 1441 418 vanitati

118 444 250 480 omnis
284 445 406 480 homo
440 452 530 492 post
569 443 729 491 lapsum
771 443 819 478 de
858 441 1098 478 necessitate
1140 440 1348 481 subicitur.
1391 453 1436 477 eo

119 504 227 551 quod
272 502 312 538 in
353 501 634 538 certitudinem
674 500 751 537 vite
791 499 1053 548 penalitatem
1095 500 1155 536 vie
1196 508 1232 536 et
1272 499 1438 535 tribula-

119 560 253 597 ciones
289 560 530 609 multiplices
563 567 724 607 oportet
748 558 954 595 hominem
979 558 1073 594 velit
1095 558 1197 594 nolit
1221 557 1436 606 suscipere,

85 623 155 656 5et
207 618 344 656 omnia
397 618 493 655 talia
545 618 671 654 instar
723 616 997 654 Ecclesiastici
1049 625 1167 653 vocat
1218 616 1438 664 Apostolus

118 677 316 714 vanitates.

174 737 223 771 Et
267 734 361 783 quia
404 734 669 771 necessitatur
712 733 789 770 illis
834 733 961 770 subici
1008 741 1216 781 tamquam
1267 731 1437 769 materia

116 793 244 830 forme
277 806 397 842 quam
431 806 513 830 non
551 802 684 841 potest
723 804 877 838 exuere,
917 791 1008 829 ideo
1042 791 1139 827 dicit
1172 792 1281 840 quod
1314 792 1437 827 homo

118 860 175 887 est
199 859 380 888 creatura
404 852 481 888 illis
502 852 693 896 subiecta,·
725 860 762 887 et
795 852 845 887 ad
879 851 1153 887 denotandum
1181 850 1288 898 quod
1312 850 1434 886 homo

62 922 198 946 Ionon
230 911 350 946 habet
381 909 600 946 vanitatem
635 909 752 946 huius
786 921 829 945 ex
861 908 1125 946 ordinacione
1148 907 1220 945 Dei
1243 907 1437 956 primaria

116 970 185 1005 sed
218 981 262 1005 ex
294 969 422 1017 lapsu,
457 968 538 1005 sive
569 967 741 1005 voluerit
773 967 853 1004 sive
885 966 1071 1013 noluerit,
1106 966 1197 1003 ideo
1231 966 1436 1014 subiungit

114 1027 332 1076 Apostolus
356 1028 464 1076 quod
487 1027 601 1063 homo
623 1027 678 1063 sic
699 1026 887 1063 subicitur
919 1026 1082 1062 vanitati
1112 1033 1148 1061 et
1179 1037 1252 1061 non
1284 1025 1436 1069 volens,-

119 1097 208 1122 cum
258 1098 352 1133 ergo
399 1085 449 1121 sit
497 1086 546 1121 ad
591 1085 845 1121 subeundum
891 1083 1010 1121 istam
1056 1082 1275 1120 vanitatem
1322 1091 1435 1119 tanta

113 1143 330 1180 necessitas
363 1152 400 1180 et
433 1143 516 1180 eius
549 1143 683 1191 passio
716 1142 944 1179 voluntaria
967 1155 1040 1191 pro
1066 1141 1226 1179 Christo
1250 1150 1434 1189 respectu

60 1202 277 1239 15alterius
310 1201 360 1238 sit
392 1201 600 1238 meritoria
633 1210 753 1250 atque
786 1201 895 1246 levis,
929 1201 1073 1237 stultus
1106 1201 1209 1236 foret
1233 1199 1300 1248 qui
1323 1200 1433 1236 illam

111 1260 216 1297 viam
263 1273 344 1297 non
389 1260 512 1308 gratis
555 1259 810 1297 ordinacioni
844 1259 1008 1296 Domini
1047 1271 1087 1295 se
1131 1258 1346 1305 submittit,
1392 1267 1434 1294 ut

113 1328 224 1367 patet
257 1331 300 1355 ex
334 1318 481 1355 Christi
514 1318 773 1367 martyribus.

172 1376 471 1414 Predestinatus
516 1390 610 1426 ergo
655 1376 915 1414 considerans
960 1377 1069 1425 quod
1114 1377 1220 1412 Deus
1265 1374 1435 1411 subiecit

113 1445 347 1484 peccatores
376 1435 594 1472 iustissime
618 1435 658 1472 in
681 1435 915 1472 huiusmodi
942 1434 1154 1480 vanitates,
1189 1433 1312 1482 gratis
1342 1435 1432 1470 sub-

56 1515 98 1536 20
115 1494 237 1531 mittit
260 1507 300 1531 se
323 1494 413 1540 illis,
444 1503 656 1543 expectans
679 1494 720 1530 in
742 1507 811 1542 spe
835 1493 1149 1530 retribucionem
1174 1501 1433 1541 perpetuam3

112 1565 272 1602 semper
305 1561 438 1601 speret
470 1553 606 1602 itaque
641 1554 749 1601 quod
783 1554 907 1589 homo
941 1552 1007 1601 qui
1049 1560 1107 1588 est
1146 1560 1229 1587 tam
1269 1550 1434 1598 indigna

113 1620 298 1648 creatura
331 1624 404 1660 pro
437 1620 545 1648 statu
576 1610 638 1648 vie
661 1611 891 1647 liberabitur
912 1623 933 1646 a
956 1610 1143 1647 servitute
1166 1609 1434 1659 corrupcionis

113 1670 148 1705 in
182 1671 397 1707 libertatem
436 1670 567 1721 glorie
591 1670 774 1720 filiorum
808 1669 894 1705 Dei.
943 1667 1210 1714 Liberabitur,
1251 1667 1431 1716 inquam,

112 1728 207 1776 quia
246 1728 312 1765 fiet
352 1727 453 1764 liber
493 1737 529 1765 et
569 1737 681 1764 exuet
725 1741 798 1776 pro
843 1740 915 1764 suo
961 1736 1156 1776 perpetuo
1200 1726 1431 1763 servitutem

56 1796 96 1828 25
113 1786 405 1835 corrupcionis,
440 1786 479 1823 id
513 1795 583 1833 est,
618 1786 849 1823 servitutem
886 1786 1018 1822 carnis
1051 1793 1254 1833 corrupte,
1289 1784 1349 1820 cui
1385 1786 1433 1820 de

111 1845 351 1882 necessitate
384 1845 464 1881 iam
497 1844 690 1891 subiacet,
725 1854 761 1881 et
794 1845 1035 1891 liberabitur,
1074 1844 1114 1880 id
1147 1851 1219 1888 est,
1255 1843 1294 1878 in
1326 1851 1432 1879 statu

111 1903 308 1940 libertatis
340 1912 514 1952 ponetur
546 1903 586 1939 in
619 1903 750 1952 patria
783 1903 850 1952 qui
891 1903 981 1939 filiis
1016 1911 1107 1951 post
1135 1900 1430 1950 possessionem

112 1962 222 2010 regni
255 1962 381 2011 patris
414 1962 473 1999 sui
507 1961 715 2010 competit.
750 1964 798 1998 Et
832 1961 898 1997 illa
932 1961 1096 1998 libertas
1130 1969 1188 1997 est
1223 1959 1354 1997 maior
1386 1972 1432 1996 ac

112 2020 327 2069 gloriosior
371 2034 493 2070 quam
540 2022 662 2057 homo
708 2020 914 2057 habuisset
958 2020 998 2056 in
1043 2029 1150 2056 statu
1194 2018 1432 2056 innocencie

56 2086 98 2118 30
112 2079 241 2116 eciam
276 2079 315 2115 in
347 2079 480 2128 patria
512 2079 596 2116 sine
629 2079 758 2127 lapsu.

1650 269 1726 316 317

1465 737 1534 764 Man
1556 737 1582 764 is
1603 737 1719 769 subiect

1514 777 1544 799 to
1565 773 1668 808 vanity

1487 808 1620 842 through
1642 809 1692 835 the

1553 843 1630 870 Fan.

1553 1382 1620 1410 The

1485 1418 1690 1453 predestinate

1521 1454 1654 1480 submits

1507 1488 1664 1524 willingly.

171 2137 338 2174 Ponitur
378 2146 512 2174 autem
552 2138 697 2186 duplex
730 2136 937 2174 evidencia
971 2137 1020 2172 ab
1054 2135 1305 2184 experiencia
1338 2134 1431 2171 fidei
1447 2141 1514 2168 The
1533 2142 1609 2169 elect
1626 2150 1722 2177 groan

113 2197 221 2244 quod
266 2196 397 2233 omnis
440 2196 571 2233 viator
611 2195 876 2232 necessitatur
915 2207 988 2243 pro
1029 2203 1213 2242 tempore
1253 2206 1333 2242 quo
1374 2202 1431 2229 est

113 2263 297 2291 creatura
337 2254 408 2291 Dei
448 2263 485 2291 et
523 2254 579 2291 sic
620 2255 927 2303 quodammodo
957 2249 960 2307 Ι
990 2265 1118 2301 prope
1157 2252 1283 2289 nichil
1322 2252 1430 2302 inge-

113 2313 274 2349 miscere
306 2314 354 2349 de
387 2326 458 2349 sua
489 2312 570 2349 vita
602 2312 750 2361 penali,
785 2321 822 2349 et
853 2311 967 2349 electi
991 2313 1041 2348 ad
1065 2310 1239 2359 patriam
1263 2310 1433 2347 necessi-

58 2379 96 2411 35
113 2371 184 2408 tati
218 2380 309 2408 sunt
342 2371 494 2407 fructus
529 2371 831 2408 meritoriorum
865 2383 1034 2419 operum
1069 2369 1266 2418 penaliter
1291 2376 1431 2418 partu-

115 2430 206 2466 rire.
254 2431 346 2466 Ideo
393 2430 489 2466 dicit
533 2438 680 2466 textus:
732 2429 866 2465 Omnis
904 2436 1088 2465 creatura
1129 2427 1353 2478 ingemescit
1399 2434 1432 2462 et

109 2488 285 2537 parturit
318 2500 436 2537 usque
467 2489 607 2535 adhuc,
647 2487 714 2524 ubi
753 2496 895 2524 notum
937 2495 995 2523 est
1028 2488 1136 2535 quod
1171 2485 1350 2534 loquitur
1384 2486 1432 2520 de

113 2546 334 2583 viatoribus
367 2545 652 2594 predestinatis
685 2559 759 2595 pro
790 2554 987 2594 tempore,
1022 2558 1096 2593 pro
1120 2557 1200 2593 quo
1229 2543 1285 2580 sic
1307 2543 1430 2580 viant.

23 2240 97 2271 Fol.

16 2285 97 2327 273c

181 2707 211 2732 4.
228 2698 329 2737 'Coda
350 2698 430 2737 yelut
451 2698 574 2736 nolit.—v
629 2697 653 2726 5.
676 2697 771 2725 Cod.:
793 2697 1028 2725 Ecclesiasticis.
1123 2705 1161 2731 17.
1183 2696 1278 2724 Cod.:
1301 2688 1430 2723 ffiribus.

114 2741 155 2795 ἕρ.
181 2733 393 2796 ἓᾏιῡῖιςιῑῖἳὲἰίςῖ
407 2733 493 2760 cod.:
521 2732 602 2760 hul':
651 2740 697 2761 20.
715 2733 809 2760 Cod.:
838 2733 885 2760 dei
901 2733 959 2760 llis.
1015 2732 1060 2760 28.
1076 2732 1171 2759 Cod.:
1194 2731 1430 2765 libe1·taas(sic>.

201 2881 229 2903 1.
256 2871 359 2902 Rom.
380 2871 468 2911 VIII,
497 2881 551 2902 20.
633 2871 661 2902 5.
690 2870 802 2902 Eccle.
832 2870 855 2910 I,
884 2880 913 2901 2.
995 2880 1026 2912 ς).
1057 2870 1158 2900 Rom.
1177 2869 1266 2908 VIII,
1296 2878 1349 2906 20,
1378 2877 1430 2899 21.

118 2926 171 2948 2².
199 2917 243 2948 ib.
340 2916 394 2957 33,
422 2916 476 2958 34.
504 2916 548 2948 ib.
577 2927 630 2948 22.

1482 2177 1541 2204 and
1567 2178 1686 2204 travail.
