1944 3323
164 228 314 272 'smnio
336 233 458 289 xiiii]
667 245 840 277 TERTlA
870 247 996 278 PARS.

176 356 401 393 occultata:
442 353 624 391 Christus
658 353 762 390 enim
796 353 921 390 voluit
954 354 1101 390 habere
1134 355 1184 390 ad
1218 354 1492 401 evangelizan-

177 416 272 451 dum
308 413 475 450 Paulum
510 421 546 448 et
580 411 680 448 alios
714 412 932 451 adiutores.
973 414 1042 449 sed
1076 412 1218 460 prelati
1253 411 1381 448 nostri
1415 425 1497 448 non

177 473 383 511 audebunt
422 471 704 518 blasphemare
743 470 783 506 in
823 470 1027 507 Christum
1069 472 1177 519 quod
1216 470 1294 507 sint
1335 482 1378 506 ex
1426 483 1495 507 sua

176 529 376 581 potencia,
417 542 461 566 ex
493 541 564 565 sua
603 528 806 577 sapiencia
844 530 905 566 vel
945 542 1015 565 sua
1050 528 1263 577 diligencia
1296 528 1496 565 sufficien-

142 590 305 627 5ciores
345 588 521 625 Domino
566 596 608 624 ut
652 586 865 635 perficiant
910 587 1017 624 istud
1061 600 1175 636 opus.
1222 590 1355 633 Quare
1401 600 1495 635 ergo

176 656 350 685 renuunt
395 647 542 683 habere
587 645 794 682 adiutores
839 646 879 682 in
926 645 1276 694 evangelizacione
1315 645 1495 693 legitima

177 708 265 756 plus
305 718 426 755 quam
467 703 665 751 Christus,
711 703 814 740 sicut
853 705 1084 741 sacerdotes
1131 704 1301 753 predicti
1347 705 1496 740 habent

176 778 219 802 ex
251 763 417 813 speciali
451 764 558 800 dono
581 763 653 799 Dei
677 762 871 799 noticiam
903 771 940 799 et
964 762 1144 800 animum
1171 762 1495 811 evangelizandi?

175 825 253 861 Sed
292 835 366 859 nec
402 821 494 858 licet
528 823 613 857 Deo
656 833 730 858 nec
770 821 924 858 homini
963 821 1160 870 impedire
1200 821 1321 870 ipsos,
1360 834 1410 858 ne
1455 821 1496 857 in

120 884 251 919 zohoc
298 881 495 929 impleant
544 881 710 916 verbum
757 880 842 926 Dei,
893 889 936 916 ut
988 889 1124 916 currat
1168 879 1319 917 Christi
1362 892 1495 916 sermo

175 940 353 978 liberius.
388 941 494 987 Ergo
526 951 609 975 non
641 938 735 975 licet
760 938 959 987 episcopis
982 938 1023 974 in
1046 939 1121 975 hoc
1145 937 1342 986 impedire
1367 937 1495 975 dictos

174 1001 442 1048 presbyteros.
497 999 575 1034 Rex
619 997 725 1033 enim
776 1009 859 1033 non
896 1006 1053 1033 tantum
1093 996 1326 1033 dominatur
1375 1009 1495 1045 super

175 1058 397 1095 liberorum
442 1054 736 1104 temporalibus
782 1055 894 1103 regni
939 1055 999 1091 sui
1039 1055 1136 1104 quin
1175 1055 1330 1103 possint
1369 1054 1493 1103 gratis

175 1118 272 1154 dare
305 1113 545 1152 elemosinas
578 1113 722 1162 quibus
755 1114 913 1159 volunt3
960 1126 1053 1162 ergo
1089 1114 1216 1150 multo
1252 1113 1377 1162 magis
1411 1113 1493 1162 epi-

120 1176 320 1224 15scopus
353 1186 435 1210 non
468 1172 703 1209 dominatur
744 1181 902 1209 tantum
938 1184 1058 1220 super
1092 1171 1266 1208 sciencia
1304 1171 1493 1220 pauperis

1707 240 1782 287 373

1533 1124 1667 1159 Bishops
1689 1125 1765 1152 have

1550 1167 1589 1186 no
1611 1160 1692 1194 right
1713 1164 1743 1187 to

1519 1200 1645 1229 prex-ent
1665 1195 1777 1233 priests

174 1232 397 1282 presbyteri
431 1241 468 1268 et
501 1231 590 1268 aliis
615 1230 730 1267 donis
754 1230 826 1267 Dei
850 1230 947 1279 quin
979 1230 1107 1280 possit
1139 1230 1264 1267 libere
1298 1243 1342 1267 ex
1374 1230 1493 1267 titulo
1509 1230 1589 1257 from
1613 1230 1786 1265 exercismg

173 1290 393 1341 spiritualis
427 1289 645 1327 elemosine
677 1289 800 1337 gratis
823 1289 975 1338 populo
1008 1288 1232 1338 predicare,
1263 1301 1352 1325 cum
1377 1289 1494 1326 aliter

174 1363 248 1387 nec
292 1353 398 1386 Deus
442 1361 515 1385 nec
561 1360 627 1384 rex
670 1356 802 1396 potest
846 1347 954 1384 licite
999 1347 1096 1384 talia
1140 1347 1349 1396 impedire.
1405 1349 1494 1393 Qua

176 1411 306 1446 fronte
339 1409 506 1445 auderet
528 1405 800 1443 Antichristus
832 1406 901 1443 illa
935 1407 1192 1455 presumere?
1223 1419 1317 1443 nam
1352 1407 1494 1443 fratres

117 1478 160 1499 20
176 1468 355 1505 videntes
384 1478 476 1503 suas
499 1466 655 1502 fabulas
680 1474 717 1501 et
741 1465 963 1501 mulcentes
986 1477 1033 1502 ac
1056 1465 1236 1502 foventes
1259 1474 1494 1514 peccatores

177 1537 214 1564 et
246 1538 338 1563 suas
372 1526 511 1573 culpas
535 1523 671 1561 statim
694 1523 910 1560 licenciam
934 1525 984 1560 ad
1008 1524 1161 1572 populo
1185 1524 1492 1571 predicandum,

175 1586 244 1622 sed
282 1584 373 1621 illos
407 1583 473 1632 qui
512 1583 653 1619 volunt
690 1581 814 1630 gratis
853 1583 949 1619 dare
986 1583 1153 1618 verbum
1195 1582 1494 1630 evangelizandi

175 1644 259 1681 sine
293 1641 598 1680 mendicacione
630 1653 712 1677 non
744 1640 878 1677 sinunt
902 1640 1188 1689 evangelizare.
1224 1642 1343 1687 Quod
1366 1641 1495 1677 oritur

176 1702 339 1739 indubie
363 1714 407 1738 ex
429 1700 622 1737 instinctu
646 1699 818 1745 diaboli;
852 1712 946 1736 nam
976 1699 1218 1747 procuracio
1242 1712 1313 1736 sua
1336 1712 1495 1748 semper

119 1759 158 1791 25
176 1761 283 1798 circa
335 1759 463 1808 magis
508 1757 671 1795 difficile
724 1767 761 1794 et
804 1758 893 1806 plus
939 1757 1260 1806 perturbativum
1315 1758 1493 1804 ecclesie,

175 1819 271 1869 quid
314 1831 412 1866 rogo
457 1817 627 1854 istorum
667 1817 771 1853 foret
810 1815 936 1864 magis
977 1816 1139 1853 difficile
1177 1817 1239 1853 vel
1278 1817 1367 1865 plus
1406 1829 1495 1865 per-

176 1879 357 1914 turbaret
391 1875 602 1913 ecclesiam
636 1877 746 1924 quod
780 1876 970 1912 sacerdos
1004 1874 1154 1912 Christi
1186 1875 1310 1923 gratis
1344 1875 1495 1912 diceret

176 1937 328 1985 populo
376 1936 542 1972 verbum
588 1933 737 1971 Christi
785 1933 870 1970 sine
920 1933 1226 1970 mendicacione
1272 1935 1334 1971 vel
1380 1935 1494 1971 lucro

175 1994 392 2043 temporali
423 1994 485 2030 vel
518 1994 626 2042 quod
664 1993 787 2029 frater
825 1992 1043 2029 seminaret
1082 1993 1235 2041 populo
1274 1992 1417 2029 frivola
1457 2002 1495 2030 et

118 2052 160 2084 30
177 2054 328 2090 mundo
362 2051 570 2101 placencia
603 2064 649 2088 ac
683 2060 773 2100 post
807 2050 1056 2088 mendicaret
1089 2051 1203 2088 avide
1238 2060 1275 2088 et
1307 2064 1378 2100 per
1401 2064 1494 2088 con-

175 2124 345 2160 sequens
390 2111 492 2147 foret
536 2109 741 2147 auditorio
786 2110 1006 2146 onerosus?
1050 2109 1313 2158 Evangelium
1358 2119 1493 2146 autern

176 2169 272 2206 dicit
307 2169 356 2215 (si
388 2170 573 2206 volumus
596 2168 654 2204 illi
679 2169 841 2205 credere
864 2168 1033 2205 Matthei
1056 2170 1125 2214 XO,
1151 2168 1188 2211 8)
1225 2170 1334 2217 quod
1365 2169 1495 2219 gratis

173 2228 386 2278 accepisti8‚
407 2227 536 2278 gratis
559 2228 659 2265 date.
695 2227 796 2263 Cum
821 2235 955 2263 autem
980 2227 1114 2277 iugmn
1142 2227 1289 2263 Christi
1309 2228 1358 2263 sit
1378 2239 1496 2263 suave

174 2295 209 2323 et
252 2298 346 2322 onus
384 2298 494 2322 suum
536 2286 629 2331 leve,
668 2285 806 2334 iugum
847 2294 982 2321 autem
1016 2284 1254 2321 Antichristi
1293 2298 1334 2322 se
1373 2287 1493 2322 habet

118 2344 158 2377 35
175 2344 389 2390 contrarie,
435 2352 546 2393 patet
591 2345 699 2392 quod
744 2343 881 2391 iugum
929 2343 1078 2379 Christi
1124 2344 1293 2380 fratrum
1339 2343 1380 2380 in
1424 2344 1494 2380 tali

175 2402 460 2452 predicacione
493 2402 543 2438 sit
574 2402 779 2439 vinculum
812 2401 1050 2438 Antichristi
1084 2403 1193 2450 quod
1234 2411 1394 2450 satrape
1428 2403 1494 2439 de-

175 2461 280 2510 cepti
312 2461 496 2497 nituntur
528 2469 685 2497 tantum
720 2460 946 2496 defendere.

1546 1264 1644 1293 God's
1665 1265 1748 1300 gifts.

233 2522 275 2556 In
314 2520 390 2555 isto
430 2532 524 2567 ergo
564 2519 736 2556 concilio
769 2520 1032 2555 Terremotus
1073 2520 1259 2555 turbatur
1298 2518 1491 2555 nimirum
1508 2524 1576 2553 The
1597 2525 1679 2552 earth
1706 2525 1783 2552 uake

176 2577 364 2624 ecclesia3
389 2578 562 2626 populus
587 2586 721 2614 autem
746 2576 900 2614 laicalis
926 2586 1163 2614 exoneratus
1187 2577 1494 2614 mendicacione

243 2709 282 2728 12.
304 2701 400 2728 Cod.:
429 2708 489 2727 uon
516 2705 628 2727 tamen.
762 2709 805 2735 ις).
832 2700 1062 2733 Antichristus3
1093 2700 1188 2728 Cod.:
1220 2702 1264 2732 ><S
1286 2710 1317 2725 =
1338 2700 1492 2728 Christus.

172 2743 220 2771 24,
235 2736 276 2763 25.
296 2735 435 2763 Rectius:
462 2735 543 2762 Nam
565 2743 634 2762 cum
654 2735 839 2797 procuracio
861 2743 915 2762 sua
935 2743 1059 2769 semper
1079 2735 1118 2762 sit
1138 2735 1218 2762 circa
1240 2735 1338 2770 magis
1360 2735 1493 2762 difficile.

172 2770 337 2809 26·.C0d·}
366 2770 449 2805 quod
471 2778 556 2805 rogo.
637 2769 651 2797 3
674 2791 680 2797 .
702 2769 797 2797 Cod.:
826 2769 983 2805 accepisti.
1061 2769 1103 2798 35.
1124 2768 1247 2797 Rectius
1268 2770 1298 2797 in
1320 2770 1370 2797 tali
1393 2769 1494 2805 predi-

173 2813 298 2833 cacione
318 2807 458 2832 fratrum.

247 2888 298 2921 33.
326 2888 446 2920 Matth.
475 2888 534 2928 XI,
563 2888 616 2920 30.

1550 2560 1670 2587 couucil
1702 2568 1747 2586 ias

1544 2594 1684 2622 troubled
1707 2595 1756 2621 the

1579 2629 1715 2657 Church.
