1944 3323
211 236 289 280 384
788 243 1010 274 JOHANNIS
1027 243 1211 275 WYCLIF
1230 243 1486 276 SERMONUM
1533 229 1687 288 [SERMO
1709 239 1791 268 XLV

494 348 669 384 neralior
709 361 796 384 cum
837 347 886 383 sit
926 348 1106 384 oracioni
1141 348 1287 384 Christi
1328 348 1497 385 similior
1537 357 1594 385 est
1634 349 1800 386 ecclesie

495 415 531 442 et
564 405 743 454 partibus
778 405 992 453 capacibus
1025 406 1163 454 apcior
1197 406 1289 455 quia
1323 409 1406 443 Deo
1446 406 1669 455 accepcior,
1709 420 1798 443 cum

494 465 598 500 Deus
632 465 719 511 plus
753 462 880 510 diligit
913 476 974 499 res
1008 476 1253 500 communes.
1290 467 1336 501 Et
1369 465 1423 501 sic
1456 464 1531 501 nisi
1553 464 1660 501 varie
1683 464 1801 501 simul

494 521 742 558 illuminatur
776 530 813 558 et
846 523 1133 558 accenderetur
1167 522 1334 559 ecclesia
1367 524 1454 571 plus
1488 524 1695 570 prodesset
1727 522 1801 559 sibi

493 581 647 615 orando
686 580 792 616 nude
821 575 824 631 Ι
855 579 986 615 dicere
1026 580 1257 616 oracionem
1299 580 1558 618 dominicam.
1606 582 1653 616 Et
1692 589 1802 628 patet
1819 560 1898 637 ξὲὲξ,

493 637 646 673 solucio
686 638 734 673 ad
775 637 968 683 obiectus,
1010 637 1279 674 communiter
1311 651 1486 688 namque
1519 638 1800 675 constituendo

493 695 685 742 speciales
719 704 900 731 oratores
934 704 971 732 et
1012 697 1288 744 promovendo
1329 709 1395 733 eos
1434 696 1548 733 aliter
1582 709 1700 745 quam
1744 696 1801 732 lex

494 752 640 790 Christi
660 753 820 790 ordinat
839 762 1029 801 peccatur
1047 754 1218 801 graviter
1241 755 1290 790 ad
1315 754 1612 791 retardaciones
1636 753 1801 790 ecclesie

495 810 717 847 militantis,

969 936 1162 976 SERMO
1195 937 1321 978 XLV.
1821 951 1860 972 10

550 1042 693 1079 Notum
723 1043 834 1092 facio
874 1043 978 1079 vobis
1021 1044 1262 1093 evangelium
1303 1044 1407 1092 quod
1439 1044 1644 1092 predicavi
1686 1044 1799 1080 vobis.

493 1102 525 1136 Ia
562 1102 653 1138 Cor.
686 1102 789 1147 ΧΨ),
831 1114 862 1137 1.

245 1167 387 1206 Meaning
406 1168 454 1211 ofv
551 1162 591 1195 In
631 1159 704 1195 ista
745 1159 912 1207 epistola
945 1159 1161 1207 Apostolus
1194 1158 1362 1195 innuens
1402 1159 1800 1196 commendacionem

229 1203 441 1237 ‚evangelmnr
492 1217 549 1253 sui
581 1217 773 1265 evangelii
803 1217 964 1253 racione
993 1217 1246 1266 quadruplici
1277 1218 1393 1254 docet
1422 1218 1594 1254 fructum
1635 1218 1802 1254 beatitu-

492 1275 595 1311 dinis
635 1287 677 1311 ex
717 1288 762 1311 eo
803 1275 975 1311 finaliter
1013 1277 1353 1324 consequendum.
1399 1275 1655 1323 Evangelium
1696 1276 1799 1312 enim
1823 1278 1858 1309 15

493 1333 637 1370 dicitur
676 1334 725 1369 ab
764 1346 806 1369 en
847 1334 954 1381 quod
993 1342 1049 1369 est
1095 1335 1244 1369 bonum
1291 1343 1327 1369 et
1371 1334 1551 1383 angelum
1596 1334 1800 1377 nuncium,

492 1391 604 1439 quasi
649 1392 798 1427 bonum
844 1390 1048 1433 nuncium,
1100 1404 1172 1428 nec
1227 1391 1344 1427 refert
1392 1391 1472 1427 sive
1516 1391 1802 1439 pronuncietur

492 1449 738 1497 evangelium
791 1461 858 1485 seu
904 1448 1170 1496 euangelium.
1222 1450 1394 1485 Stultum
1442 1449 1602 1497 quidem
1654 1458 1711 1485 est
1755 1450 1802 1485 de

491 1506 900 1555 pronunciacionibus
932 1519 1074 1543 vocum
1110 1515 1263 1543 tantum
1299 1509 1552 1552 contendere,
1587 1515 1629 1543 ut
1652 1507 1691 1543 in
1724 1520 1802 1544 una

492 1564 627 1613 lingua
672 1566 810 1601 eadem
857 1564 1061 1601 sentencia
1105 1565 1306 1613 profertur
1350 1565 1456 1601 varie
1501 1565 1541 1601 in
1572 1566 1720 1602 Austro
1765 1574 1801 1601 et
1819 1577 1859 1597 20

492 1623 629 1664 Boria:
669 1635 742 1659 nec
782 1631 839 1660 est
871 1631 1026 1659 tantum
1067 1632 1364 1659 sacramentum
1398 1623 1438 1659 in
1470 1622 1686 1659 sonacione
1718 1635 1801 1659 ver—

492 1683 634 1717 borum
668 1681 801 1729 lingue
833 1681 967 1727 latine,
993 1689 1029 1716 et
1057 1680 1113 1717 sie
1136 1682 1243 1729 quod
1272 1689 1431 1717 maneat
1455 1689 1562 1717 recta
1584 1681 1800 1718 sentencia.

280 1747 399 1786 Anthe
491 1741 539 1775 Et
578 1747 687 1787 patet
732 1739 790 1787 (ut
833 1751 926 1787 sepe
965 1739 1130 1785 asserui)
1174 1740 1280 1787 quod
1320 1751 1458 1775 omnes
1496 1739 1801 1787 quatuordecim

222 1783 453 1852 Wffffsffgtsossfay
492 1796 659 1845 epistole
683 1797 793 1833 Pauli
819 1806 855 1833 et
878 1796 953 1833 alie
988 1796 1180 1833 canonice
1214 1809 1303 1833 cum
1337 1797 1491 1834 actibus
1524 1798 1800 1845 apostolorum

219 1852 254 1878 be
274 1852 403 1921 ngpgff
425 1860 458 1878 ²¹⁵
490 1864 527 1891 et
551 1863 723 1903 quatuor
756 1854 866 1891 libris
900 1854 1197 1903 evangeliorum
1231 1855 1477 1902 evangelium
1511 1864 1676 1903 possunt
1709 1855 1799 1891 dici.
1820 1855 1857 1886 25

332 1908 340 1913 .
400 1907 405 1912 ’
491 1913 530 1949 Si
554 1922 687 1949 autem
719 1913 807 1961 plus
840 1912 1079 1961 amplicetur
1110 1912 1318 1958 terminus,
1351 1925 1432 1949 non
1465 1914 1678 1949 contendo.
1712 1915 1800 1949 Non

491 1970 595 2007 enim
631 1979 687 2007 est
721 1970 829 2007 racio
863 1983 986 2019 quare
1019 1970 1093 2006 ista
1128 1970 1297 2018 epistola
1332 1970 1442 2007 Pauli
1476 1979 1512 2006 et
1547 1970 1716 2018 epistola
1749 1972 1799 2006 ad

491 2029 652 2065 Galatas
698 2028 747 2064 sit
792 2028 1055 2076 evangelium,
1101 2037 1143 2064 ut
1191 2037 1247 2064 est
1287 2041 1330 2064 ex
1372 2028 1449 2064 fide
1488 2030 1662 2074 credere,
1704 2028 1799 2076 quin

490 2099 560 2135 per
593 2086 698 2122 idem
734 2094 770 2122 et
803 2086 881 2122 alia
914 2086 1064 2134 scripta
1097 2087 1390 2134 apostolorum.

202 2152 294 2191 Gseat
315 2152 468 2187 authority
547 2146 647 2181 Cum
687 2153 821 2180 autem
861 2143 1079 2180 auctoritas
1118 2143 1286 2180 dicentis
1326 2144 1495 2180 multum
1542 2145 1798 2179 commendat
1816 2144 1857 2176 30

206 2188 462 2257 Οῒικῖςνῐῖηξᾶζὲζῃῗὸ
488 2202 691 2248 nunciata,
726 2211 834 2250 patet
867 2203 974 2250 quod
1008 2214 1051 2238 ex
1084 2211 1201 2249 raptu
1235 2201 1345 2238 Pauli
1385 2203 1434 2238 ad
1467 2200 1634 2238 tercium
1670 2202 1796 2237 celum

260 2257 411 2318 ἰζζξχᾞξθ
492 2259 547 2305 (in
587 2273 666 2308 quo
705 2259 855 2296 audivit
895 2260 1070 2296 archana
1108 2261 1240 2305 verba,
1282 2272 1357 2308 que
1395 2272 1476 2295 non
1514 2258 1606 2295 licet
1646 2258 1798 2295 homini

313 2311 318 2318 ¹
393 2313 398 2317 ’
489 2318 612 2366 loqui)
643 2331 732 2354 cum
764 2317 999 2354 excellencia
1028 2330 1096 2353 sue
1126 2316 1444 2354 conversacionis
1474 2315 1692 2353 rectissime
1716 2325 1795 2352 tam

490 2388 532 2411 ex
565 2377 647 2412 Deo
680 2375 719 2412 in
753 2376 876 2412 Paulo
909 2376 1073 2411 tubante
1106 2388 1225 2423 quarn
1260 2387 1303 2411 ex
1335 2387 1426 2411 vase
1458 2376 1621 2411 verbum
1654 2374 1798 2410 sancti-

490 2433 634 2470 ficante
666 2433 715 2469 sit
748 2434 823 2470 hoc
856 2433 1104 2481 evangelium
1138 2432 1325 2469 devocius
1357 2433 1664 2481 acceptandum.
1705 2433 1796 2467 Ideo
1813 2433 1853 2466 35

489 2491 603 2528 dicit:
629 2492 771 2527 Notum
802 2491 1029 2540 vobissacio
1058 2491 1299 2541 evangelimn
1328 2491 1429 2539 quod
1451 2490 1657 2540 predicavi
1679 2490 1794 2526 vobis.

557 2668 594 2688 12.
616 2660 711 2688 Cod.:
731 2660 759 2687 1¹⁸
779 2660 850 2688 Cor.
871 2661 937 2687 1110.
1018 2660 1058 2688 18.
1079 2660 1221 2696 quidemn
1248 2659 1333 2687 cod.:
1362 2659 1483 2695 quidest
1503 2663 1557 2686 est.
1631 2666 1677 2691 24.
1699 2658 1793 2686 Cod.:

488 2695 543 2723 alie
564 2704 579 2722 a
600 2695 753 2722 canonice.
828 2695 871 2722 28.
894 2695 988 2722 Cod.:
1018 2695 1154 2722 Galatos.
1228 2693 1267 2722 31.
1289 2694 1383 2722 Cod.:
1412 2693 1546 2721 nunciat.

563 2825 611 2846 10.
646 2813 828 2845 Dominica
861 2813 1045 2845 undecima
1077 2821 1158 2856 post
1186 2812 1406 2844 Trinitatem.
1446 2812 1497 2843 Cf.
1525 2809 1683 2853 Wyclif's
1716 2812 1793 2841 Ser-

489 2871 600 2900 mons,
628 2861 681 2892 ed.
709 2860 753 2902 by
779 2860 924 2899 Arnold,
950 2860 989 2900 11,
1014 2870 1092 2902 pag.
1121 2858 1312 2902 339—341.
