1944 3323
198 205 274 254 378
776 213 999 244 ,IOHANNIS
1020 214 1202 246 WYCLlF
1222 215 1476 247 SERMONUM
1509 201 1660 259 [SERMO
1683 214 1787 241 κων.

194 330 416 368 humane-ration
436 331 470 357 ot·
539 321 628 367 Alii,
662 321 803 369 inquit,
834 333 907 369 per
939 321 1127 370 Spiritum
1161 322 1279 357 datur
1309 334 1437 358 sermo
1468 324 1667 372 sapiencie.
1715 327 1788 361 Iste

210 365 259 392 ΗΝ
281 373 349 391 ¹¹¹¹¹⁰
370 369 454 399 ‘'⁴¹¹³“
482 388 615 415 autem
670 380 815 426 gradus
867 388 1077 427 tamquam
1131 380 1348 416 altissimus
1400 380 1560 429 attingit
1612 381 1786 418 divinam

480 436 670 474 noticiam
719 445 755 473 et
799 436 925 473 alcius
964 436 1097 484 dirigit
1137 438 1346 475 ecclesiam
1388 438 1626 476 militantem
1666 453 1788 488 quare

482 504 519 531 et
552 507 630 543 qua
663 493 825 531 racione
858 496 974 531 debet
1007 497 1238 543 procedere.
1285 498 1470 533 Secundo
1504 506 1637 534 autem
1671 499 1788 534 datur

480 554 547 589 alii
591 553 773 589 membro
818 552 984 590 ecclesie
1027 566 1154 589 sermo
1191 555 1350 591 sciencie
1385 556 1590 591 secundum
1629 557 1820 593 eundenzS

481 611 682 660 Spiritum,
727 623 816 647 cum
863 611 1037 659 apostoli
1082 611 1293 648 habuerint
1336 612 1529 650 noticiam
1573 613 1786 651 veritatum

482 668 572 705 fidei
606 670 656 705 ad
689 668 899 705 ecclesiam
934 670 1011 705 alte
1044 678 1081 705 et
1104 670 1361 707 fundabiliter
1384 671 1677 709 instruendum.
1712 673 1787 720 Ipsi

480 736 614 763 autem
649 736 685 763 et
719 727 962 775 posteriores
996 740 1133 764 eorum
1167 727 1304 764 vicarii
1338 730 1562 766 habuerunt
1595 730 1786 767 noticiam

481 785 702 821 bassiorem
751 786 799 821 ad
849 785 1017 822 consilia
1066 794 1103 822 et
1147 798 1271 834 opera
1315 787 1576 834 particularia
1622 789 1787 825 ecclesie

481 843 701 890 dirigenda.
1805 860 1844 882 10

537 901 680 938 Tercio
704 903 820 938 datur
840 902 946 951 fides
977 902 1104 949 alteri,
1135 902 1229 951 quia
1252 902 1490 950 generaliter
1512 903 1621 951 prius
1644 913 1787 941 natura

479 960 539 995 vel
578 969 760 1007 tempore
793 959 998 1007 cognoscit
1030 959 1160 996 viator
1197 959 1384 997 veritates
1424 960 1529 1007 fidei,
1570 971 1785 1010 antequam

481 1018 564 1065 ipse
604 1017 691 1054 illas
731 1027 949 1066 cognoscat
988 1031 1058 1066 per
1096 1018 1328 1055 interiorem
1369 1019 1685 1056 illustracionem
1726 1021 1787 1057 vel

480 1089 502 1112 a
532 1076 743 1123 posteriori
777 1075 1146 1122 demonstracione3
1179 1076 1269 1113 ideo
1303 1077 1408 1113 istud
1442 1078 1592 1114 donum
1616 1077 1785 1115 tercium

481 1143 640 1182 oportet
685 1147 913 1182 supponere
958 1143 1167 1182 tamquam
1212 1135 1299 1171 aliis
1339 1135 1659 1172 fundamentum.
1705 1139 1840 1174 Nec15

481 1192 644 1228 dubium
686 1192 781 1240 quin
819 1193 865 1228 ab
906 1205 978 1228 uno
1017 1194 1223 1242 eodemque
1254 1193 1400 1242 Spiritu
1440 1193 1568 1230 eidem
1604 1195 1785 1230 membro

480 1250 646 1287 ecclesie
678 1251 781 1287 istud
816 1250 957 1287 evenit.

539 1311 692 1354 Quarto
726 1309 819 1357 quia
861 1308 1053 1344 miracula
1092 1308 1294 1345 sensibilia
1335 1318 1371 1345 et
1411 1309 1639 1357 specialiter
1679 1309 1786 1346 circa

480 1366 670 1403 sanitates
711 1367 918 1402 hominum
958 1366 1163 1403 affectatas
1203 1367 1430 1403 confortant
1469 1376 1506 1403 et
1545 1367 1786 1404 confirmant

482 1426 598 1460 rudes
642 1425 822 1471 ecclesie,
876 1424 966 1461 ideo
1011 1424 1106 1460 dicit
1152 1426 1296 1461 Paulus
1342 1427 1449 1473 quod
1493 1426 1562 1461 alii
1605 1427 1785 1462 membro
1805 1442 1844 1463 20

481 1483 645 1519 ecclesie
684 1484 802 1518 datm·
831 1483 971 1533 gracia
999 1483 1179 1531 jaciendi
1215 1483 1253 1518 in
1293 1483 1474 1530 proximo
1513 1485 1706 1527 sanitates,
1745 1493 1785 1519 ut

482 1540 661 1577 Christus
696 1541 880 1588 promisit
913 1540 1078 1577 Matthci
1112 1541 1254 1577 ultimo
1288 1550 1323 1577 et
1358 1541 1485 1589 patuit
1519 1543 1566 1577 de
1601 1544 1716 1578 Petro
1750 1551 1785 1578 et

483 1599 606 1635 Paulo
651 1599 844 1647 apostolis
889 1612 978 1635 cum
1026 1599 1160 1635 multis
1200 1599 1300 1644 aliis,
1342 1608 1383 1635 ut
1423 1608 1532 1648 patet
1564 1601 1637 1636 Act
1644 1629 1784 1636 .....

482 1666 518 1693 ct
552 1659 707 1694 XXVIs‘.

541 1715 689 1760 Quinto
724 1716 840 1751 datm·
871 1716 939 1751 alii
977 1716 1157 1750 membro
1197 1715 1362 1752 ecclesie
1395 1717 1572 1765 operacio
1607 1717 1845 1753 virlzttzmzzb

482 1773 785 1809 ostendencium
820 1773 859 1809 in
893 1773 1044 1821 populo
1079 1772 1149 1809 Dei
1183 1773 1410 1820 potenciam
1444 1784 1481 1810 et
1514 1774 1713 1815 virtutem,
1748 1783 1789 1810 ut

484 1831 678 1879 contingit
727 1833 774 1867 de
821 1831 1000 1868 stacione
1046 1830 1140 1866 solis
1183 1833 1302 1867 Josue
1348 1841 1383 1868 et
1429 1832 1622 1869 divisione
1669 1833 1789 1868 maris

484 1891 591 1925 Exod
599 1919 739 1926 .....
776 1902 864 1925 cum
900 1890 954 1925 eis
986 1888 1202 1929 similibus2
1236 1889 1343 1925 aliud
1377 1890 1481 1926 enim
1516 1900 1573 1926 est
1598 1891 1790 1927 miracula

485 1947 588 1995 plebi
622 1948 752 1984 facere
786 1957 822 1983 et
855 1947 962 1984 aliud
986 1946 1150 1982 virtutes
1174 1947 1244 1983 Dei
1270 1947 1307 1983 in
1331 1947 1408 1984 illis
1442 1950 1662 1994 ostendere,
1698 1962 1787 1985 cum

485 2005 662 2041 infideles
697 2005 891 2042 miracula
925 2014 1091 2053 possunt
1125 2018 1286 2041 cernere
1320 2014 1356 2042 et
1388 2015 1523 2043 tamen
1548 2006 1786 2043 discredere.
1804 2011 1846 2043 30

542 2064 658 2099 Sexto
708 2064 824 2099 datm·
870 2064 938 2099 alii
985 2064 1165 2099 membro
1214 2063 1379 2100 ecclesie
1425 2064 1653 2114 prophecia,
1698 2078 1786 2101 cum

484 2121 656 2169 apostoli
692 2123 916 2158 habuerunt
950 2121 1157 2170 prophetis
1190 2121 1286 2169 legis
1320 2122 1463 2158 veteris
1489 2122 1680 2159 maiorem
1707 2136 1788 2160 cer-

484 2179 695 2215 titudinem
722 2179 952 2227 prophecie,
978 2188 1013 2215 et
1036 2192 1109 2215 nos
1133 2180 1199 2227 qui
1223 2180 1372 2228 scripta
1396 2192 1533 2216 eorum
1560 2190 1789 2217 constanter

484 2236 696 2283 credimus,
738 2238 930 2274 habemus
964 2237 1055 2274 licet
1087 2237 1291 2274 remissius
1329 2237 1514 2285 spiritum
1558 2239 1788 2287 prophecie,

485 2308 575 2331 cum
609 2294 683 2331 ista
717 2308 791 2343 que
830 2305 921 2332 sunt
960 2297 1101 2344 procul
1135 2308 1155 2332 a
1190 2296 1339 2343 populo
1372 2304 1451 2332 tam
1487 2297 1637 2333 noticia
1670 2310 1789 2344 quam
1807 2300 1845 2332 35

486 2362 668 2400 tempore
702 2354 956 2390 constancius
990 2353 1267 2402 predicamus3
1301 2363 1338 2390 et
1372 2354 1439 2390 illa
1474 2364 1530 2390 est
1564 2354 1789 2391 necessaria

484 2412 534 2447 ad
568 2410 857 2458 providendum
899 2425 972 2460 pro
1012 2411 1201 2460 periculis
1241 2412 1382 2448 futuris
1415 2412 1582 2449 ecclesie
1614 2414 1664 2449 ad
1698 2425 1788 2460 cog-

482 2470 731 2505 noscendum
757 2469 828 2505 Dei
856 2470 1049 2506 noticiam
1075 2478 1111 2506 et
1135 2471 1183 2506 ad
1209 2469 1455 2517 diligendum
1482 2470 1564 2506 eius
1587 2471 1786 2506 salubrem

483 2526 834 2574 gubernacionem.

483 2673 489 2699 l
552 2646 585 2664 11.
607 2637 701 2665 Cod.:
729 2638 841 2665 fideles.
922 2637 962 2665 23.
984 2639 1069 2666 Act.:
1098 2638 1236 2674 sequitur
1255 2639 1372 2666 lacuna.
1446 2638 1490 2666 28.
1510 2638 1625 2666 Exod.:
1653 2639 1789 2671 sequitur

494 2680 600 2699 acuna.

557 2754 584 2783 Ι,
612 2745 642 2784 5,
672 2755 721 2775 11.
755 2745 778 2775 Ι.
807 2744 886 2776 Cor.
914 2745 986 2784 XII,
1013 2756 1043 2784 7,
1069 2743 1100 2775 8.
1134 2744 1186 2776 Cf.
1213 2744 1384 2776 lobannis
1405 2744 1544 2787 Wyffif,
1571 2746 1620 2776 De
1646 2747 1788 2786 Septem

487 2791 600 2867 [ἰέηέιί
612 2791 759 2867 Spirit2u53
777 2791 904 2869 ὲέεῐηεξίϋ,
924 2791 996 2868 ΡΙοΟΙ.
1010 2791 1147 2830 Works,
1166 2792 1188 2832 Ι,
1207 2801 1283 2833 pag.
1302 2791 1375 2827 208.
1460 2790 1509 2822 16.
1529 2792 1552 2826 Ι.
1570 2792 1647 2823 Cor.
1666 2792 1739 2830 XII,
1754 2801 1784 2833 9.
