1944 3323
134 263 270 292 samio
292 251 385 310 Lm]
626 267 799 299 TERTm
827 267 953 299 PARS.

190 374 366 410 Virtutes
400 383 533 410 autem
559 373 786 410 cardinales
818 374 1081 410 nominantur
1112 374 1305 411 famosius
1339 375 1448 411 iusti—

133 433 206 471 cia.
242 432 475 480 prudencia,
510 431 704 468 fortitudo
739 441 775 468 et
799 433 1088 480 temperancia.
1122 433 1289 469 Justicia
1312 443 1446 469 autem

133 489 410 538 descripcione
455 490 605 537 duplici
649 490 801 526 scilicet
848 491 1045 527 materiali
1095 500 1132 527 et
1182 491 1341 528 formali
1382 493 1447 528 de-

132 548 333 585 scribitur.
374 547 638 585 Materialiter
671 557 805 585 autem
841 549 987 585 dicitur
1020 549 1236 598 unicuique
1270 550 1447 586 tribuere

99 608 239 654 §quod
278 619 395 642 suum
435 615 506 651 est,
541 608 648 655 quod
683 607 986 644 antonomatice
1020 607 1094 643 soli
1128 611 1211 644 Deo
1246 608 1444 654 convenit,

132 677 222 701 cum
264 665 372 701 solus
412 664 495 713 ipse
534 665 590 701 sic
629 674 761 713 potest
801 665 933 701 debite
966 665 1132 713 singulis
1165 676 1247 703 tam
1283 667 1446 715 largiter

130 722 341 771 impertiri,
384 731 420 759 et
461 736 551 759 cum
592 723 632 759 in
671 736 718 759 eo
757 737 838 760 non
877 724 926 759 sit
966 724 1125 761 habitus
1159 725 1372 762 distinctus
1406 725 1444 760 in

129 794 201 817 sua
253 781 444 827 essencia,
498 790 608 829 patet
656 783 764 830 quod
813 782 993 818 essencia
1041 783 1176 820 divina
1223 783 1272 819 sit
1320 784 1445 819 virtus

130 838 286 876 iusticie
321 848 358 875 et
391 852 461 887 per
494 852 746 888 consequens
781 840 911 888 prima
944 840 1115 877 iusticia.

76 909 114 930 10
187 897 377 934 Obiciunt
424 907 558 934 autem
605 898 786 946 sophiste
834 907 975 935 contra
1023 898 1141 936 istam
1196 899 1441 935 sentenciam

130 955 258 1002 prime
290 955 460 1001 iusticie,
495 958 718 993 secundum
755 958 863 1004 quod
895 970 975 993 non
1009 957 1194 993 attribuit
1227 957 1444 1006 unicuique

128 1016 235 1061 quod
282 1023 339 1050 est
378 1027 509 1061 suum,
556 1027 645 1051 cum
688 1015 802 1051 multi
844 1015 1028 1052 homines
1067 1017 1117 1052 ad
1157 1024 1313 1052 tantum
1354 1025 1445 1051 sunt

127 1072 307 1109 frustrati
347 1085 368 1108 a
407 1085 480 1108 suo
519 1073 655 1110 debito
689 1074 797 1121 quod
831 1083 968 1110 carent
1000 1074 1069 1110 illo
1102 1075 1323 1111 secundum
1357 1086 1446 1122 per-

127 1140 268 1178 petuas
301 1130 482 1176 iniurias,
524 1141 567 1168 ut
600 1140 711 1179 patet
745 1133 793 1167 de
828 1132 962 1168 multis
996 1133 1153 1169 casibus
1186 1132 1227 1168 in
1259 1132 1446 1169 humanis

74 1188 294 1236 15legibus‚
335 1190 404 1225 sed
443 1189 571 1226 sciant
609 1190 759 1237 garruli
793 1192 902 1238 quod
936 1192 1158 1227 secundum
1191 1200 1319 1227 artem
1353 1204 1446 1239 pro-

126 1246 257 1294 priam
302 1256 394 1283 sunt
439 1248 480 1284 in
519 1248 589 1284 illa
628 1248 792 1295 argucia
838 1248 1038 1297 superati3
1083 1262 1177 1285 nam
1223 1251 1443 1286 secundum

126 1305 323 1354 principia
359 1305 451 1342 fidei
484 1309 591 1343 Deus
624 1306 765 1342 tribuit
800 1320 873 1354 pro
906 1320 979 1343 suo
1011 1316 1195 1356 tempore
1228 1307 1446 1356 unicuique

126 1365 348 1412 dampnato
376 1365 437 1400 vel
470 1365 636 1409 salvato,
670 1377 808 1412 ymmo
840 1365 1004 1402 cuilibet
1036 1366 1244 1402 individuo
1277 1365 1442 1403 unitatis

125 1430 258 1458 create
291 1422 484 1471 quicquid
523 1422 730 1469 habuerit3
777 1437 867 1459 cum
906 1436 1000 1471 ergo
1034 1424 1210 1472 quelibet
1251 1437 1312 1460 res
1352 1425 1443 1461 talis

68 1480 332 1517 2oi11dividua
379 1482 498 1517 habet
547 1482 686 1525 multa,
740 1490 848 1529 patet
894 1484 1002 1530 quod
1051 1483 1214 1519 cuilibet
1261 1492 1443 1519 creature

126 1538 266 1575 tribuit
305 1538 458 1587 aliquid
491 1541 598 1588 quod
639 1548 696 1576 est
735 1552 866 1576 suum.
914 1541 1011 1586 Quis
1052 1540 1157 1577 enim
1200 1543 1443 1589 dampnatus

127 1598 246 1634 habet
280 1610 348 1633 cor
381 1598 441 1633 vel
480 1598 658 1634 animam
698 1599 760 1634 vel
800 1598 922 1634 aliam
961 1608 1118 1647 partem
1162 1599 1346 1647 corporis
1384 1601 1444 1636 vel

125 1657 397 1704 quodcunque
421 1656 608 1692 accidens
632 1655 717 1692 sine
749 1656 863 1704 ipso?
896 1658 975 1693 Sed
1009 1657 1177 1694 ulterius
1212 1659 1444 1694 accedendo

125 1715 175 1750 ad
215 1714 380 1750 dubium
421 1714 694 1762 sophistarum
735 1715 918 1763 queritur
957 1715 988 1750 si
1035 1718 1140 1751 Deus
1180 1716 1319 1752 tribuit
1359 1717 1444 1752 uni-

69 1773 108 1805 25
125 1771 268 1820 cuique
307 1781 490 1808 creature
529 1774 638 1821 quod
679 1782 736 1808 est
777 1786 915 1817 suum;
962 1783 999 1809 et
1044 1783 1155 1821 patet
1196 1787 1239 1810 ex
1279 1774 1444 1822 propria

124 1839 209 1866 arte
241 1830 515 1879 sophistarum
550 1832 626 1867 hoc
659 1843 744 1867 esse
777 1843 913 1867 verum
956 1841 997 1867 ut
1036 1831 1233 1879 primum;
1278 1846 1370 1869 nam
1413 1833 1443 1869 si

124 1888 279 1936 aliquid
324 1889 374 1924 sit
418 1902 550 1934 suum,
595 1901 766 1937 sequens
806 1898 864 1925 est
904 1891 1013 1938 quod
1057 1890 1154 1926 illud
1195 1891 1355 1936 habeat,
1403 1900 1444 1927 ut

124 1955 236 1994 patet
280 1960 323 1983 ex
361 1947 397 1983 vi
437 1947 758 1984 construccionis
804 1948 1066 1995 possessor-ie,
1113 1958 1149 1984 et
1191 1950 1298 1997 quod
1340 1951 1444 1986 Deus

125 2004 223 2040 illud
255 2005 329 2041 sibi
363 2005 558 2045 attribuit,
594 2014 631 2042 et
664 2018 734 2054 per
767 2018 1018 2054 consequens
1051 2007 1227 2055 quelibet
1261 2017 1444 2044 creatura

67 2064 109 2095 30
126 2064 244 2099 habet
279 2062 475 2112 quidlibet
508 2065 617 2112 quod
651 2073 709 2100 est
741 2077 870 2101 suum.
912 2066 990 2101 Sed
1024 2065 1150 2102 tercio
1182 2075 1349 2113 gravant
1382 2079 1444 2102 so-

125 2120 256 2169 phiste
279 2121 311 2157 si
335 2122 511 2169 quelibet
535 2135 596 2158 res
630 2123 776 2158 habeat
810 2122 1006 2171 quidlibet
1040 2125 1149 2172 quod
1182 2125 1326 2160 debeat
1360 2137 1444 2161 esse

124 2192 254 2223 suum,
301 2187 339 2215 et
377 2179 534 2216 videtur
573 2181 682 2228 quod
722 2193 817 2226 non,
859 2181 953 2229 quia
992 2182 1069 2218 hoe
1111 2183 1206 2218 dato
1245 2195 1320 2219 nec
1360 2185 1443 2219 Deo

124 2249 197 2273 nec
242 2237 396 2274 homini
442 2238 556 2274 fieret
600 2237 748 2274 iniuria
787 2248 930 2275 contra
969 2241 1078 2288 quod
1119 2240 1267 2277 clamat
1307 2242 1443 2289 patule

123 2304 232 2331 totus
265 2297 450 2332 mundus.
486 2297 563 2333 Sed
587 2305 782 2345 quantum
818 2298 868 2333 ad
901 2297 1001 2334 illud
1034 2297 1203 2334 tercium
1238 2298 1441 2336 obiectum

67 2355 105 2387 35
123 2353 388 2401 sophisticum
422 2356 665 2403 respondeo,
699 2356 961 2392 concedendo
1001 2358 1110 2404 quod
1149 2357 1281 2393 omnis
1320 2358 1442 2394 homo

123 2420 161 2447 et
210 2424 280 2459 per
328 2424 578 2461 consequens
624 2413 802 2461 quelibet
847 2423 1034 2450 creatura
1079 2415 1200 2450 habet
1245 2415 1441 2464 quidlibet

123 2471 230 2518 quod
271 2471 414 2507 debeat
459 2483 542 2507 esse
586 2484 722 2516 suum3
769 2473 964 2519 probatur
1003 2473 1051 2508 de
1090 2472 1254 2509 homine
1295 2474 1356 2509 cui
1399 2474 1441 2510 fit

123 2536 316 2575 perpetua
355 2528 516 2573 iniuria,
562 2528 602 2565 in
641 2542 721 2578 quo
761 2541 855 2565 casu
895 2529 1105 2577 potissime
1145 2531 1234 2579 capi
1279 2533 1441 2568 deberet

123 2585 334 2631 instancia,
369 2595 411 2622 ut
434 2596 531 2634 puta
555 2589 663 2635 quod
688 2588 836 2624 habere
861 2589 1022 2624 deberet
1055 2588 1141 2625 iure
1175 2589 1440 2626 hereditatem

63 2656 106 2685 40
123 2644 183 2679 vel
216 2643 382 2692 aliquod
415 2646 641 2692 temporale
675 2654 916 2682 convocaret
950 2656 1159 2694 perpetuo,
1194 2656 1236 2683 ut
1270 2647 1440 2684 beatitu-

123 2701 256 2738 dinem
292 2711 529 2750 perpetuam
564 2712 633 2739 aut
655 2702 822 2740 virtutes
846 2704 906 2740 vel
932 2704 1062 2741 media
1087 2706 1136 2741 ad
1160 2705 1269 2742 illam
1295 2706 1439 2755 quibus

188 2834 213 2873 3.-
230 2835 324 2874 Cod3:
347 2836 563 2871 discripcionc.
622 2846 661 2865 10.
679 2838 775 2865 Cod.:
796 2842 896 2865 autem
914 2839 1009 2865 solli‘e
1023 2850 1062 2865 i:
1079 2839 1227 2866 sollicitet.
1285 2848 1326 2872 14.
1343 2839 1438 2867 (ἐθὰς

119 2870 384 2931 ἷξπὺιὲΙῘῑιῗεξτιηὼυε.
486 2870 530 2898 3ο.
552 2877 698 2907 gravatim
721 2873 849 2899 rectius:
871 2878 1014 2907 querunt.
1112 2873 1150 2901 31.
1174 2874 1269 2901 Cod:
1293 2874 1344 2900 sed
1366 2882 1438 2909 que-

1657 261 1737 307 457

1526 381 1593 411 The
1615 385 1683 411 sous

1535 419 1605 456 card
1613 420 1617 445 i
1624 420 1669 446 nal

1535 458 1650 480 virtues
1661 464 1666 481 :

1516 566 1535 584 1.
1557 557 1681 585 Justice.

1507 592 1574 619 God
1598 593 1623 619 is
1645 594 1695 620 the

1475 627 1584 662 prima!
1607 627 1724 662 justice⁴

1467 906 1612 940 Sophists
1633 907 1733 936 object

1474 941 1538 968 Ibat
1559 942 1627 969 (iod
1651 942 1725 969 does

1473 980 1525 1003 not
1545 977 1615 1008 give
1636 985 1727 1012 every

1468 1019 1537 1037 man
1560 1012 1597 1039 all
1619 1012 1683 1039 that
1704 1013 1732 1039 is

1497 1046 1555 1073 due
1576 1051 1606 1073 to
1627 1047 1702 1074 him,

1493 1431 1542 1458 All
1564 1431 1629 1458 that
1649 1440 1708 1466 any

1467 1474 1535 1492 maii
1554 1466 1608 1493 lias
1623 1474 1728 1493 comes

1509 1502 1587 1528 from
1611 1501 1691 1528 God.

1527 2420 1669 2447 XVorldlx'

1476 2455 1618 2485 injustice
1639 2452 1713 2482 does

1470 2495 1522 2517 not
1543 2498 1637 2525 prove
1659 2490 1721 2517 that

1466 2534 1482 2550 a
1504 2533 1573 2552 man
1597 2525 1650 2551 lias
1672 2530 1724 2551 not

1470 2561 1560 2596 really
1583 2560 1630 2586 liis
1651 2559 1718 2586 due.
