1944 3323
114 904 151 924 ¹0

112 1185 147 1217 15

105 1769 143 1800 25

102 2086 115 2092 ι

123 2071 144 2091 0

171 251 307 281 semo
329 240 395 298 L1.]
659 254 833 286 TERTm
863 255 988 286 PARS.

1696 248 1774 294 443

229 366 309 399 Nec
343 364 455 400 obest
495 365 563 400 sed
604 363 789 411 congruit
823 365 931 412 quod
975 364 1089 399 multi
1131 364 1266 400 fideles
1308 363 1408 399 uniti
1448 365 1487 400 in
1503 369 1775 398 The-faitln‘ulare

171 422 455 458 conformitate
498 421 587 458 fidei
628 421 706 458 sint
745 431 826 458 tam
869 435 993 458 unum
1036 435 1182 470 corpus
1222 435 1343 470 quam
1387 436 1487 458 unus

169 480 346 527 spiritus,
364 493 454 516 cum
471 480 604 518 omnis
628 481 750 516 homo
774 481 823 516 sit
847 482 1017 517 duarum
1043 490 1278 517 naturarum
1303 489 1486 529 utraque,

170 548 206 574 et
251 539 391 575 localis
431 538 628 575 distancia
666 552 749 574 non
789 539 957 587 impedit
1003 539 1233 575 huiusmodi
1282 539 1486 575 unionem.

168 598 347 633 Moverct
394 606 527 633 autem
577 598 626 633 ad
674 598 794 634 talem
850 597 1039 634 unionem
1089 597 1323 646 quintuplex
1377 597 1486 634 racio

169 655 367 692 unitatum
414 664 554 692 contra
593 655 823 704 quinarium
869 657 1088 705 superbum
1135 665 1368 693 causantem
1410 656 1486 692 cir-

168 714 358 750 culariter
391 713 643 750 divisionem.

227 771 360 808 Prima
394 785 487 819 ergo
521 781 578 808 est
615 772 745 809 unitas
777 773 860 820 spei
897 786 972 821 que
1007 774 1125 809 habet
1150 773 1255 809 idem
1281 773 1484 809 obiectum

166 830 227 865 vel
274 830 491 866 terminum
537 832 587 866 ad
619 827 745 879 'quem
787 831 925 867 omnia
967 832 1147 868 membra
1189 831 1356 868 ecclesie
1395 841 1486 867 sunt

166 898 322 925 vocata.
371 890 463 925 Ideo
509 888 606 925 dicit
646 890 884 937 Apostolus:
927 890 1005 925 Sed
1044 890 1171 925 vocati
1206 890 1296 926 estis
1335 890 1371 925 in
1411 903 1484 925 una

165 959 232 995 spe
272 948 487 983 vocacionis
526 955 664 993 vestre,
704 947 818 996 quasi
864 947 1032 984 diceret:
1079 948 1190 984 Sicut
1235 949 1274 984 in
1313 947 1485 984 termino

165 1006 214 1040 ad
255 1018 388 1053 quem,
430 1005 582 1042 scilicet
623 1006 662 1042 in
702 1006 951 1042 beatitudine
992 1007 1121 1054 patrie
1161 1006 1270 1042 eritis
1310 1006 1485 1054 perfecte

166 1076 266 1099 unus
290 1065 427 1105 homo,
458 1064 514 1100 sic
538 1064 692 1100 debetis
716 1065 756 1100 in
780 1065 840 1101 via
865 1066 1028 1101 tendere
1051 1066 1101 1101 ad
1126 1064 1482 1113 proporcionalem

164 1122 371 1163 unionem,
408 1135 497 1158 cum
534 1122 622 1159 finis
658 1124 775 1159 debet
808 1123 961 1159 intendi
996 1132 1032 1159 et
1067 1123 1229 1171 figurari
1263 1123 1302 1159 in
1327 1122 1482 1159 mediis.

222 1181 410 1217 Secunda
448 1181 582 1218 unitas
622 1190 679 1218 est
720 1181 758 1218 in
798 1181 1048 1218 beatitudine
1082 1181 1281 1218 obiectiva
1313 1194 1390 1230 que
1424 1194 1482 1218 re-

163 1239 286 1287 quirit
330 1239 526 1275 unitatem
567 1239 607 1276 in
645 1253 716 1276 sua
755 1240 922 1276 familia.
970 1242 1062 1277 Ideo
1108 1239 1205 1276 dicit
1243 1241 1482 1288 Apostolus:

168 1298 273 1333 Unus
305 1298 502 1343 dominus;
546 1307 582 1334 et
623 1311 711 1334 curn
753 1298 818 1335 ille
853 1298 1041 1335 dominus
1074 1298 1124 1335 sit
1156 1301 1267 1335 Jesus
1301 1298 1483 1335 Christus

162 1368 253 1392 vere
293 1358 400 1393 Deus
440 1365 477 1392 ct
517 1357 652 1402 homo,
701 1366 811 1405 patet
851 1358 958 1406 quod
1001 1366 1057 1393 est
1099 1357 1268 1394 materia
1307 1358 1367 1394 vel
1406 1366 1483 1393 ter-

164 1414 294 1450 minus
327 1428 350 1451 a
383 1414 527 1463 quibus
561 1424 619 1451 est
651 1424 736 1451 tota
769 1416 876 1452 salus
910 1416 1100 1452 humana.
1136 1417 1213 1452 Sed
1236 1415 1330 1464 quia
1363 1428 1483 1452 nemo

162 1473 268 1509 venit
302 1475 351 1509 ad
385 1473 675 1510 beatitudinem
709 1473 783 1510 nisi
817 1483 984 1512 tractus.
1019 1483 1129 1522 patet
1153 1487 1274 1522 quam
1300 1486 1483 1511 necessa-

163 1531 244 1567 rius
277 1540 336 1568 est
369 1531 569 1568 funiculus
603 1532 746 1580 triplex
770 1532 837 1581 qui
862 1534 910 1569 de
934 1532 1087 1569 difficili
1112 1532 1334 1581 rumpitur:
1370 1533 1482 1569 cuius
1504 1536 1528 1563 ’3-

162 1590 291 1638 prima
326 1603 419 1639 pars
453 1599 510 1626 est
530 1591 638 1641 fides
670 1603 791 1639 quam
825 1600 987 1639 oportet
1020 1604 1141 1628 unam
1168 1603 1253 1627 esse
1277 1592 1480 1639 loquendo

162 1649 210 1684 de
235 1648 312 1684 fide
346 1648 519 1691 credita;
553 1649 643 1685 ideo
677 1648 823 1685 dicitur
857 1663 930 1685 una
952 1650 1070 1700 fides.
1105 1649 1178 1685 Cui
1204 1651 1480 1686 connectenda

162 1716 220 1743 cst
258 1709 435 1744 secunda
473 1720 566 1755 pars
606 1707 771 1744 funiculi
811 1707 962 1744 amoris
1001 1721 1077 1756 que
1117 1721 1206 1756 spes
1253 1707 1399 1744 dicitur
1443 1717 1481 1744 et

161 1777 332 1813 persona
367 1766 499 1813 prima
532 1765 709 1814 quinque
732 1766 934 1803 unitatum
959 1766 1207 1815 exprimitur.
1244 1769 1321 1803 Ista
1345 1775 1479 1803 autem

161 1836 253 1871 pars
287 1823 379 1860 fidei
414 1824 564 1861 credite
598 1837 687 1861 cum
722 1834 804 1861 tam
839 1824 1144 1873 ethromogenie
1174 1824 1365 1867 variatur,
1400 1838 1481 1861 non

160 1881 460 1930 infringibiliter
499 1882 773 1929 continuatur,
815 1896 861 1920 eo
895 1885 1004 1932 quod
1037 1883 1140 1920 sicut
1174 1883 1290 1920 Greci
1330 1884 1479 1920 habent

160 1953 281 1977 unam
318 1940 436 1977 fidem
473 1943 520 1978 de
554 1951 811 1979 sacramento
845 1942 983 1978 altaris
1017 1951 1053 1978 et
1088 1941 1219 1978 Latini
1253 1942 1388 1987 aliam,
1424 1942 1479 1978 sic

160 1999 199 2035 in
224 1998 378 2036 Latinis
410 2013 532 2036 unam
567 2000 685 2037 fidem
721 2001 870 2037 habent
902 2002 1102 2037 seculares
1137 2010 1173 2037 et
1205 2000 1410 2049 simplices
1443 2011 1480 2037 et

160 2057 281 2094 aliam
308 2058 496 2106 religiosi,
532 2068 574 2095 ut
598 2059 754 2105 fratres,
791 2059 978 2096 monachi
1004 2069 1040 2095 et
1064 2059 1227 2108 prelati:
1262 2060 1352 2096 ideo
1377 2059 1479 2096 sicut

161 2117 328 2152 credunt
362 2117 563 2154 contrarie
597 2130 668 2165 per
700 2126 782 2154 tam
816 2117 1043 2166 disparatos
1076 2118 1289 2164 funiculos,
1323 2118 1378 2155 sic
1410 2132 1479 2155 ne-

160 2186 268 2210 cesse
313 2184 370 2211 est
409 2177 517 2224 quod
562 2178 612 2213 ad
658 2176 834 2215 diversas
881 2176 1132 2214 differencias
1177 2177 1256 2213 sint
1301 2177 1474 2214 attracti.

159 2235 328 2270 Necesse
373 2234 537 2282 quidem
585 2244 643 2271 est
687 2237 796 2285 quod
840 2246 923 2274 tam
970 2236 1172 2273 contrarie
1218 2235 1473 2272 credencium

159 2292 268 2340 quod
306 2305 384 2329 una
427 2305 519 2341 pars
557 2294 618 2330 vel
651 2294 729 2331 alia
762 2294 811 2331 sit
844 2294 1017 2332 infidelis
1052 2304 1089 2331 et
1121 2308 1192 2343 per
1225 2307 1475 2343 consequens

159 2350 351 2398 quicquid
386 2351 522 2387 fecerit
555 2352 649 2388 boni
683 2355 730 2389 de
764 2366 909 2401 genere
941 2353 981 2390 in
1013 2353 1213 2390 vacuitate
1246 2353 1414 2401 perfidie
1438 2364 1476 2390 et

157 2409 247 2445 vicii
281 2408 330 2444 sit
363 2411 542 2455 seducta,
576 2412 804 2449 necessaria
834 2412 997 2461 quidem
1030 2421 1089 2449 est
1119 2413 1215 2449 fides
1251 2414 1476 2452 orthodoxa

158 2469 209 2503 ad
241 2467 559 2505 stabilimentum
595 2469 871 2520 cuiuscunque
906 2471 1039 2507 meriti
1071 2472 1133 2507 vel
1164 2471 1342 2518 virtuti53
1383 2472 1474 2511 ideo

225 2627 248 2655 5.
266 2627 362 2655 Coei:
384 2628 605 2663 quinqucplex.
679 2630 705 2655 S.
727 2630 759 2656 In
777 2637 893 2662 mar-cu:
916 2638 936 2657 1.
1012 2639 1052 2658 10.
1068 2631 1101 2658 In
1119 2639 1215 2663 mare.
1232 2640 1298 2666 sup.
1317 2632 1367 2659 sol.
1385 2634 1471 2667 2871’:

161 2665 267 2692 Vocati
285 2664 357 2691 estis
376 2665 406 2691 in
428 2672 488 2690 una
508 2673 569 2697 spe.
592 2665 640 2691 Ad
656 2664 818 2699 Ep11.1v=›.
840 2665 939 2693 Vocat
960 2674 1016 2692 nos
1034 2666 1115 2693 lucus
1136 2660 1248 2694 validis
1269 2669 1470 2699 clamoribus,

157 2706 187 2727 ut
208 2710 263 2727 nos
285 2699 427 2734 expediat
447 2700 609 2728 instancia,
631 2700 726 2727 variis
747 2701 939 2735 langoribus.
962 2710 998 2728 ne
1019 2710 1075 2728 nos
1097 2702 1247 2738 impediat
1268 2704 1370 2730 earnis
1384 2706 1473 2732 lasci-

156 2737 214 2765 via.
243 2737 335 2763 minis
356 2740 383 2761 et
405 2735 586 2764 ieri-oribus,
616 2741 647 2762 ut
675 2744 731 2762 nos
753 2741 865 2763 terreat
889 2746 941 2771 per
962 2738 1063 2764 minas
1085 2743 1112 2764 ct
1134 2739 1299 2773 supplicia,
1329 2741 1471 2775 precibus

154 2778 182 2799 ct
209 2772 399 2801 muneribus,
429 2778 458 2800 ut
485 2782 541 2800 nos
568 2774 699 2801 attrahat
726 2783 780 2810 per
807 2784 970 2810 perpreccs
990 2777 1058 2811 (sic)
1085 2782 1112 2804 ct
1141 2778 1295 2806 benc-ticin.
1383 2780 1417 2807 15.
1440 2780 1470 2806 In

156 2815 269 2841 marg:
291 2816 315 2834 2.

228 2912 278 2933 ιο.
308 2902 396 2944 Ερῆ.
425 2903 481 2941 IV,
506 2913 538 2943 4.
641 2915 688 2946 ¹7·
717 2905 760 2936 ib.

1538 414 1596 433 oue
1618 407 1692 444 bod)
1709 406 1748 444 vin

1580 446 1657 475 spite
1679 445 1708 468 ol

1567 476 1714 503 distance.

1527 605 1598 632 Five
1621 606 1710 644 lund>
1730 606 1765 633 of

1585 649 1689 668 umou.

1548 789 1566 807 1.
1588 780 1622 807 of
1640 781 1738 814 hope:

1505 1195 1529 1214 2.
1553 1188 1645 1214 union
1668 1188 1696 1214 in
1719 1197 1774 1215 one

1543 1222 1635 1251 Lord.
1657 1224 1736 1249 from

1526 1258 1628 1284 whom
1652 1266 1756 1285 come>

1560 1293 1720 1320 saliarium.

1552 1537 1579 1563 in
1602 1546 1660 1564 one
1683 1538 1765 1564 saith.

1515 1573 1553 1605 (A
1576 1573 1664 1606 triple
1685 1573 1758 1599 cord

1523 1607 1625 1633 dmm-s
1649 1616 1682 1634 u>
1703 1612 1732 1634 [o

1509 1642 1600 1675 bliss;
1622 1643 1656 1669 of
1674 1642 1759 1674 saith,

1559 1678 1593 1704 os
1612 1678 1702 1712 hope,
