1944 3323
206 243 342 274 SERMO
362 231 519 290 xxvffl]
696 245 872 278 TERTIA
902 245 1028 277 PARS.

663 410 860 452 SERMO
893 410 1081 452 XXVIII.

271 508 441 544 Obsecro
474 520 542 544 vos
573 515 769 556 tamquam
803 507 974 542 advenas
1007 514 1041 543 et
1069 505 1307 556 peregrinos
1339 505 1532 541 abstinere

116 551 193 613 ¹:9¹3
209 578 275 602 vos
296 579 318 602 α
341 566 564 602 carnalibus
587 566 790 602 desideriis
813 577 883 614 que
911 560 915 617 Ι
945 565 1111 600 militant
1133 565 1324 600 adversus
1347 563 1529 599 animam.

110 603 168 629 ²⁰¹
210 627 242 660 1·ιι
282 624 387 660 Petri
422 627 488 669 110,
521 637 581 660 11.

174 685 190 717 5
264 684 391 719 Docet
414 683 554 718 beatus
578 684 717 718 Petrus
741 683 849 730 quod
884 680 1092 718 christiani
1118 681 1262 716 debent
1285 693 1367 716 non
1399 680 1529 716 solum

207 740 490 788 predicacione
519 750 587 777 aut
615 749 755 776 sancta
779 739 1091 776 conversacione
1115 740 1183 775 sed
1211 738 1354 774 humili
1377 737 1531 774 subiec-

207 798 322 835 cione
347 799 571 836 diffundere
595 800 722 847 legem
749 798 910 835 Christi.
945 800 992 833 Et
1017 797 1194 833 defectus
1225 796 1341 833 huius
1365 796 1531 833 ternarii

207 856 483 893 indubitanter
522 866 579 893 est
625 869 744 893 causa
790 869 914 906 quare
954 855 1274 893 christianismus
1315 864 1371 891 est
1411 854 1531 891 hodie

208 916 308 951 adeo
348 924 565 953 coartatus,
616 915 657 952 Si
697 915 800 951 enim
843 914 1142 951 contrariorum
1191 913 1392 950 contrarie
1440 921 1531 949 sunt

152 986 191 1008 10
208 986 339 1020 cause,
380 983 417 1010 et
457 974 532 1010 ista
566 973 642 1010 tria
678 982 791 1010 erant
823 986 893 1021 per
926 985 966 1009 se
1007 984 1128 1008 causa
1161 972 1200 1008 in
1233 971 1437 1020 primitiva
1470 983 1532 1007 ec-

208 1032 329 1068 clesia
362 1045 486 1081 quare
527 1032 625 1068 fides
666 1031 833 1068 ecclesie
872 1031 946 1067 fuit
984 1032 1085 1067 adeo
1127 1029 1309 1075 dilatata,
1350 1029 1532 1078 sequitur

207 1103 278 1139 per
312 1091 446 1127 locum
481 1103 502 1127 a
536 1090 743 1127 contrario
784 1102 922 1126 sensus
956 1090 1063 1138 quod
1099 1088 1275 1124 defectus
1309 1100 1449 1124 eorum
1483 1087 1533 1124 sit

207 1161 329 1185 causa
363 1161 486 1197 quare
519 1149 616 1185 fides
650 1148 816 1185 ecclesie
849 1148 898 1184 sit
930 1160 1037 1184 nunc
1070 1148 1171 1183 adeo
1205 1155 1401 1183 coartata.
1442 1149 1533 1182 Non

208 1207 313 1243 enim
356 1216 414 1244 est
447 1207 592 1256 aliquis
633 1207 712 1243 iam
748 1219 989 1243 conversans
1030 1205 1069 1241 in
1104 1205 1273 1242 ecclesia
1307 1218 1328 1242 a
1363 1204 1532 1240 minimo

155 1268 335 1314 15usque
375 1267 425 1302 ad
458 1279 662 1302 summum
704 1264 938 1314 pontificem
980 1263 1077 1313 quin
1117 1263 1277 1300 deficiat
1316 1263 1356 1299 in
1395 1263 1532 1311 aliquo

208 1325 352 1360 horum
387 1324 523 1360 trium.
559 1327 658 1360 Nam
695 1324 826 1360 clerus
851 1322 986 1359 deficit
1018 1322 1058 1358 in
1091 1330 1200 1358 recta
1233 1321 1531 1370 predicacione,

209 1383 390 1419 seculare
436 1382 649 1419 brachium
698 1381 833 1418 deficit
872 1382 913 1417 in
952 1390 1092 1418 sancta
1138 1380 1450 1417 conversacione
1496 1389 1532 1415 et

209 1441 350 1488 vulgus
375 1440 517 1477 deficit
540 1441 579 1476 in
613 1440 845 1477 huiusmodi
879 1439 1147 1476 subieccione.
1182 1441 1230 1474 Et
1253 1438 1348 1487 quia
1372 1438 1532 1475 carnale

211 1498 456 1535 desiderium
496 1498 624 1547 magis
662 1498 844 1547 impedit'
872 1498 912 1534 in
952 1498 1104 1546 populo
1145 1506 1328 1534 sanctam
1369 1508 1533 1533 conver-

153 1556 430 1603 2osaci0nern,
475 1557 566 1593 ideo
605 1559 744 1593 Petrus
784 1556 927 1605 incipit
966 1569 1057 1592 cum
1104 1555 1293 1604 prudenti
1335 1554 1533 1591 modestia

211 1615 350 1661 ortari‚
402 1624 444 1652 ut
488 1616 663 1664 populus
717 1623 947 1652 ammovcat
992 1614 1098 1650 istud
1145 1614 1299 1650 calcar:
1350 1613 1533 1658 Obsecro,

210 1673 352 1722 inquit,
394 1686 477 1721 vos,
521 1675 597 1710 hoc
643 1682 714 1720 est,
755 1686 845 1710 cum
887 1672 1149 1709 adiuracione
1192 1684 1305 1720 rogo.
1352 1673 1400 1707 Et
1437 1680 1534 1707 nota

210 1733 320 1780 quod
351 1744 434 1768 non
467 1731 581 1768 dicit:
616 1732 816 1768 Maledico
849 1732 910 1768 vel
943 1731 1264 1776 excommunico,
1298 1730 1374 1766 nisi
1398 1729 1534 1766 taliter

208 1790 379 1833 faciatis,
418 1791 487 1826 sed
526 1789 733 1826 humiliter
771 1791 942 1835 obsecro,
982 1802 1065 1825 non
1102 1798 1270 1837 propter
1309 1788 1534 1836 temporale

151 1849 192 1881 25
211 1861 346 1884 meum
380 1850 643 1885 commodum
677 1851 735 1896 (ut
768 1848 919 1885 faciunt
953 1847 1272 1895 evangelizantes
1306 1856 1343 1882 et
1376 1859 1534 1882 excom·

211 1907 462 1943 municantes
497 1907 697 1953 moderni)
731 1908 799 1943 sed
832 1915 1000 1954 propter
1032 1914 1205 1942 vestram
1241 1905 1411 1941 salutem
1446 1917 1534 1952 per-

210 1974 372 2013 petuam
420 1964 664 2002 animarum.
712 1965 823 2001 Sicut
868 1964 973 2001 enirn
1019 1964 1094 2000 ista
1133 1963 1205 2000 Dei
1250 1972 1308 2000 est
1346 1962 1534 1999 condicio

211 2025 319 2072 quod
364 2023 578 2060 servicium
623 2023 721 2059 illud
767 2023 968 2060 desideret
1007 2035 1078 2071 pre
1117 2022 1271 2059 cunctis
1310 2021 1385 2057 illis
1426 2023 1534 2070 quod

211 2082 261 2118 sit
299 2081 436 2118 utilius
475 2081 674 2126 servitori,
714 2081 770 2118 sic
810 2080 1129 2129 evangelizantes
1169 2080 1236 2129 qui
1270 2081 1415 2116 debent
1450 2091 1534 2117 esse

152 2141 194 2174 30
213 2140 362 2177 Christi
401 2139 541 2177 vicarii
581 2140 748 2176 omnino
795 2141 992 2176 cavebunt
1037 2151 1085 2175 ne
1134 2148 1275 2175 contra
1320 2138 1533 2176 caritatem

213 2207 383 2247 querant
422 2211 493 2235 sua
533 2200 763 2244 commoda,
804 2198 1037 2234 omittentes
1070 2199 1221 2234 bonum
1257 2198 1365 2246 quod
1397 2196 1534 2233 utilius

212 2266 269 2293 est
302 2256 504 2293 subiectis.

271 2314 373 2351 Petit
413 2327 506 2362 ergo
541 2316 680 2351 Petrus
720 2314 940 2351 instancius
980 2323 1023 2350 ut
1061 2314 1211 2350 subditi
1243 2314 1304 2350 sui
1336 2322 1533 2362 tamquam

211 2374 358 2409 advene
396 2380 431 2409 et
458 2373 668 2423 peregrini
697 2387 718 2409 α
753 2373 975 2409 carnalibus
1008 2373 1213 2409 desideriis
1244 2385 1284 2409 se
1316 2373 1535 2420 prudenter

154 2431 436 2468 35abst1'neant.
472 2432 641 2468 Constat
666 2431 828 2480 quidem
863 2444 905 2467 ex
939 2431 1016 2467 fide
1046 2432 1154 2479 quod
1188 2443 1328 2467 omnes
1359 2430 1534 2467 viatores

212 2502 286 2538 pro
309 2498 493 2537 tempore
517 2501 585 2525 sue
607 2489 802 2526 viacionis
825 2498 916 2525 sunt
938 2498 1147 2537 tamquam
1173 2490 1325 2525 advene
1349 2497 1533 2536 respectu

213 2547 383 2584 civitatis
435 2546 552 2583 huius
602 2547 724 2584 seculi
773 2556 810 2583 et
861 2547 1061 2596 peregrini
1106 2560 1125 2583 a
1173 2546 1333 2583 civitate
1378 2546 1532 2587 celesti:

210 2618 304 2642 nam
329 2607 379 2642 ad
402 2605 700 2642 habitacionem
726 2605 842 2642 istam
867 2613 1097 2642 terrestrem
1122 2617 1196 2653 pro
1219 2604 1328 2641 brevi
1349 2613 1533 2653 tempore

280 2727 426 2755 &Cot-1³
447 2727 669 2760 indebitanter;
697 2728 737 2755 ib.
760 2726 856 2755 Coa:
878 2727 1170 2755 christianissimus.
1264 2726 1302 2755 13.
1325 2735 1422 2758 nunc:
1444 2727 1530 2754 cod.:

212 2771 271 2790 non
293 2763 379 2790 adeo.
454 2770 492 2790 21.
516 2762 612 2789 Cod.:
634 2767 799 2790 ammovet.

287 2846 313 2867 1.
340 2835 525 2867 Dominica
551 2834 649 2866 tertia
667 2841 747 2877 post
765 2834 910 2867 Pascha.
938 2833 990 2866 Cf.
1010 2833 1171 2877 Wyclif's
1198 2834 1378 2874 Sermons,
1405 2833 1458 2864 ed.
1487 2833 1531 2875 by

210 2881 360 2921 Arnold,
386 2881 424 2921 II,
451 2891 529 2924 pag.
559 2880 754 2924 294—296.

1740 236 1817 273 213

1586 684 1646 712 We
1668 685 1777 712 should

1553 719 1663 755 spread
1686 720 1736 746 the
1758 720 1816 746 law

1600 755 1634 781 ot*
1652 754 1774 781 Christ:

1548 797 1566 816 1.
1590 790 1628 825 by
1645 790 1822 824 menching,

1546 832 1570 851 2.
1597 825 1635 860 by
1660 833 1822 851 conversa—

1647 859 1723 889 tion,

1547 893 1571 921 3.
1589 895 1626 931 by
1643 894 1822 921 obedit-nce.

1572 1326 1621 1353 All
1644 1327 1728 1353 these
1749 1334 1800 1353 arc

1556 1362 1678 1424 lacltiigig
1699 1370 1819 1388 now-a-

1664 1405 1728 1423 ars.

1624 2316 1684 2344 We
1705 2325 1755 2344 arc

1573 2352 1716 2388 pilgrims
1736 2352 1795 2379 and

1560 2393 1717 2423 stt-angers
1740 2387 1821 2415 llere.
