1944 3323
122 256 168 290 52

139 1243 242 1270 Christ
264 1243 369 1277 liiglicr

118 1279 188 1304 timu
207 1280 254 1304 {lio
271 1279 391 1311 anguls:

134 2343 168 2369 uf
187 2342 287 2368 whom
310 2350 388 2368 noue

139 2378 224 2402 :ulild
249 2377 282 2402 bc
305 2376 384 2402 Gsad.

703 263 925 295 JOHANNIS
947 263 1131 294 WYCLIF'
1150 263 1404 295 SERMONUM
1475 249 1628 307 [SERMO
1647 259 1716 287 VII.

405 379 520 416 gatus
553 369 652 405 Filio
694 381 814 417 quam
847 368 954 404 Patri
986 381 1071 414 suo,
1106 378 1143 404 et
1175 368 1331 404 videtur
1367 368 1462 404 mihi
1497 370 1603 417 quod
1636 381 1716 405 non

406 427 493 474 plus
527 427 729 474 obligatur
760 425 949 462 Trinitati
982 427 1043 462 vel
1075 425 1194 462 alicui
1228 438 1398 474 persone
1432 425 1563 463 divine
1596 439 1716 475 quarn

405 484 605 533 obligatur
628 484 802 529 cuilibet,
837 483 930 532 quia
962 484 993 520 si
1028 484 1185 520 bonitas
1217 485 1460 529 attendatur,
1495 485 1633 520 eadem
1659 493 1717 520 est

407 542 564 579 bonitas
592 542 819 590 utrobique,
854 551 891 578 et
913 541 945 577 si
969 542 1251 578 beneficiencia
1274 543 1517 587 attendatur,
1543 541 1717 590 quelibet

406 613 578 649 persona
611 600 743 636 divina
776 609 931 636 tantum
966 600 1160 636 benefecit
1193 599 1365 644 homini;
1400 612 1492 636 nam
1526 599 1750 648 quicquid5

407 658 500 694 facit
532 658 667 706 aliqua
700 670 871 705 persona
904 657 1038 694 divina
1060 657 1381 706 inseparabiliter
1404 657 1498 694 facit
1521 657 1715 706 quelibet3

407 716 495 752 ideo
520 716 559 752 in
581 717 692 752 nullo
718 715 912 752 benefecit
935 715 1087 752 homini
1110 717 1221 752 Jesus
1246 716 1427 752 Christus
1450 715 1546 764 quin
1575 715 1615 752 in
1647 715 1717 751 illo

406 773 600 810 benefecit
634 773 708 809 sibi
740 782 824 810 tota
846 773 1035 810 Trinitas.
1059 775 1376 821 Verumptamen
1407 773 1508 809 sicut
1536 772 1717 810 Christus

407 833 578 868 habebat
618 831 848 867 humanitus
886 844 1008 867 unum
1050 833 1199 867 bonum
1242 833 1405 867 modurn
1447 831 1617 867 faciendi
1650 830 1716 879 qui

406 902 485 926 non
509 899 639 937 potest
669 898 898 937 competere
920 889 1122 935 Trinitati‚
1147 889 1202 925 sic
1226 890 1344 925 habet
1367 902 1488 925 unam
1512 888 1715 925 racionem
1736 902 1775 922 10

407 958 443 983 et
477 947 655 984 habitum
692 956 857 995 propter
881 959 998 995 quem
1023 948 1145 984 homo
1178 956 1235 983 est
1267 947 1341 983 sibi
1375 946 1587 995 dispariter
1618 946 1717 982 obli-

406 1015 534 1053 gatus,
570 1007 637 1041 sed
670 1018 751 1041 non
789 1006 897 1053 plus:
939 1005 1032 1053 quia
1064 1005 1240 1053 undique
1274 1014 1382 1041 tante
1415 1014 1563 1053 quante
1596 1005 1718 1040 homo

408 1063 555 1111 poterit
595 1063 778 1111 obligari,
819 1064 887 1099 sed
926 1072 1015 1110 post
1054 1063 1171 1099 istarn
1218 1063 1502 1111 purgacionem
1549 1063 1659 1098 sedet
1696 1074 1718 1097 a

409 1122 560 1158 dextris
598 1122 728 1157 Patris
770 1121 805 1156 in
850 1121 1026 1167 excelsis,
1072 1122 1146 1157 hoc
1192 1130 1261 1166 est,
1308 1120 1451 1157 fruitur
1488 1120 1718 1168 pocioribus

409 1179 521 1215 bonis
553 1179 623 1215 Dei
658 1179 888 1215 humanitus
921 1191 1040 1226 super
1068 1178 1288 1227 quamlibet
1324 1178 1442 1215 aliam
1478 1181 1774 1215 creaturam.15

467 1237 569 1282 Quia
622 1246 754 1273 autem
804 1236 876 1273 iste
922 1246 1094 1284 quatuor
1140 1236 1397 1273 condiciones
1442 1236 1592 1284 angelis
1637 1248 1718 1272 non

409 1304 573 1343 possunt
608 1304 849 1342 competere,
885 1303 994 1342 patet
1028 1296 1135 1343 quod
1170 1294 1350 1331 Christus
1383 1296 1530 1330 nedum
1565 1293 1718 1330 excellit

409 1354 626 1401 prophetas
679 1354 746 1389 sed
799 1352 925 1388 eciam
979 1352 1086 1400 ipsos
1130 1354 1292 1400 angelos
1334 1353 1482 1388 nedum
1528 1351 1716 1388 divinitus

409 1410 562 1446 infinite
595 1412 663 1446 sed
697 1423 822 1446 eciam
857 1410 1100 1453 humanitus,
1135 1423 1224 1446 cum
1258 1409 1486 1446 humanitas
1519 1409 1568 1446 sit
1597 1418 1716 1457 caput

409 1469 574 1504 ecclesie
611 1476 715 1503 tanto
754 1469 890 1504 melior
926 1469 1077 1518 angelis
1115 1469 1269 1517 effectus
1302 1476 1441 1517 quanto
1475 1467 1718 1516 dfierencius
1734 1479 1775 1499 20

406 1539 478 1575 pre
522 1527 598 1562 illis
642 1539 776 1562 nomen
821 1527 1062 1562 hereditavit.
1110 1526 1185 1562 Ubi
1231 1526 1365 1562 multis
1410 1525 1565 1562 videtur
1610 1526 1715 1572 quod

410 1585 609 1632 scriptura
643 1584 821 1632 loquitur
855 1585 902 1620 de
936 1584 1095 1620 Christo
1131 1584 1373 1622 humanitus,
1409 1596 1497 1619 cum
1532 1596 1612 1619 non
1646 1582 1716 1618 fuit

410 1642 571 1678 effectus
607 1642 806 1682 divinitus,
842 1642 933 1678 licet
966 1641 1083 1688 logici
1119 1642 1252 1678 dicant
1286 1643 1392 1690 quod
1426 1650 1509 1677 tota
1541 1640 1716 1676 Trinitas

411 1700 500 1736 fecit
523 1713 563 1736 se
588 1700 793 1736 meliorem
819 1700 968 1747 angelis
993 1713 1039 1735 eo
1062 1699 1148 1747 ipso
1172 1701 1279 1747 quod
1305 1699 1394 1735 fecit
1419 1691 1600 1747 angelos:
1624 1711 1714 1734 nam

410 1760 515 1806 quod
539 1758 715 1794 Trinitas
748 1757 796 1793 sit
831 1757 972 1793 melior
1006 1757 1156 1805 angelis
1190 1767 1245 1793 est
1278 1757 1422 1793 veritas
1455 1769 1530 1804 que
1553 1755 1771 1803 incepit.25

410 1819 697 1863 Argumentum
740 1825 871 1851 autem
907 1815 1088 1863 Apostoli
1123 1817 1228 1863 quod
1265 1815 1445 1851 Christus
1478 1814 1549 1849 fuit
1582 1814 1718 1849 melior·

409 1874 559 1923 angelis
603 1875 756 1922 affectus
794 1882 871 1909 stat
912 1873 948 1908 in
992 1873 1066 1909 isto
1107 1875 1213 1921 quod
1255 1882 1339 1909 tota
1370 1871 1547 1908 Trinitas
1587 1881 1623 1907 et
1662 1871 1717 1907 sic

411 1931 591 1967 Christus
632 1931 884 1967 differencius
929 1944 1049 1978 supra
1089 1932 1251 1978 angelos
1291 1929 1526 1966 hereditavit
1565 1928 1715 1965 homini

410 1999 616 2037 assumpto
655 2002 801 2025 nomen
842 1989 959 2025 reale.
1008 1991 1111 2024 Deus
1156 1998 1287 2025 autem
1333 2001 1411 2024 non
1459 1989 1526 2024 dat
1570 1999 1717 2023 nomen

411 2047 483 2083 nisi
518 2049 566 2083 ad
591 2047 994 2094 correspondenciam
1021 2046 1237 2094 dignitatis.
1273 2049 1428 2082 Nomen
1452 2054 1583 2081 autem
1609 2045 1715 2092 quod
1734 2047 1774 2077 30

413 2108 515 2141 Deus
548 2105 718 2153 imponit
753 2114 789 2140 et
823 2104 994 2151 dignitas
1027 2106 1084 2140 vel
1120 2114 1208 2140 sunt
1242 2104 1345 2140 idem
1381 2104 1438 2139 vel
1472 2101 1717 2150 inseparabi-

411 2163 498 2199 liter
531 2176 570 2198 se
603 2172 835 2210 sequuntur.
871 2165 969 2198 Nam
1008 2164 1065 2201 (ut
1099 2171 1207 2209 patet
1232 2162 1401 2209 Philipp.
1428 2163 1493 2207 110,
1520 2162 1578 2205 8„
1614 2161 1719 2196 Deus

412 2221 514 2256 dedit
547 2221 618 2256 sibi
648 2234 782 2256 nomen
815 2221 916 2268 quod
949 2228 1002 2256 est
1034 2233 1151 2269 super
1183 2232 1292 2255 omne
1324 2232 1472 2262 nomen,
1510 2231 1599 2254 cum
1633 2227 1717 2253 tota

410 2278 584 2314 Trinitas
619 2278 709 2314 fecit
734 2277 934 2314 hominem
961 2278 1090 2326 ipsum
1117 2280 1258 2317 Deum,
1293 2278 1367 2313 hoc
1400 2286 1533 2312 autem
1568 2285 1624 2311 est
1658 2288 1717 2311 ex-

412 2336 624 2372 cellencius
657 2349 776 2384 quam
811 2348 958 2371 nomen
984 2336 1144 2383 aliquod
1170 2335 1417 2382 angelorum.
1452 2335 1589 2369 Nullus
1613 2332 1715 2369 enim
1734 2335 1774 2366 33

413 2394 571 2429 illorum
613 2394 742 2441 potuit
783 2406 864 2429 esse
904 2393 1126 2441 ypostatice
1166 2393 1248 2440 ipse
1289 2394 1411 2433 Deus;
1458 2392 1546 2427 ideo
1586 2390 1714 2438 querit

412 2452 627 2499 Apostolus
672 2452 733 2487 cui
774 2452 1003 2500 angelorum
1053 2463 1228 2498 unquam
1280 2450 1374 2485 dixit
1419 2451 1544 2485 Deus:
1597 2449 1719 2483 Filius

412 2522 517 2545 meus
548 2522 586 2544 es
618 2517 670 2551 tu,
703 2522 775 2558 ego
800 2509 910 2544 hodie
931 2509 1050 2558 genui
1070 2516 1116 2551 te,
1151 2508 1261 2555 quasi
1295 2507 1442 2543 diceret
1475 2506 1592 2547 nulli:
1627 2518 1715 2541 eum

482 2639 501 2663 Ι,
524 2638 548 2656 2.
570 2631 612 2657 Αἱ
636 2630 712 2656 Filio
736 2646 764 2647 j
786 2630 938 2663 obligatur
959 2630 1052 2656 deest.
1109 2628 1132 2655 3.
1154 2629 1194 2655 F:
1217 2630 1297 2663 quod
1321 2629 1355 2655 si.
1415 2627 1438 2659 3,
1454 2637 1483 2661 4.
1500 2628 1538 2655 F:
1560 2627 1665 2654 eadem
1688 2643 1719 2646 —

412 2666 584 2691 attendatur
605 2665 698 2691 deest.
772 2674 800 2697 4.
822 2663 865 2691 A}
888 2664 1023 2698 quilibet.
1097 2664 1124 2689 G.
1148 2664 1187 2690 F:
1208 2664 1346 2690 tuilibct.
1419 2671 1444 2697 7.
1467 2663 1505 2689 F:
1528 2663 1578 2697 qui
1601 2662 1629 2688 in
1653 2662 1714 2688 iilo.

412 2703 438 2725 N.
460 2702 502 2726 A:
525 2700 601 2725 sicut
623 2700 716 2725 deest.
785 2710 813 2733 μ,
836 2707 875 2725 10.
898 2699 969 2726 AF:
991 2707 1048 2734 quc
1070 2707 1140 2724 uon.
1208 2707 1214 2724 1
1239 2720 1244 2727 ,
1269 2706 1308 2730 ii.
1331 2697 1447 2724 (43)de
1471 2697 1552 2723 sedet
1574 2697 1716 2723 dexteris.

414 2743 454 2767 14.
476 2736 518 2761 A:
541 2734 750 2768 porcionibus.
843 2734 884 2763 10,
908 2742 945 2768 17·
966 2734 1008 2760 A:
1031 2733 1145 2767 augelis
1167 2740 1225 2759 non
1250 2737 1378 2766 possunt
1399 2732 1524 2758 anneus.
1617 2739 1655 2759 iu.
1679 2731 1717 2757 F:

413 2769 600 2795 humanitus.
708 2776 752 2794 2¹⁷1.
777 2768 813 2793 Γῑ
837 2768 955 2794 melius.
1071 2768 1110 2794 25.
1133 2769 1175 2793 A:
1200 2767 1315 2801 incipit.
1424 2753 1465 2793 15³3,
1487 2767 1529 2792 A:
1552 2769 1596 2791 est
1618 2762 1715 2791 deest.

413 2804 458 2830 30.
481 2803 520 2829 F:
542 2807 687 2837 apost-afr

488 2885 536 2914 14.
566 2875 652 2905 Heb.
680 2874 702 2911 Ι,
731 2874 756 2904 ’3.
857 2884 910 2904 20.
938 2874 980 2904 ib.
1008 2886 1040 2913 4.
1139 2872 1190 2914 37.
1221 2873 1324 2903 llebr.
1353 2873 1377 2912 Ι,
1399 2872 1438 2904 V.
