1944 3323
169 251 217 283 'lsi

166 372 437 400 1³.(3rici'11›rl‹1ss.

210 489 265 515 wt-
287 489 395 515 should

168 528 247 549 most
267 523 366 561 griere
390 524 438 550 sor

270 566 333 586 sm:

191 1181 248 1208 aud
271 1182 294 1208 if
313 1190 357 1208 we
378 1181 417 1207 do

172 1225 205 1242 so
227 1225 270 1254 we
292 1217 365 1254 shall
389 1220 439 1253 not

181 1256 324 1278 continue
345 1259 373 1277 m
396 1255 427 1277 11.

749 254 970 286 JOHANNIS
991 254 1172 286 wrcrir
1192 252 1446 284 sicamonum
1537 236 1688 294 [SERMO
1711 247 1760 274 ιν.

514 368 715 407 Quantum
758 364 806 398 ad
841 361 1004 398 terciam
1042 360 1284 409 passionem,
1317 359 1467 395 scilicet
1501 359 1679 393 dolorem
1716 359 1762 392 de

456 420 624 468 perdiu),
658 420 823 456 rimetur
856 418 1094 455 christianus
1125 417 1293 454 lideliter
1320 430 1430 452 suam
1457 414 1761 459 conscienciam,

454 479 484 514 si
511 479 596 526 plus
621 479 727 514 dolet
752 480 798 514 de
822 476 953 525 gracie
978 476 1208 525 perdicione
1232 487 1350 523 quam
1377 473 1513 510 habuit
1543 474 1759 509 secundum

454 545 676 584 presentem
712 535 911 572 iusticiam
946 548 1065 582 quam
1101 536 1147 570 de
1182 532 1412 581 perdicione
1436 530 1638 568 commodi
1664 539 1761 566 tem-

455 594 621 642 poralis3
656 595 762 642 quod
796 593 825 629 si
862 592 1008 637 fecerit,
1043 592 1197 639 signum
1234 599 1289 627 est
1314 591 1419 638 quod
1444 589 1483 625 in
1507 589 1593 636 ipso
1617 587 1795 625 caritasfi

454 662 510 688 est
545 653 732 700 perfecta,
768 660 803 688 et
836 651 865 686 si
900 650 997 686 illud
1031 663 1111 686 non
1144 648 1279 685 fecerit
1303 649 1369 683 sed
1394 655 1571 689 econtra,
1598 645 1762 682 invaluit

455 710 493 745 in
526 724 572 746 eo
606 723 720 745 amor
759 709 958 745 indebitus
998 717 1033 744 et
1073 707 1104 743 si
1146 706 1353 743 caritatem
1394 717 1569 752 unquam
1611 702 1761 747 habuit,

455 777 548 804 tunc
583 781 671 804 cum
707 767 783 802 illis
818 767 979 814 paribus
1013 765 1159 802 caritas
1192 773 1248 800 est
1282 763 1466 805 extincta,
1492 775 1580 798 curn
1607 774 1652 797 eo
1677 760 1763 808 ipso

455 825 741 862 beatitudinem
777 838 888 861 suam
922 837 1002 859 non
1037 822 1164 870 diligit
1198 834 1316 869 super
1350 820 1498 856 omnia.
1533 821 1580 854 Et
1612 819 1642 854 si
1677 818 1763 866 quis

456 883 682 920 examinare
715 882 884 918 voluerit
917 894 1027 918 suam
1064 878 1356 917 conscienciam
1387 877 1391 928 Ι
1419 878 1479 913 vel
1519 885 1667 913 rectam
1704 888 1762 912 ex-

455 941 672 978 aminatam
707 940 943 981 discernere,
977 947 1086 975 notet
1122 939 1285 973 modum
1316 935 1485 972 faciendi
1520 933 1692 970 hominis
1726 933 1763 969 in

455 999 529 1035 ista
562 998 685 1035 tercia
720 998 916 1046 passione.
965 997 1039 1033 Hic
1078 996 1182 1032 enirn
1225 995 1349 1030 claret
1388 992 1538 1029 noticia
1576 991 1607 1028 si
1641 992 1763 1027 homo

456 1059 502 1093 de
536 1066 702 1104 peccato
737 1056 927 1104 preterito
961 1055 1010 1091 sit
1043 1053 1253 1098 contritus,
1292 1065 1385 1088 narn
1420 1051 1450 1087 si
1486 1050 1691 1087 continuat
1726 1048 1762 1084 in

456 1123 620 1162 peccato
654 1114 884 1158 commisso⁷
925 1122 1019 1149 tune
1053 1113 1216 1159 planum
1252 1118 1308 1146 est
1341 1111 1448 1158 quod
1490 1110 1537 1144 de
1576 1108 1643 1143 illo
1683 1120 1763 1143 non

456 1172 689 1215 conteritur7
724 1171 817 1220 quia
850 1171 880 1207 si
915 1172 1066 1207 doleret
1100 1173 1156 1214 (ut
1180 1170 1324 1213 debet),
1359 1180 1448 1204 cum
1483 1166 1568 1202 istis
1601 1164 1764 1213 paribus
1786 1166 1821 1196 15

456 1244 535 1266 non
570 1229 820 1266 continuaret
859 1227 1082 1265 voluntarie
1122 1228 1197 1263 hoc
1236 1234 1460 1274 peccatum.
1506 1226 1552 1260 Et
1592 1223 1645 1259 ita
1683 1235 1762 1258 non

456 1288 571 1324 video
606 1289 711 1336 quod
747 1287 880 1324 clerici
914 1286 1139 1323 excidentes
1172 1298 1194 1321 a
1228 1283 1376 1321 Christi
1412 1281 1612 1318 mandatis
1646 1290 1763 1328 atque

458 1346 633 1382 consiliis
675 1354 710 1382 et
750 1345 1028 1381 continuantes
1068 1343 1107 1379 in
1140 1342 1214 1378 ista
1248 1341 1362 1378 ruina
1396 1342 1443 1376 de
1476 1348 1642 1388 peccato
1677 1352 1763 1386 pre-

456 1404 574 1440 terito
608 1412 699 1439 sunt
733 1402 907 1439 contriti.
944 1405 990 1438 Et
1024 1402 1062 1437 in
1096 1401 1173 1436 isto
1207 1413 1300 1436 casu
1334 1399 1518 1435 videntur
1542 1410 1624 1434 esse
1648 1409 1762 1444 pape,

457 1461 680 1498 cardinales
714 1470 750 1497 et
784 1460 915 1497 cuncti
950 1459 1091 1508 prelati
1126 1457 1280 1503 cesarii,
1314 1456 1420 1505 quia,
1454 1456 1483 1491 si
1518 1457 1565 1491 de
1598 1463 1764 1503 peccato
1784 1465 1822 1486 20

457 1519 687 1564 commisso,
729 1520 776 1554 de
816 1518 1027 1555 dotacione
1068 1516 1219 1553 cesaria
1259 1514 1433 1552 admissa
1467 1522 1503 1550 et
1537 1514 1583 1549 de
1617 1525 1710 1548 casu
1743 1524 1763 1547 a

459 1586 696 1625 paupertate
729 1576 954 1624 apostolica
987 1575 1065 1611 sint
1100 1573 1274 1615 contriti,
1311 1572 1398 1621 quis
1438 1570 1623 1620 prohibet
1657 1570 1763 1618 quod

457 1645 602 1671 statum
645 1634 873 1670 huiusmodi
913 1647 1029 1681 quem
1072 1634 1217 1668 habent
1258 1640 1337 1667 tam
1382 1630 1502 1666 libere
1536 1641 1616 1664 non
1649 1626 1765 1664 omit-

457 1693 569 1729 tunt?
603 1694 694 1729 Ideo
727 1705 816 1728 vere
841 1691 935 1728 dicit
960 1690 1176 1738 Gregorius
1200 1690 1306 1737 quod
1339 1688 1443 1724 inter
1475 1699 1613 1722 omnes
1638 1694 1763 1722 status

459 1750 623 1788 ecclesie
673 1759 730 1786 est
779 1749 1060 1786 difficillimum
1105 1746 1313 1795 eruginare
1358 1745 1556 1781 maculam
1602 1743 1821 1780 clerico—25³

459 1823 559 1850 rum,
592 1818 627 1844 et
658 1807 762 1843 idern
796 1816 852 1843 est
882 1806 1073 1843 iudicium
1105 1807 1152 1841 de
1182 1813 1347 1852 peccato
1373 1801 1761 1839 Possessionatorum

459 1876 495 1903 et
529 1875 695 1914 peccato
729 1864 1048 1901 Mendicancium
1084 1863 1122 1899 in
1162 1861 1371 1898 ordinibus
1411 1859 1588 1908 privatis,
1628 1871 1764 1906 ymmo

459 1923 695 1971 generaliter
739 1924 786 1958 de
833 1935 896 1958 sex
944 1930 1201 1970 peccatorum
1251 1918 1473 1967 generibus,
1528 1919 1575 1953 de
1621 1915 1764 1964 quibus

460 1982 609 2019 dictum
647 1991 702 2017 est
737 1981 929 2016 Sermone
965 1981 1135 2024 LXXX0‚
1176 1979 1283 2026 quod
1322 1989 1392 2024 per
1430 1976 1498 2012 illa
1537 1973 1763 2022 specialiter

460 2040 691 2076 debilitatur
742 2038 880 2085 religio
932 2037 1161 2074 christiana.
1222 2038 1268 2071 Et
1320 2047 1409 2070 cum
1460 2046 1540 2069 non
1598 2031 1822 2080 quilibet30

461 2099 576 2134 dolor
599 2099 646 2133 de
671 2096 886 2133 commisso
910 2095 1080 2131 sufficiat
1110 2095 1158 2130 ad
1193 2092 1438 2129 delecionern
1474 2090 1640 2139 peccati,
1673 2102 1761 2125 cum

461 2169 540 2191 non
572 2155 620 2191 sit
654 2153 848 2190 contricio
882 2155 949 2190 sed
980 2153 1096 2189 dolor
1119 2151 1306 2187 remissus
1330 2149 1396 2198 qui
1420 2157 1585 2185 vocatur
1608 2146 1765 2184 attricio

461 2212 757 2261 compossibilis
792 2225 880 2248 curn
916 2219 1095 2259 peccato,
1137 2218 1245 2257 patet
1285 2216 1476 2256 quantam
1511 2204 1764 2253 diligenciam

461 2280 710 2319 apponerent
744 2282 846 2317 pape
880 2278 915 2305 et
949 2267 1126 2316 episcopi
1165 2276 1201 2303 et
1243 2265 1481 2313 generaliter
1521 2263 1766 2300 confessores

462 2331 510 2365 ad
545 2330 711 2376 gradum
748 2326 1005 2364 contricionis
1040 2324 1213 2361 hominis
1247 2323 1567 2359 discernendum.
1602 2320 1767 2356 Videtur
1783 2320 1822 2352 35

462 2398 593 2423 autem
641 2385 761 2422 michi
807 2386 913 2433 quod
957 2384 1088 2420 nullus
1133 2383 1248 2418 dolor
1293 2380 1465 2417 hominis
1511 2381 1557 2415 de
1600 2386 1766 2426 peccato

462 2454 518 2481 est
552 2457 643 2481 vera
677 2442 885 2484 contricio,
927 2442 1001 2478 nisi
1040 2440 1157 2477 fuerit
1196 2440 1311 2475 dolor
1351 2437 1479 2474 maior
1512 2449 1631 2485 quam
1666 2436 1766 2471 foret

462 2502 596 2550 aliqua
626 2500 819 2538 contricio
845 2502 891 2536 de
921 2498 1136 2536 amissione
1160 2496 1362 2534 commodi
1388 2493 1633 2543 temporalis.
1665 2493 1764 2528 Cum

1782 854 1854 884 1³01.

1782 898 1863 940 240d

533 2668 550 2685 ι.
573 2659 604 2685 lu
622 2667 734 2691 marg.:
757 2656 779 2684 3³.
864 2656 907 2684 23.
929 2656 1022 2683 (λιφε
1045 2663 1133 2690 quem
1157 2662 1216 2680 non
1239 2654 1358 2680 liabent.
1442 2659 1486 2684 24.
1507 2651 1539 2677 In
1557 2658 1642 2683 marg
1664 2660 1669 2676 z
1692 2650 1765 2675 (ire-

461 2695 566 2728 gorius
669 2701 714 2727 ²5¹·
737 2694 885 2719 Sermone
906 2691 1024 2718 Lxxx.
1046 2690 1122 2722 <siem
1146 2689 1184 2715 ib.
1207 2689 1237 2716 S.
1254 2688 1363 2715 Lxxx
1385 2687 1482 2722 prime
1503 2685 1597 2721 partis
1618 2685 1647 2711 in
1670 2692 1764 2717 marg.

462 2729 502 2757 35.
524 2729 556 2755 Iu
581 2736 693 2760 marga
718 2727 797 2754 Nota
819 2735 874 2761 pro
895 2725 1092 2753 contricione.

535 2834 575 2863 24
615 2821 787 2855 Gregorii.
816 2822 849 2852 ln
879 2821 940 2851 Ev.
968 2819 1025 2850 lib.
1054 2819 1073 2850 1.
1104 2819 1206 2849 Hom.
1235 2817 1342 2849 xvii.
1480 2814 1532 2847 35.
1561 2813 1611 2846 Cf.
1631 2811 1767 2843 Triaio-

463 2879 557 2912 gum,
585 2879 662 2911 pag.
692 2868 768 2901 331.
