1944 3323
183 215 320 243 stanno
344 206 437 262 xii]
669 218 843 249 TERTIA
874 219 996 249 PARS.

184 335 221 362 et
260 325 299 360 in
340 324 518 361 moribus
566 323 758 361 maturati
805 325 1087 361 erubescentes
1133 327 1180 361 de
1225 336 1330 362 statu
1378 327 1500 374 priori

185 384 294 419 illum
344 382 524 418 iudicant
569 382 688 418 fuisse
734 381 941 429 putridum
998 392 1033 418 et
1080 383 1277 431 iniquum.
1333 386 1500 420 Fructus

184 451 317 478 autem
359 441 442 478 eius
482 453 562 476 non
608 449 665 476 est
711 439 786 476 nisi
833 451 1119 477 momentanea
1164 451 1200 477 et
1246 441 1501 489 pruriginosa

184 499 406 535 delectacio
440 500 489 534 ad
514 511 635 547 quam
661 498 812 534 laniato
837 497 1028 535 interiore
1052 499 1216 536 homine
1240 500 1501 549 consequitur

150 557 353 595 §tristicia
387 558 589 593 dolorosa.
624 556 732 592 Finis
766 565 900 592 autem
936 556 1052 593 huius
1085 557 1282 594 libertatis
1312 568 1368 595 est
1394 572 1500 596 mors

184 615 335 663 penalis
368 615 408 651 in
440 614 503 651 via
537 624 574 652 et
606 615 693 663 ipsa
723 627 849 663 usque
872 616 922 651 ad
948 624 1119 652 mortem
1145 616 1382 653 continuata
1406 630 1500 654 con-

182 673 362 722 sequitur
395 686 504 709 mors
538 682 687 710 eterna.
722 672 830 709 Finis
853 681 989 709 autem
1012 673 1176 710 alterius
1199 674 1396 712 libertatis
1421 689 1500 724 qua

184 733 305 768 homo
345 732 387 768 fit
427 731 527 768 liber
565 745 587 768 a
626 740 794 779 peccato
835 731 1095 780 consequitur
1139 732 1180 769 in
1226 734 1301 769 hoc
1348 736 1500 771 mundo

184 803 305 838 parva
338 789 508 826 tristicia
542 799 579 826 et
614 790 729 826 dolor
762 802 901 825 sensus
934 801 1025 825 cum
1061 790 1204 827 mentis
1243 792 1390 839 gaudio
1431 794 1499 828 sed

128 858 272 896 iopost
307 857 478 884 mortem
512 848 592 885 vita
624 857 820 896 perpetua
853 857 890 883 et
924 849 1053 884 beata.
1096 850 1188 885 Ideo
1223 849 1319 885 dicit
1352 859 1500 887 textus:

182 908 298 953 Num,
329 906 472 955 inquit,
493 907 590 957 finis
621 907 778 942 illorum
812 918 919 941 mors
950 914 1026 951 est‚·
1062 919 1160 943 nunc
1191 915 1317 944 autem
1351 909 1505 945 liberati

181 978 202 1000 α
222 972 395 1014 peccato,
427 966 532 1001 servi
562 964 809 1013 autemfacti
830 965 914 1000 Deo
937 965 1084 1000 habetis
1095 966 1277 1013 fructum
1303 967 1337 1002 in
1361 968 1500 1003 sancti-

168 1024 413 1073 ficacionem,
433 1023 557 1073 finem
592 1036 682 1059 vero
718 1023 831 1058 vitam
865 1029 1049 1058 eternam.
1083 1025 1187 1059 Nam
1221 1024 1502 1062 continuantes

182 1081 219 1117 in
252 1081 466 1117 virtutibus
500 1093 543 1117 ex
576 1082 651 1117 hoc
684 1080 1002 1125 sanctificantur,
1037 1080 1076 1116 id
1110 1090 1179 1127 est,
1216 1081 1429 1119 firmantur
1462 1084 1501 1119 in

128 1139 361 1176 (amoribus
402 1139 464 1175 hic
504 1139 545 1175 in
583 1139 658 1183 via,
706 1147 742 1175 et
782 1147 1083 1186 perseverantes
1124 1152 1250 1188 usque
1290 1142 1339 1177 ad
1380 1141 1499 1178 finem

180 1197 429 1234 beatitudine
462 1206 657 1246 perpetua
690 1197 955 1245 premiantur.
990 1198 1228 1246 Exemplum
1262 1198 1358 1235 illud
1394 1201 1500 1248 Apo-

181 1255 272 1292 stoli
306 1265 364 1292 est
397 1256 494 1292 satis
528 1257 626 1292 rude
659 1254 905 1292 secularibus
930 1263 966 1290 et
990 1264 1352 1305 quantumcunque
1374 1258 1500 1295 sciolo

180 1324 237 1350 est
269 1314 426 1350 subtile.
461 1315 561 1350 Nam
598 1315 818 1350 secundum
854 1314 1015 1349 beatum
1049 1315 1245 1351 Jacobun]
1279 1316 1499 1363 agricultor

180 1374 339 1409 laborat
372 1372 486 1408 anxie
518 1385 591 1420 pro
625 1371 899 1408 seminacione
923 1383 1088 1407 suorum
1113 1372 1313 1409 seminum
1338 1374 1377 1410 in
1402 1387 1499 1411 aura

123 1447 162 1467 ιο
180 1431 337 1478 frigida,
368 1432 436 1467 sed
465 1443 555 1467 cum
581 1430 727 1478 gaudio
752 1442 890 1466 eorum
916 1430 1068 1466 fructus
1092 1430 1256 1478 colligit,
1291 1432 1322 1468 si
1346 1433 1499 1481 copiosi

181 1499 218 1525 et
252 1489 346 1525 boni
381 1489 527 1525 fuerint
560 1489 599 1525 in
633 1497 776 1532 estate3
812 1490 1177 1535 correspondenter
1211 1499 1268 1526 est
1303 1492 1350 1526 de
1384 1491 1499 1528 bonis

181 1547 373 1584 fructibus
430 1547 686 1596 supradictis,
745 1556 787 1582 ut
838 1547 984 1582 Psalm.
1033 1548 1207 1593 CXXV‘),
1250 1550 1292 1584 6:
1353 1549 1500 1586 Ezmtes

179 1607 283 1642 ibant
330 1613 364 1643 et
385 1605 537 1656 flebant
583 1606 773 1641 mittentes
819 1605 962 1641 semitm
1010 1617 1093 1650 sim,
1138 1607 1329 1643 venientes
1372 1615 1497 1644 autem

181 1664 328 1700 venient
360 1677 445 1700 cum
479 1664 722 1700 exultacione
749 1671 952 1712 portantes
991 1664 1207 1713 manipulos
1245 1678 1345 1701 suos.
1394 1666 1497 1711 Quid

124 1728 163 1759 25
181 1722 348 1758 dubium
389 1722 485 1771 quin
530 1722 604 1758 ista
651 1720 975 1770 experimentalis
1016 1723 1220 1759 sentencia
1263 1724 1497 1760 manuducit

179 1782 294 1817 valde
327 1782 446 1817 rudes
479 1782 529 1817 ad
558 1782 643 1817 Deo
677 1780 810 1816 debite
844 1779 1123 1816 serviendum?
1156 1781 1232 1817 Sed
1267 1782 1363 1818 latet
1398 1783 1498 1818 mira

179 1838 379 1875 subtilitas
413 1840 619 1887 quomodo
653 1838 720 1887 qui
761 1837 961 1874 seminant
995 1838 1035 1874 in
1066 1838 1245 1875 lacrimis
1278 1839 1317 1875 in
1351 1841 1498 1876 exulta-

181 1897 296 1933 cione
329 1906 478 1934 metent
511 1906 548 1934 et
583 1898 790 1946 quomodo
823 1897 976 1933 fructus
1008 1898 1243 1945 temporalis
1278 1907 1314 1934 et
1347 1899 1498 1935 fructus

180 1955 313 1992 anime
359 1955 515 1992 mistice
565 1956 868 2004 correspondet.
927 1957 1008 1991 Nec
1053 1955 1219 1992 dubium
1259 1956 1356 2005 quin
1402 1957 1499 1993 fines

123 2017 164 2048 3⁷0
181 2013 391 2051 extrinseci
436 2023 648 2063 sequentes
688 2027 731 2050 ex
774 2013 859 2050 istis
905 2013 1099 2049 fructibus
1142 2014 1362 2061 variantur,
1407 2028 1496 2051 cum

182 2072 270 2108 finis
304 2072 506 2109 servitutis
540 2072 695 2120 peccati
728 2071 778 2108 sit
801 2072 886 2120 ipse
910 2071 1096 2108 diabolus
1121 2080 1158 2108 et
1183 2072 1271 2109 finis
1296 2073 1497 2110 servitutis

181 2130 338 2166 iusticie
369 2143 484 2167 verus
518 2133 636 2167 Deus.
672 2133 761 2167 Non
795 2129 899 2166 enim
934 2139 1105 2178 possunt
1138 2130 1266 2167 inesse
1300 2131 1363 2167 isti
1400 2132 1496 2168 fines

180 2188 386 2225 intrinseci
420 2188 495 2224 nisi
528 2188 594 2225 isti
628 2189 725 2225 fines
761 2187 971 2225 extrinseci
1005 2188 1142 2224 statim
1176 2189 1313 2225 assint.

239 2248 317 2283 Sed
358 2256 553 2295 quantum
593 2248 642 2283 ad
683 2247 780 2283 fines
820 2246 1058 2283 intrinsecos
1099 2246 1195 2283 dicit
1234 2256 1381 2284 textus:
1422 2249 1497 2284 Sti-

124 2305 317 2354 1÷5pe11dia
346 2306 508 2354 peccati,
541 2318 669 2349 mors;
698 2306 837 2355 gracia
868 2305 956 2352 Dei,
990 2305 1066 2341 vita
1100 2313 1245 2349 eterna,
1278 2307 1313 2341 in
1343 2306 1498 2342 Christo

177 2363 266 2399 Jesu
301 2363 465 2399 domino.
513 2362 623 2400 Sicut
658 2363 762 2399 enim
797 2376 936 2400 omnes
969 2363 1070 2399 servi
1105 2363 1255 2400 diaboli
1290 2377 1416 2412 usque
1449 2366 1496 2400 ad

181 2430 351 2457 mortem
392 2422 539 2457 habent
580 2434 653 2470 pro
693 2421 895 2469 stipendio
936 2421 1156 2458 intrinseco
1197 2431 1367 2458 mortem
1410 2435 1498 2470 per-

179 2488 356 2527 petuam,
381 2479 436 2515 ita
460 2480 607 2516 habent
632 2493 706 2528 pro
731 2479 934 2528 stipendio
958 2492 1031 2516 suo
1056 2479 1277 2516 extrinseco
1302 2480 1497 2517 obiective

180 2537 310 2586 ipsum
359 2537 586 2584 diabolum3
632 2550 727 2574 nam
773 2539 1023 2586 Apoe.V10,
1071 2538 1093 2573 8
1140 2537 1350 2574 scribitur:
1396 2539 1498 2575 Ecce

249 2692 268 2710 1.
290 2683 384 2711 Coti:
406 2688 434 2710 et
454 2683 484 2710 in
507 2683 647 2711 moribus
668 2684 766 2711 twice.
876 2693 909 2712 11.
931 2684 1027 2711 Cod.:
1050 2693 1130 2712 nunc
1151 2685 1259 2719 inquit.
1371 2686 1407 2713 15.
1431 2685 1495 2714 hic:

178 2719 263 2745 c‹›d.:
286 2718 488 2746 huiusmodi.
544 2726 591 2751 24,
607 2718 648 2746 25.
666 2719 748 2754 Quid
766 2719 913 2753 dubinm;
934 2719 1019 2746 cod:
1042 2719 1115 2755 quin
1131 2721 1272 2748 dubium.
1329 2728 1374 2755 29.
1390 2720 1496 2747 Recte:

178 2753 434 2789 correspondent.
509 2752 550 2780 32.
573 2753 667 2781 Cod.:
698 2759 798 2788 potest
820 2759 960 2788 possunt.

255 2859 302 2880 11.
331 2849 434 2881 Rom.
452 2849 508 2890 VI,
529 2859 582 2889 21,
602 2859 654 2881 22.
757 2849 805 2882 18.
831 2850 950 2881 Jacobi
972 2851 1012 2893 V⁷
1032 2861 1064 2892 7.
1164 2851 1217 2891 34.
1245 2851 1346 2881 Rom.
1366 2850 1420 2888 Vl,
1444 2851 1495 2881 23.

1713 216 1785 258 343

1544 684 1612 711 The-
1632 685 1702 711 sruit
1725 686 1759 711 ω’

1516 719 1614 746 (iod‘s
1634 719 1749 746 service
1765 720 1790 745 i>

1523 754 1679 789 perpetual
1704 755 1787 781 bliss.
