1944 3323
201 255 278 291 322
734 259 956 292 JOHANle
974 258 1157 290 wvcrff
1178 257 1433 290 SERMONUM
1460 243 1610 301 [SERMO
1625 252 1793 281 xxxvm.

216 377 292 403 Tm<
314 376 339 402 is
361 376 446 402 salse.
487 376 578 404 ante
603 375 659 403 est
681 364 948 401 Antichristus
972 372 1091 411 atque
1115 363 1316 405 diabolus;
1347 375 1441 410 ergo
1465 361 1681 398 conclusio.
1716 362 1793 397 Sed

487 425 542 461 sic
575 432 787 472 arguentes
819 422 858 458 in
892 421 1138 470 probacione
1171 419 1442 458 antecedentis
1468 419 1668 465 deficiunt,
1702 431 1791 455 cum

486 496 567 520 non
600 490 731 531 potest
753 481 813 517 vel
846 479 1118 528 perfunctorie
1151 480 1318 515 suadere
1342 479 1449 526 quod
1483 477 1628 525 aliquis
1652 478 1793 513 debeat

486 553 592 577 nunc
625 547 847 577 sustentare
880 538 984 574 hunc
1015 538 1174 573 Petrum
1209 536 1248 573 in
1280 536 1356 573 vite
1389 534 1635 580 necessariis,
1670 534 1794 570 immo

486 599 619 648 posito
665 598 771 646 quod
810 595 971 632 deficiat
1009 594 1129 631 michi
1168 593 1372 631 evidencia
1411 593 1540 642 ipsum
1580 605 1663 629 esse
1701 595 1826 628 tunc5

486 655 791 700 Antichristum,
844 653 1061 702 prescitum
1115 651 1194 688 sive
1246 652 1465 702 diabolum,
1514 652 1581 687 sed
1633 651 1793 687 credam

487 714 732 763 oppositum,
767 720 977 761 peccatum
1009 711 1116 759 quod
1150 710 1259 758 prius
1291 710 1462 746 feceram
1498 717 1555 745 est
1588 708 1627 744 in
1662 720 1794 753 causa,

488 782 525 809 et
564 772 619 809 sic
658 770 873 808 nutriendo
913 781 959 806 ac
998 769 1169 805 fovendo
1214 767 1325 804 illum
1361 770 1520 803 Petrum
1568 767 1606 802 in
1651 778 1795 814 penam

486 829 643 879 peccati
677 828 836 878 prioris,
869 827 972 864 facio
1006 835 1147 863 contra
1181 825 1399 862 Christum.

547 890 593 924 Et
634 887 725 923 hinc
771 895 827 923 est
866 886 973 934 quod
1018 884 1217 933 sapientes
1262 883 1408 919 milites
1447 882 1611 919 ecclesie
1651 889 1853 918 exuunt10

488 959 527 983 se
561 959 582 983 a
616 944 819 993 corporali
853 942 1043 991 suffragio
1067 955 1147 991 quo
1181 941 1401 989 indigentes
1434 939 1664 977 huiusmodi
1698 940 1795 975 rele-

487 1013 625 1041 varent
677 1012 714 1040 et
759 1004 951 1039 habentes
997 1002 1044 1037 de
1095 1000 1165 1036 tali
1216 999 1406 1048 suffragio
1450 1011 1530 1035 non
1575 999 1796 1034 relevarent

488 1062 620 1099 taliter
652 1061 889 1109 indigentes,
923 1060 992 1096 sed
1025 1058 1064 1095 in
1098 1071 1191 1094 casu
1214 1057 1346 1106 posito
1370 1056 1681 1105 inspiracionem
1704 1068 1796 1092 con-

489 1121 662 1157 sulerent
696 1118 767 1155 Dei
806 1118 878 1165 sui,
919 1130 1008 1153 cum
1049 1116 1163 1153 aliter
1202 1115 1242 1152 in
1279 1128 1423 1164 penam
1464 1114 1617 1164 peccati
1651 1113 1797 1162 prioris

489 1179 667 1215 facerent
700 1185 743 1213 ut
776 1189 857 1213 non
890 1176 1048 1212 debent.
1819 1173 1854 1205 15

213 1239 462 1289 Weushould'be
547 1238 595 1272 Et
635 1235 726 1272 hinc
765 1234 941 1271 creditur
982 1232 1257 1269 mendicantes
1297 1231 1498 1278 dispersos
1537 1242 1608 1279 per
1647 1228 1797 1277 patrias

201 1276 314 1337 iglieeiuel
332 1275 474 1344 zilciiiffii?
490 1306 573 1330 esse
598 1293 781 1330 diabolos
814 1292 991 1328 fidelium
1026 1299 1302 1338 temptatores.
1338 1288 1535 1325 Prescitus
1569 1287 1673 1324 enim
1707 1286 1799 1323 licet

278 1345 398 1379 beggar,
490 1351 674 1389 habuerit
714 1350 847 1388 fratris
885 1349 1081 1394 habitum,
1123 1346 1467 1396 importunissime
1513 1345 1677 1394 pecierit
1722 1345 1798 1380 ele-

491 1410 690 1447 mosinam
724 1409 764 1445 in
797 1407 971 1453 mortali,
1006 1406 1303 1455 predestinatus
1336 1404 1467 1453 ipsum
1502 1404 1681 1440 relevans
1704 1402 1798 1439 facit

490 1477 533 1505 ut
572 1468 640 1513 sic,
680 1475 724 1503 ut
763 1479 844 1502 non
885 1466 1014 1502 debet.
1061 1466 1154 1501 Ideo
1193 1465 1309 1500 debet
1342 1463 1463 1498 homo
1504 1470 1539 1498 et
1572 1460 1799 1510 specialiter
1817 1473 1857 1495 20

492 1539 514 1563 a
537 1524 778 1563 relevamine
800 1523 922 1561 validi
947 1522 1119 1559 mendici
1154 1523 1201 1558 de
1234 1520 1423 1569 suffragio
1456 1531 1681 1568 precavere,
1706 1518 1799 1566 quia

493 1585 532 1620 in
581 1597 674 1621 casu
723 1595 801 1631 quo
853 1581 891 1617 in
935 1580 1079 1617 ultima
1128 1579 1366 1616 necessitate
1410 1577 1580 1615 voluerit
1625 1577 1800 1613 relevare

205 1656 272 1696 qu
290 1665 359 1692 may
374 1656 477 1683 intend
493 1643 614 1679 talem
651 1641 869 1685 diabolum,
912 1639 943 1675 si
977 1641 1082 1675 Deus
1116 1637 1356 1674 determinat
1396 1637 1503 1684 quod
1542 1648 1621 1672 non
1658 1643 1801 1671 noceat

217 1692 462 1753 ssffet‘fm‘ffilnss
494 1701 600 1736 ultra
624 1698 801 1744 ecclesie,
833 1698 872 1734 in
895 1698 962 1733 illo
987 1696 1196 1745 proposito
1220 1703 1359 1744 peccat
1381 1694 1553 1742 graviter
1577 1692 1801 1730 contrarius

243 1762 293 1788 1¹10
313 1762 438 1788 clun-ch.
497 1757 749 1806 beneplacito
789 1756 923 1793 divino
956 1764 993 1791 et
1025 1754 1188 1791 utilitati
1222 1752 1398 1798 ecclesie,
1434 1761 1469 1788 et
1503 1752 1630 1788 multo
1663 1750 1859 1798 magis,25

498 1816 590 1865 quia
624 1816 772 1851 relevat
804 1815 925 1850 talem
958 1812 1133 1849 validum
1169 1811 1478 1856 mendicantem,
1512 1809 1602 1846 ideo
1635 1810 1801 1845 stultum

495 1882 552 1910 est
576 1875 684 1922 quod
712 1872 835 1909 simus
865 1872 915 1908 ad
944 1870 1237 1907 relevacionem
1265 1869 1491 1905 validorum
1515 1867 1655 1903 talium
1684 1866 1803 1902 nimis

495 1931 625 1981 proni,
672 1940 709 1967 et
754 1929 880 1977 magis
931 1927 1214 1965 inconveniens
1260 1928 1367 1976 quod
1420 1938 1463 1962 ex
1507 1925 1592 1961 istis
1635 1924 1803 1960 infertur

496 1988 764 2026 communiter
806 1996 862 2024 est
895 1988 1003 2035 quod
1046 1985 1353 2022 elemosinantes
1385 1996 1467 2020 non
1501 1983 1720 2020 excitentur
1753 1983 1802 2018 ad

496 2049 709 2085 fovendum
744 2045 976 2082 huiusmodi
1012 2043 1297 2080 mendicantes.
1347 2043 1423 2078 Sed
1456 2041 1545 2077 felix
1578 2039 1861 2077 conclusi023o

497 2105 536 2142 Si
571 2105 675 2142 enim
701 2105 826 2141 debeo
850 2103 1013 2151 diligere
1046 2101 1267 2147 inimicum,
1293 2100 1418 2137 eciam
1442 2099 1659 2148 prescitum
1685 2106 1803 2146 atque

497 2163 717 2208 diabolum,
758 2163 883 2198 debeo
923 2174 1011 2198 cum
1052 2160 1215 2208 paribus
1255 2158 1328 2195 sibi
1369 2157 1613 2202 benefacere,
1659 2157 1726 2192 sed
1765 2155 1804 2190 in

498 2234 591 2258 casu
624 2219 817 2257 beneficia
849 2219 917 2256 tali
950 2217 1124 2267 prescito
1157 2217 1196 2253 in
1228 2216 1369 2253 ultima
1402 2215 1639 2252 necessitate
1671 2212 1804 2262 posito

498 2280 598 2315 foret
638 2277 815 2326 suffragii
855 2276 1077 2325 corporalis
1117 2274 1356 2319 subtraccio,
1399 2286 1491 2321 ergo
1531 2273 1570 2308 in
1604 2285 1697 2309 casu
1730 2272 1805 2307 hoc

498 2337 571 2373 sibi
597 2338 743 2381 debeo3
776 2335 806 2371 si
832 2335 936 2371 enim
962 2334 1126 2371 ulterius
1149 2333 1317 2370 vivendo
1352 2340 1387 2368 et
1411 2331 1615 2380 peccando
1648 2329 1805 2377 gravius
1823 2331 1861 2363 35

498 2403 660 2443 augeret
683 2393 755 2430 sibi
781 2406 924 2442 penam
955 2392 1110 2437 inferni,
1135 2391 1222 2440 quis
1253 2389 1407 2426 dubitat
1431 2388 1526 2437 quin
1555 2389 1630 2424 hoc
1659 2386 1805 2423 faciens

498 2452 628 2501 ipsum
655 2451 918 2500 dampnificat
952 2450 1216 2487 elemosinare
1240 2447 1504 2496 corporaliter
1528 2445 1726 2494 aliquem?
1758 2446 1806 2480 Et

498 2510 528 2546 si
573 2510 764 2546 obicitur:
812 2512 884 2545 Per
928 2508 1043 2545 istam
1091 2506 1334 2544 evidenciam
1382 2518 1462 2541 non
1507 2505 1632 2540 debeo
1676 2503 1806 2539 facere

499 2569 750 2616 corporalem
791 2566 922 2613 alicui,
962 2574 1071 2615 patet
1106 2566 1211 2614 quod
1246 2577 1326 2600 non
1359 2562 1551 2611 sequitur,
1586 2562 1654 2597 sed
1688 2561 1806 2608 plane

499 2627 605 2674 quod
640 2638 720 2661 non
754 2626 879 2661 debeo
921 2623 1183 2661 elemosinare
1225 2620 1490 2670 corporaliter
1522 2619 1695 2667 aliquem
1729 2617 1803 2653 nisi
1819 2630 1864 2662 40

570 2791 589 2810 Ι.
611 2781 704 2809 Cod.:
731 2786 776 2808 est
796 2780 948 2808 Clu-imis.
1039 2780 1063 2807 3.
1086 2780 1181 2807 Cocli:
1210 2778 1427 2813 protunc-torio.
1520 2785 1561 2808 10,
1584 2784 1618 2803 11.
1640 2775 1734 2803 Cod.:
1762 2782 1806 2801 se-

499 2822 593 2844 xuum
616 2825 657 2843 se.
776 2825 808 2843 ιι.
831 2816 924 2842 (juda
952 2816 1122 2848 indigena-s<
1145 2815 1277 2840 babitus.
1394 2820 1430 2839 12.
1453 2812 1546 2838 Coda
1575 2818 1635 2837 non
1656 2810 1805 2842 facuueffl.

500 2852 537 2879 13.
560 2852 653 2878 Col:
682 2851 783 2883 positi.
874 2850 918 2876 ⁴50.
942 2850 1035 2877 (Lotis
1067 2850 1172 2877 binus:
1200 2848 1283 2874 modi
1306 2848 1398 2874 deest.
1488 2846 1526 2873 31.
1549 2846 1643 2872 Com:
1672 2845 1804 2878 pst-scili.

500 2886 778 2919 3o.c‹›1⁴pt›1x1le1n;
806 2885 898 2911 adde:
927 2886 1145 2919 elemosynam.
