1944 3323
188 259 324 288 SERMO
345 249 444 307 vm]
675 262 851 295 TERTIA
878 263 1004 295 PARS.

188 369 342 405 missam
382 369 515 405 audiat
550 369 781 420 presbyteri
815 381 923 417 quem
963 369 1031 405 scit
1072 369 1319 404 concubinam
1362 370 1503 406 habere

187 427 458 464 indubitanter.
505 429 552 463 Et
593 426 791 475 sequitur:
831 427 938 463 L'nde
977 435 1011 463 et
1050 434 1183 463 sancta
1222 428 1400 478 synodus
1433 428 1503 464 hoc

185 486 253 522 sub
299 485 700 522 excommunicacione
743 485 875 521 statuit
921 485 1069 521 dicens:
1113 484 1337 534 Quicunque
1374 498 1502 522 sacer-

186 545 330 588 dotum,
357 544 622 587 diaconorum,
655 544 978 580 subdiaconorum
1008 551 1097 593 post
1129 544 1374 579 constitutum
1409 545 1504 580 bone

152 603 168 634 5
185 602 368 638 memorie
386 602 707 651 predecessorum
733 609 954 637 nostrorum
974 602 1098 637 sancti
1112 601 1252 637 Leonis
1269 609 1335 637 aut
1351 603 1506 639 Nicolai

185 660 231 696 de
275 660 449 696 castitate
492 660 722 696 clericorum
769 660 1016 696 concubinam
1058 660 1191 708 palam
1240 660 1398 696 duxerit
1445 661 1504 696 vel

185 719 337 754 ductam
372 731 444 753 non
480 718 699 767 reliqueril;
729 730 780 754 ex
808 725 923 766 parte
955 718 1222 766 omnipotentis
1245 719 1321 754 Dei
1350 727 1383 755 et
1413 731 1501 754 auc-

184 776 340 812 toritate
367 776 588 825 principum
622 777 887 826 apostolorum
922 776 1034 812 Petri
1059 784 1094 812 et
1124 776 1239 812 Pauli
1264 777 1503 826 precipimus

184 841 218 870 et
242 834 393 869 omnino
427 834 730 870 contradicimus
763 842 801 870 ut
835 834 991 870 missam
1025 847 1096 870 non
1131 841 1255 870 cantet
1288 848 1355 871 nec
1387 848 1499 871 evan-

132 893 329 942 togeliunz
365 892 471 943 legat
504 905 571 929 nec
603 893 803 942 epistolam
837 893 889 928 ad
921 893 1092 935 missam,
1132 905 1197 928 nec
1231 901 1382 930 maneat
1415 906 1499 930 cum

184 950 336 987 clericis
369 963 486 999 neque
516 958 668 1000 partem
702 951 748 986 ab
782 951 939 987 ecclesia
973 951 1169 1000 suscipiat.

242 1010 370 1056 Super
409 1022 488 1057 quo
529 1009 624 1045 dicit
663 1008 983 1045 Archidiaconus
1021 1010 1130 1057 quod
1170 1010 1343 1057 populus
1383 1010 1500 1045 debet

183 1068 419 1103 subtrahere
457 1080 479 1103 a
518 1066 589 1103 tali
628 1066 806 1103 decimas
845 1067 1107 1112 voluntarias,
1147 1067 1240 1116 quia
1280 1080 1352 1103 non
1391 1068 1499 1104 bene-

171 1125 308 1175 ficium
343 1125 416 1161 nisi
441 1126 587 1174 populo
621 1126 806 1176 officium,
839 1134 876 1162 et
910 1138 999 1162 cum
1035 1138 1174 1162 omnes
1208 1125 1440 1162 oblaciones
1463 1135 1500 1162 et

130 1183 337 1219 15decime
370 1184 516 1219 debent
549 1196 632 1220 esse
664 1183 902 1229 voluntarie,
927 1184 1083 1220 videtur
1105 1185 1229 1232 (quod
1263 1185 1322 1220 lex
1357 1185 1501 1221 habeat

183 1241 404 1278 efficaciam
429 1243 477 1278 de
508 1241 695 1278 omnibus
719 1241 834 1278 bonis
858 1241 1038 1288 ecclesie)
1062 1242 1167 1278 idem
1193 1255 1277 1278 esse
1293 1242 1499 1287 iudicium,

184 1299 279 1348 quia
325 1299 441 1336 aliter
486 1299 525 1336 in
565 1313 659 1336 casu
697 1313 779 1336 non
819 1300 987 1337 clericus
1027 1300 1212 1348 proditor
1251 1301 1417 1337 ecclesie
1457 1314 1500 1337 ex

183 1370 379 1394 consensu
425 1358 675 1407 dampnabili
720 1360 767 1395 de
813 1358 928 1395 bonis
974 1358 1139 1395 ecclesie
1184 1359 1397 1395 foveretur.
1451 1360 1499 1395 Et

183 1429 273 1453 curn
309 1416 413 1453 idem
448 1417 508 1453 vel
543 1416 669 1453 maius
702 1416 751 1453 sit
784 1416 977 1453 iudicium
1009 1418 1056 1453 de
1085 1429 1325 1466 quacunque
1356 1417 1497 1454 maiori

126 1474 456 1511 zofornicacione
509 1474 722 1523 spirituali,
767 1475 923 1511 videtur
968 1477 1076 1524 quod
1123 1475 1290 1512 clericus
1336 1475 1499 1512 inferior

183 1534 299 1569 debet
333 1533 521 1581 suspendi
555 1546 577 1569 a
611 1532 808 1581 superiori
842 1534 998 1581 prelato
1032 1543 1197 1581 propter
1229 1536 1499 1583 quodcunque

183 1600 391 1639 peccatum
433 1591 591 1639 gravius
628 1591 848 1639 spirituale.
897 1594 943 1627 Et
984 1604 1073 1628 cum
1115 1591 1164 1627 sit
1203 1602 1355 1628 certum
1391 1594 1497 1641 quod

182 1648 391 1685 luciferina
414 1650 601 1697 superbia
625 1649 664 1685 in
686 1650 853 1697 prelato,
876 1649 1123 1697 negligencia
1145 1650 1441 1698 evangelizandi
1464 1656 1499 1689 et

181 1707 354 1744 avaricia
372 1707 594 1743 Scariotbis
618 1707 695 1744 sint
720 1717 885 1756 peccata
908 1707 1105 1755 graviora,
1132 1721 1252 1756 quam
1278 1708 1497 1745 fornicacio

125 1765 164 1796 25
181 1765 417 1813 corporali5‚
437 1766 692 1802 manifestum
713 1775 768 1802 est
785 1768 892 1814 quod
912 1778 1124 1814 supremus
1143 1768 1320 1814 prelatus
1340 1767 1401 1803 cui
1423 1767 1497 1803 ista

182 1833 346 1872 peccata
379 1824 562 1871 graviora
586 1833 676 1860 sunt
700 1837 856 1860 summe
879 1824 1053 1869 notoria,
1088 1837 1109 1860 a
1132 1825 1395 1873 suspensione
1416 1839 1495 1861 non

181 1881 354 1918 flectitur
395 1891 559 1930 propter
598 1882 900 1919 excusacionem
943 1882 1119 1930 aliquam
1162 1884 1279 1931 culpa
1321 1884 1496 1931 dignam.

239 1942 292 1975 Ex
326 1940 469 1988 quibus
503 1953 593 1977 curn
629 1954 744 1977 cursu
779 1950 905 1977 status
938 1941 1104 1977 ecclesie
1137 1942 1231 1978 satis
1257 1941 1361 1977 fideli
1388 1942 1497 1978 colli-

180 1998 285 2045 gitur
319 2000 425 2046 quod
459 2012 479 2034 a
514 2012 619 2047 papa
653 2012 777 2047 usque
808 2001 856 2035 ad
881 2001 1131 2036 sacerdotem
1159 2000 1341 2036 infimum
1366 2001 1497 2036 nullus

124 2056 164 2085 150
181 2057 402 2092 excluditur
421 2070 442 2093 a
466 2057 726 2105 suspensione
749 2057 822 2093 nisi
849 2058 948 2093 forte
971 2057 1060 2094 talis
1080 2057 1145 2106 qui
1170 2057 1498 2106 irreprehensibi—

181 2114 270 2150 liter
307 2115 485 2162 sequitur
526 2116 734 2151 dominum
767 2118 899 2151 jesum
935 2116 1153 2161 Christum,
1194 2118 1301 2164 quod
1342 2116 1498 2152 indubi-

180 2182 312 2209 tanter
344 2186 422 2208 non
457 2173 642 2210 convenit
675 2173 982 2222 quibuscunque
1016 2173 1179 2222 prelatis
1213 2174 1387 2216 cesariis,
1413 2174 1498 2223 qui-

181 2232 413 2279 buscunque
466 2231 853 2279 evangelizacionem
909 2232 1164 2280 culpabiliter
1217 2233 1498 2269 omittentibus

180 2298 247 2325 aut
288 2289 593 2338 quibuscunque
633 2290 768 2338 aliquo
811 2303 872 2326 sex
918 2303 1107 2337 generum
1156 2304 1373 2327 consensus
1415 2291 1497 2327 istis

125 2346 541 2384 35cc›nsencientibus.
589 2350 636 2384 Et
682 2349 782 2384 forte
827 2348 882 2384 sic
928 2349 1058 2384 nullus
1105 2358 1161 2385 est
1201 2349 1278 2385 iam
1321 2351 1497 2398 prelatus

182 2405 390 2441 militantis
414 2407 579 2442 ecclesie
603 2406 697 2455 quin
722 2407 906 2443 arraliter
930 2420 950 2443 a
978 2407 1151 2443 Domino
1185 2407 1233 2443 sit
1267 2421 1495 2456 suspensus.

180 2465 228 2499 Et
262 2476 351 2500 cum
386 2477 525 2500 omnes
559 2465 659 2501 tales
692 2466 910 2501 secundum
947 2466 1051 2511 leges
1085 2465 1251 2502 ecclesie
1292 2475 1328 2501 et
1368 2467 1493 2513 legem

181 2521 355 2558 divinam
391 2521 527 2558 illicite
559 2522 787 2559 ministrant
819 2523 999 2567 ecclesie,
1035 2532 1143 2571 patet
1173 2533 1366 2572 quantum
1400 2524 1495 2560 irre-

179 2579 412 2627 gularitates
435 2580 565 2616 tocius
590 2580 796 2617 militantis
820 2581 986 2618 ecclesie
1011 2581 1128 2617 bodie
1162 2591 1252 2618 sunt
1276 2583 1495 2630 complexe,

120 2639 287 2686 40quod
343 2638 372 2673 si
427 2639 796 2676 excommunicacio
841 2639 931 2676 talis
976 2640 1134 2687 prelati,
1181 2640 1390 2688 suspensio
1436 2641 1493 2676 vel

180 2708 418 2744 quecunque
458 2696 697 2744 episcopalis
738 2697 986 2733 ministracio
1027 2711 1104 2733 non
1140 2698 1187 2734 sit
1221 2699 1353 2735 valida
1388 2700 1492 2746 apud

250 2838 268 2857 ι.
291 2830 378 2857 (jodx
401 2830 526 2859 audeat:
557 2830 596 2857 ib.
619 2830 713 2858 (juda
735 2839 824 2865 quem
849 2831 901 2860 sit:
933 2831 972 2857 ib.
995 2831 1089 2859 Coa:
1118 2832 1228 2858 habere
1249 2832 1342 2858 deest.
1367 2832 1492 2859 Addidi.

178 2874 208 2897 4,
225 2864 247 2892 5.
265 2865 366 2892 Recte:
391 2866 474 2891 beate
491 2865 648 2892 memorie.
706 2865 839 2892 54:021st
864 2866 975 2892 Leonis
990 2871 1016 2893 ct
1033 2867 1124 2893 nichil
1141 2868 1187 2893 de.
1246 2875 1271 2898 Τ,
1289 2866 1382 2893 (ζωὰς
1407 2867 1493 2893 reliu-

179 2901 277 2934 querit
289 2910 293 2929 2
307 2900 345 2926 ib.
357 2900 433 2927 eod.
445 2909 451 2926 τ
465 2901 517 2926 bes
532 2901 625 2926 deest.
636 2900 763 2927 Addidi.
803 2900 951 2927 30.1⁷20d.:
966 2902 1138 2936 suspencie.
1177 2900 1223 2928 36.
1235 2900 1310 2928 (jod,
1325 2912 1329 2927 :
1346 2902 1490 2927 irs-inituim

1739 258 1783 292 61

1616 1014 1683 1041 'Ibe

1550 1049 1751 1077 Archdeacon

1525 1092 1594 1118 says
1617 1092 1661 1111 we
1681 1093 1731 1111 arc
1752 1090 1781 1112 to

1517 1119 1675 1146 withdraw
1700 1120 1790 1146 time<

1559 1154 1637 1180 from
1661 1156 1745 1181 sucht

1524 1362 1590 1389 The
1613 1371 1696 1389 same
1717 1364 1780 1390 sule

1516 1398 1624 1424 should
1646 1399 1738 1433 applv
1759 1404 1789 1425 to

1524 1433 1560 1458 ull
1585 1441 1682 1458 wau-<c-
1705 1430 1778 1460 sins.

1560 1946 1681 1972 Almust
1704 1947 1739 1973 all

1533 1981 1662 2013 prelatus
1685 1987 1765 2008 must

1514 2015 1548 2041 bc
1571 2016 1791 2051 provisum-(1115

1540 2051 1714 2085 suspended
1734 2052 1769 2086 by

1611 2085 1690 2112 (hid,
