1944 3323
195 215 271 249 380
773 216 997 250 JOHANle
1018 216 1199 248 wvcmr
1219 215 1474 247 sERMONUM
1505 200 1656 257 [SERMO
1679 211 1784 239 xmv.

240 372 246 377 Ἴ
293 336 359 363 Tiu-
539 326 655 363 Circa
690 327 764 362 hoc
798 323 1045 372 evangelium
1081 323 1286 359 dubitatur
1320 331 1452 358 utrum
1488 334 1557 370 per
1590 321 1783 370 Spiritum

224 371 430 433 iffiwliiiigiiuliiig
479 383 680 432 sapiencie
727 392 846 430 atque
893 381 1064 418 sciencie
1117 382 1233 417 datur
1283 380 1407 417 vianti
1460 392 1702 427 cognoscere
1754 379 1785 415 si

197 441 458 502 «Ίξξῑιῗέἓξάξιῖἕὲῑὲῑ
478 442 663 492 speciales
707 441 919 487 oraciones,
962 439 1156 488 applicate
1199 440 1264 474 uni
1300 450 1467 487 persone
1504 450 1579 487 per
1612 438 1787 487 prelatos

190 486 275 538 nigre
294 485 540 549 bylspecnuvel
577 499 794 549 religiosos,
829 499 918 547 plus
950 505 1116 546 prosunt
1153 497 1212 532 illi
1241 508 1408 546 persone
1439 508 1550 544 quam
1583 496 1788 545 generales

201 545 455 608 ffisszffftsssh‘jl¹l¹llfl,¹ff
482 558 679 595 oraciones
724 557 845 593 eidem
885 568 1072 605 persone;
1116 563 1152 591 et
1198 554 1395 591 catholica
1441 563 1497 590 est
1548 552 1820 590 affirmativa&

196 615 316 649 general
338 610 457 651 prayer.
481 615 599 652 huius
633 614 741 651 dubii
776 627 821 651 ac
855 613 1118 650 hereticatum
1153 612 1268 649 huius
1297 611 1528 660 oppositum
1554 611 1593 647 in
1617 610 1787 648 concilio

480 675 755 710 Terremotus.
803 674 851 708 Et
891 685 981 708 cum
1022 683 1095 707 nec
1136 670 1244 707 racio
1282 682 1355 706 nec
1394 670 1593 717 scriptura
1632 668 1787 705 videtur

483 732 723 769 confirmare
756 730 925 766 istorum
959 729 1206 777 prelatorum
1231 727 1476 764 sentenciam
1501 727 1540 763 in
1564 728 1637 764 hac
1662 735 1787 775 parte,

481 790 637 826 videtur
670 790 778 837 quod
810 787 902 824 licet
936 787 1040 824 circa
1074 786 1184 823 illam
1218 786 1413 822 dubitare.

538 847 705 883 Videtur
744 855 876 883 autem
917 846 1024 894 quod
1063 844 1266 881 sentencia
1299 856 1418 892 quarn
1460 842 1702 880 catholicant
1741 843 1847 878 sitw

209 905 287 933 This
307 905 334 932 1³
356 905 440 932 ‘³¹³0-
482 907 593 943 falsa.
629 905 763 941 Primo
797 904 870 941 sic:
905 902 1126 940 Oraciones
1159 901 1460 950 generalissime
1493 909 1583 937 sunt
1618 900 1790 937 maxime

482 963 708 1001 necessarie
742 962 904 999 cuilibet
944 962 1149 1006 salvando,
1191 973 1284 1008 ergo
1324 960 1432 996 nulle
1469 958 1664 1007 speciales
1703 971 1791 995 ora-

483 1022 617 1059 ciones
657 1021 858 1070 applicate
897 1019 965 1056 uni
1006 1031 1177 1067 persone
1217 1027 1289 1055 etc.
1331 1019 1420 1066 plus
1461 1026 1630 1065 prosunt
1670 1029 1790 1065 quam

483 1080 688 1129 generales
721 1078 924 1127 applicate
957 1077 1087 1114 eidem
1122 1088 1304 1125 persone.

543 1140 740 1175 Probatur
778 1135 1073 1184 consequencia
1111 1148 1154 1171 ex
1187 1136 1262 1171 hoc
1295 1135 1402 1183 quod
1435 1133 1644 1170 oraciones
1677 1131 1848 1180 gene-15

484 1196 681 1234 ralissime
721 1208 818 1244 quas
859 1194 1040 1230 Christus
1086 1193 1182 1229 dixit
1226 1192 1397 1229 maxime
1441 1191 1678 1239 profuerunt
1717 1190 1792 1227 illis

484 1269 556 1304 pro
596 1254 739 1303 quibus
778 1252 919 1297 oravit,
966 1264 1058 1300 ergo
1102 1252 1210 1287 nulle
1249 1250 1459 1286 oraciones
1498 1249 1553 1285 sic
1593 1248 1792 1297 applicate

486 1313 609 1361 magis
633 1312 870 1361 profuerunt
894 1322 1014 1358 quam
1039 1309 1172 1357 alique
1195 1309 1418 1356 generales3
1444 1317 1481 1344 et
1504 1320 1593 1344 cum
1611 1306 1792 1343 Christus

484 1372 532 1407 sit
576 1383 736 1418 semper
780 1368 913 1405 vivens
959 1369 1008 1404 ad
1054 1367 1393 1415 interpellandum
1440 1365 1672 1402 humanitus
1717 1377 1790 1412 pro

485 1429 664 1478 quolibet
701 1427 1000 1471 salvandorum,
1040 1425 1196 1462 videtur
1236 1425 1343 1473 quod
1382 1424 1492 1460 nulla
1531 1423 1667 1460 oracio
1705 1435 1792 1471 spe-
1809 1432 1850 1452 20

485 1487 596 1524 cialis
643 1486 699 1523 sic
746 1484 950 1533 applicata
997 1484 1086 1532 plus
1134 1482 1260 1531 prosit
1304 1481 1502 1518 viantibus
1549 1494 1666 1530 quam
1714 1481 1791 1517 alia

484 1544 693 1594 generalis.

544 1605 591 1639 Et
631 1600 840 1639 consimile
880 1608 937 1636 est
971 1608 1254 1647 argumentum
1289 1599 1336 1634 de
1368 1597 1495 1634 beatis
1528 1597 1567 1633 in
1601 1598 1686 1633 celo
1721 1610 1793 1645 pro

486 1661 602 1698 nobis
636 1659 875 1709 generaliter
909 1657 1117 1694 orantibus
1151 1665 1187 1693 et
1221 1657 1267 1692 de
1301 1655 1529 1692 oratoribus
1563 1655 1627 1692 hic
1659 1655 1699 1691 in
1731 1654 1792 1691 via

487 1720 553 1769 qui
587 1720 636 1756 ad
668 1716 973 1754 similitudinem
1007 1714 1294 1762 triumphantis
1334 1713 1498 1750 ecclesie
1537 1712 1795 1750 oracionibus
1814 1711 1852 1742 25

487 1776 739 1826 generalibus
773 1774 898 1823 magis
930 1782 1111 1822 prosunt,
1146 1772 1239 1821 quia
1271 1776 1328 1817 (ut
1361 1774 1561 1820 suppono)
1601 1773 1650 1808 ad
1689 1770 1797 1807 simi-

488 1835 697 1872 litudinem
731 1831 1017 1881 triumphantis
1051 1830 1215 1868 ecclesie
1249 1843 1291 1867 ex
1325 1829 1467 1866 maiori
1491 1829 1657 1866 caritate
1680 1838 1795 1865 orant

488 1907 560 1943 pro
598 1892 830 1929 viatoribus.
884 1892 932 1926 Et
975 1890 1006 1926 si
1046 1889 1202 1925 dicatur
1234 1889 1341 1937 quod
1381 1887 1606 1936 applicacio
1653 1886 1792 1923 talium

488 1951 723 1989 oracionum
772 1947 1019 1997 generalium
1069 1946 1194 1994 magis
1242 1945 1382 1994 prosit,
1431 1958 1520 1981 cum
1569 1945 1793 1981 necessario

488 2013 593 2046 Deus
626 2007 802 2056 applicat
834 2018 973 2042 omnes
1012 2004 1234 2050 oraciones,
1269 2016 1505 2052 quecunque
1543 2003 1792 2051 profuerunt,
1813 2001 1854 2033 30

487 2068 644 2105 videtur
676 2067 785 2114 quod
817 2063 1026 2101 oraciones
1060 2063 1265 2111 generales
1298 2070 1453 2098 tantum
1487 2069 1655 2109 prosunt
1694 2060 1794 2097 sicut

489 2126 621 2174 alique
655 2123 860 2172 speciales.

200 2193 266 2230 The
287 2190 473 2225 application
548 2183 823 2220 Confirmatur
846 2192 915 2228 per
938 2181 1013 2215 hoc
1033 2180 1140 2226 quod
1163 2178 1272 2214 nulla
1296 2176 1432 2213 oracio
1456 2178 1620 2224 prodest
1643 2176 1795 2213 homini

202 2230 474 2287 ⁰t{}¹.[¹1⁸1⁹},*0[1“³¹⁸
489 2241 565 2278 nisi
598 2242 645 2277 de
679 2248 830 2288 quanto
864 2240 968 2274 Deus
1001 2245 1184 2284 acceptat
1218 2248 1305 2272 eam
1344 2244 1379 2271 et
1419 2234 1608 2282 applicat,
1648 2243 1690 2270 ut
1722 2234 1796 2270 sibi

490 2299 636 2347 prosit;
671 2299 739 2334 sed
773 2297 853 2333 sive
886 2297 1117 2332 attendatur
1149 2295 1199 2330 ad
1233 2292 1469 2341 dignitatem
1493 2292 1693 2329 oracionis
1717 2292 1796 2328 sive
1815 2291 1853 2322 35

491 2359 540 2394 ad
580 2356 817 2405 dignitatem
858 2365 1027 2402 persone
1066 2352 1249 2397 iuvande,
1296 2363 1395 2399 eque
1435 2349 1629 2398 contingit
1669 2353 1796 2386 Deum

491 2424 702 2463 acceptare
736 2412 967 2450 oracionem
1001 2410 1228 2458 generalem
1253 2408 1353 2445 sicut
1376 2408 1590 2455 specialem
1616 2408 1793 2456 aliquam

491 2475 541 2510 ad
574 2473 805 2509 iuvandum.
842 2472 933 2506 Ideo
966 2468 1239 2515 theologizare
1272 2479 1348 2515 que
1381 2466 1517 2502 oracio
1550 2466 1637 2514 plus
1671 2465 1797 2513 prosit

492 2530 643 2567 homini
682 2529 839 2566 videtur
878 2540 961 2564 esse
1000 2528 1047 2563 de
1080 2538 1196 2562 sensu
1230 2524 1301 2561 Dei
1334 2523 1571 2561 abscondito
1605 2523 1795 2560 divinare.

561 2698 585 2727 3.
607 2698 701 2726 Cod.:
730 2698 872 2733 applicat.
945 2706 973 2731 4.
994 2695 1098 2723 Recte:
1127 2703 1188 2722 non
1210 2695 1288 2730 plus.

560 2795 590 2828 3.
617 2792 806 2825 Conclusio
834 2793 930 2824 XIX:
958 2791 1054 2830 Item,
1080 2792 1175 2833 quod
1203 2789 1372 2833 speciales
1400 2788 1598 2828 oraciones,
1628 2787 1796 2830 applicate

491 2840 549 2873 uni
577 2848 727 2883 persone
756 2846 808 2870 etc
812 2862 925 2870 .....
953 2837 1004 2869 Cf.
1033 2838 1129 2869 Fase
1158 2837 1230 2876 ziz„
1257 2846 1334 2878 pag.
1364 2834 1439 2867 281.
