1944 3323
156 239 291 268 SERMO
313 226 436 284 mv]
649 237 821 269 'rER'sm
849 236 974 268 PARS.
1685 224 1761 271 377

157 352 248 387 ideo
293 348 389 386 dicit
427 346 665 396 Apostolus:
712 344 929 380 Divisioues
976 356 1066 380 vero
1104 343 1335 394 graciarum
1374 351 1475 387 sunt,

157 410 255 445 idem
301 414 427 444 autem
471 405 651 455 spiritus;
693 411 728 440 et
767 403 970 439 divisiones
1009 401 1336 438 nu'uistracionzuu
1376 410 1476 447 sunt,

158 469 260 505 idem
305 473 431 502 autem
476 464 688 508 Dominus;
738 469 773 497 et
812 461 1015 497 divisiones
1061 460 1331 509 operacionum
1376 467 1477 507 suut,

158 527 256 562 idem
298 536 389 561 vero
427 523 534 558 Deus
573 522 637 571 qui
674 527 861 570 operatur
898 520 1024 555 omnia
1069 519 1104 554 iu
1150 519 1334 554 omnibns.
1378 519 1477 554 Tres
1504 521 1755 565 Thqdiumcyioe

125 586 142 618 5
158 593 291 621 autem
327 580 541 618 divisiones
573 580 799 629 procedunt
828 591 850 615 a
873 577 1016 626 spiritu
1040 576 1206 613 domino
1231 579 1315 613 Deo
1339 585 1478 613 nostro
1504 558 1535 584 ⁰²
1557 557 1625 584 (¹⁰⁸³
1642 566 1655 583 ὃ
1675 559 1756 591 ³¹¹¹*

159 644 206 679 dc
240 641 384 691 quibus
418 640 564 676 debent
597 650 736 675 omnes
771 645 807 673 et
840 635 985 684 singuli
1027 635 1271 679 contentam
1313 635 1478 684 quidam

159 710 293 738 autem
343 699 492 735 habent
539 698 686 745 gradus
735 695 915 743 dispares
962 693 1190 743 graciarum
1241 695 1289 730 de
1335 693 1478 742 quibus

160 760 306 796 debent
338 768 478 794 omnes
512 754 710 792 habituati
744 753 900 803 gracias
933 765 1050 801 agere
1082 751 1228 789 unitati
1260 751 1424 800 spiritus
1457 764 1479 788 a

161 830 240 866 quo
273 825 355 853 tam
390 814 605 862 dispariter
638 815 711 851 hec
744 812 983 862 procedunt.
1028 812 1090 847 Ad
1122 819 1280 847 tantum
1314 810 1478 859 quidem

106 887 146 910 10
163 875 381 912 Dominum
421 872 596 922 pertinet
637 873 784 909 habere
818 871 966 919 gradus
1000 870 1114 906 valde
1148 868 1328 917 dispares
1363 868 1479 905 mini-

161 943 339 971 strorum
375 941 412 969 et
444 944 515 980 per
538 942 789 979 consequens
813 929 924 977 prius
949 936 1008 965 est
1030 927 1305 965 necessarium
1332 928 1479 964 habere

160 991 315 1041 gracias
346 991 462 1028 valde
496 989 676 1038 dispares
708 989 758 1026 ad
792 987 924 1024 debite
957 986 1284 1032 ministrandum,
1319 995 1355 1023 et
1389 998 1479 1022 cum

161 1053 267 1087 Deus
307 1058 499 1098 operatur
537 1060 678 1085 omnes
716 1045 982 1095 operaciones
1023 1053 1206 1082 creature
1247 1045 1294 1081 de
1328 1052 1480 1093 quanto

161 1111 311 1146 bonum
345 1116 489 1144 nature
522 1107 696 1155 sapiunt,
731 1113 841 1154 patet
875 1105 983 1153 quod
1017 1105 1064 1140 de
1088 1102 1317 1139 necessario
1341 1115 1481 1140 omnes

109 1166 424 1216 15operaciones
457 1165 666 1203 moraliter
699 1166 803 1201 bone
834 1164 896 1200 vel
930 1162 1033 1199 male
1067 1163 1117 1198 ad
1149 1160 1266 1198 unius
1290 1161 1362 1198 Dei
1395 1160 1477 1197 uni-

161 1235 285 1263 tatem
320 1226 567 1262 reducuntur
600 1237 622 1260 a
656 1236 735 1272 quo
769 1230 931 1270 oportet
964 1220 1052 1258 illas
1085 1221 1308 1269 procedere
1341 1232 1481 1256 secun-

162 1287 257 1321 dum
282 1283 463 1332 dispares
492 1282 696 1328 raciones;
731 1281 822 1318 ideo
856 1293 938 1317 non
972 1289 1029 1316 est
1062 1279 1228 1328 aliquod
1261 1291 1363 1327 opus
1398 1287 1481 1315 tam

163 1344 315 1380 malum
349 1342 389 1378 in
421 1341 670 1378 Antichristo
702 1341 762 1377 vel
798 1339 882 1376 eius
915 1337 1124 1387 discipulis
1157 1336 1254 1387 quin
1284 1338 1482 1386 quodam-

164 1403 285 1438 modo
319 1400 447 1449 prosit
481 1399 668 1445 ecclesie3
709 1398 801 1435 ideo
836 1409 927 1435 cum
962 1399 1069 1434 Deus
1102 1394 1277 1445 Spiritus
1311 1397 1482 1432 Sanctus

107 1471 147 1491 20
162 1469 219 1497 est
259 1468 296 1496 et
334 1467 469 1496 tantus
509 1458 697 1495 dominus
738 1466 775 1494 et
816 1464 926 1493 tante
965 1455 1104 1492 videns
1149 1453 1367 1491 utilitatem
1414 1466 1483 1490 sue

162 1517 341 1564 ecclesie,
376 1518 461 1554 laus
494 1516 544 1553 sit
577 1515 646 1552 illi.

220 1576 387 1625 Signum
428 1584 562 1612 autem
596 1575 706 1623 quod
743 1572 898 1609 viantes
938 1571 1017 1608 sint
1059 1572 1106 1607 de
1140 1570 1288 1607 Christi
1330 1569 1482 1607 familia
1522 1574 1746 1613 ¹Cln‘ist'strue

74 1660 134 1691 b'ol
163 1644 220 1673 est
259 1635 369 1683 quod
408 1635 456 1670 de
494 1633 565 1670 tali
604 1631 834 1670 variacione
873 1630 1002 1666 nolint
1043 1630 1286 1666 contendere
1327 1630 1395 1665 sed
1435 1630 1482 1665 de
1514 1609 1754 1672 Ῐῗιῐέξζχζζξῖᾔρζῖὲῃ

69 1684 436 1742 2goipulcritudine
484 1691 607 1728 divini
654 1689 789 1739 operis
834 1688 1073 1726 contentari.
1128 1690 1281 1724 Novem
1312 1683 1316 1740 Ι
1346 1696 1481 1724 autern
1497 1680 1774 1749 git-‘gfoglfitssgssgm

107 1752 146 1785 25
163 1760 254 1789 sunt
277 1752 424 1799 gradus
447 1749 651 1787 varietatis
674 1757 883 1797 tamquam
903 1760 1045 1784 novem
1066 1747 1302 1794 angelorum
1321 1745 1482 1782 ordines
1506 1736 1603 1777 Goff's
1625 1750 1711 1788 work
1732 1758 1764 1776 as

164 1810 203 1846 in
237 1809 382 1858 quibus
416 1808 591 1845 scintilla
615 1806 777 1844 Domini
812 1805 1097 1855 pulcritudinis
1130 1804 1354 1841 intimatur.
1390 1805 1482 1841 Ideo
1560 1785 1715 1812 bcauuxul.

165 1868 262 1905 dicit
307 1877 454 1905 textus:
508 1867 715 1915 Unicuique
759 1866 877 1901 datur
922 1855 1186 1914 nianifestacio
1230 1863 1390 1912 spiritus
1433 1863 1485 1898 ad

165 1927 389 1971 utilitatem;
419 1938 514 1962 nam
549 1924 707 1961 diversa
740 1925 922 1960 membra
946 1922 1112 1960 ecclesie
1135 1922 1285 1958 habent
1308 1920 1484 1957 diversas

165 1984 336 2022 noticias
370 1983 702 2032 experimentales
736 1984 784 2019 cle
817 1981 898 2018 suis
931 1981 1090 2027 officiis,
1131 1989 1169 2017 et
1202 1992 1246 2016 ex
1280 1980 1359 2016 fide
1392 1992 1486 2016 con-

107 2044 149 2077 30
166 2043 320 2092 cipiunt
364 2043 473 2091 quod
517 2041 655 2078 omnia
699 2040 776 2077 ista
821 2041 967 2077 cedunt
1012 2041 1061 2076 ad
1107 2038 1322 2075 utilitatem
1369 2037 1486 2074 unius

166 2100 331 2139 ecclesie
364 2100 633 2138 necessariam
673 2100 797 2148 (quod
830 2112 912 2135 non
946 2107 1003 2136 est
1033 2096 1174 2135 divisio
1197 2098 1258 2135 vel
1282 2096 1486 2145 apostasia

165 2161 205 2197 in
239 2159 437 2196 militante
470 2158 639 2195 ecclesia
662 2158 758 2206 quin
781 2157 909 2206 prosit
932 2158 982 2195 ad
1006 2158 1185 2204 laudem)
1222 2165 1258 2193 et
1290 2157 1485 2192 honorem

165 2220 413 2255 reducuntur
437 2216 577 2254 matris
600 2225 749 2253 nostre.
785 2217 886 2252 Cum
916 2228 987 2265 per
1010 2213 1485 2273 talemxobfuscacionem

167 2279 285 2314 datur
318 2275 492 2321 occasio,
527 2284 570 2311 ut
602 2274 671 2311 illa
705 2276 863 2311 detersa
886 2275 956 2312 fiat
979 2267 1240 2323 postmodum
1265 2271 1487 2321 speciosior

114 2337 148 2369 35
168 2344 205 2372 et
243 2334 390 2371 clarior
428 2333 468 2369 in
509 2333 702 2370 membris
741 2345 816 2381 que
851 2335 956 2370 Deus
997 2345 1040 2369 ex
1079 2331 1215 2380 gracia
1255 2330 1487 2379 dignabitur

167 2393 245 2430 fide
278 2401 396 2438 stare,
437 2392 527 2428 ideo
561 2391 657 2428 dicit
690 2392 930 2440 Apostolus:
976 2391 1183 2439 Unicuique
1215 2390 1333 2425 datur
1366 2389 1486 2424 uzani-

156 2451 326 2501 festacio
350 2450 509 2500 spiritus
531 2451 583 2485 ad
605 2450 821 2497 utilitatem,
856 2451 931 2486 hoc
956 2458 1026 2495 est,
1061 2448 1279 2497 unicuique
1305 2449 1486 2484 membro

168 2509 334 2547 ecclesie
375 2507 656 2545 manifestatur
695 2507 735 2544 in
775 2507 958 2556 proximo
999 2507 1161 2544 effectus
1202 2505 1365 2555 spiritus
1399 2505 1486 2552 Dei,

167 2581 249 2604 non
282 2568 332 2605 ad
365 2566 581 2603 utilitatem
615 2566 716 2602 servi
751 2567 820 2603 sed
853 2568 903 2603 ad
936 2566 1152 2603 utilitatem
1186 2573 1324 2602 sancte
1348 2563 1487 2601 matris

108 2638 152 2670 40
168 2625 352 2672 ecclesie3
388 2625 496 2674 quod
530 2625 578 2661 de
610 2636 755 2661 novem
787 2624 977 2673 gradibus
1010 2633 1220 2673 tamquam
1256 2624 1304 2660 de
1336 2634 1479 2660 novem

167 2684 375 2721 ordinibus
409 2684 645 2731 angelorum
680 2682 920 2720 ostenditur.

236 2807 277 2835 25.
299 2806 394 2835 Cod.:
416 2811 575 2842 tamquam
597 2814 722 2835 nomen.
797 2807 844 2835 26.
867 2805 963 2834 Cod.:
986 2805 1111 2834 similla.

242 2889 338 2920 1—4.
366 2880 386 2911 Ι.
415 2879 495 2911 Cor.
522 2879 596 2919 XII,
622 2878 723 2921 4-6.
823 2889 875 2922 27,
904 2878 957 2911 36.
985 2878 1007 2911 l.
1035 2879 1114 2911 Cor.
1141 2877 1214 2917 X11,
1241 2888 1272 2920 7,
1299 2876 1330 2909 8.
