1944 3323
166 252 303 280 senno
325 243 449 299 xxix}
655 255 828 287 TERTffA
859 256 982 287 PARS.

164 371 280 408 nato;
314 371 351 399 et
373 374 444 411 per
476 373 724 411 consequens
756 362 846 399 talis
878 362 1035 411 privata
1068 363 1208 411 religio
1240 375 1321 400 non
1354 375 1484 400 essen-

165 420 320 458 cialiter
342 432 384 457 se
406 420 556 469 obligat
579 420 699 457 alicui
723 420 929 469 preposito
954 421 1219 459 conversanti.
1243 423 1336 458 Ideo
1359 422 1391 458 si
1409 422 1484 458 ista

164 478 305 516 frivola
321 478 459 526 religio
475 491 720 528 quemquam
737 478 901 527 obligat,
919 489 1014 516 tunc
1030 480 1158 516 solum
1182 479 1485 517 accidentaliter

165 537 329 585 obligat,
378 536 481 574 sicut
527 537 657 574 solum
705 537 1008 575 accidentaliter
1057 547 1133 579 est:
1183 547 1220 574 et
1265 537 1298 574 si
1341 540 1484 583 valeat,

132 594 468 632 5accidentali'ter
500 595 651 644 obligat
685 596 905 644 quemlibet
945 596 1222 633 christianum.
1270 598 1485 645 Oporteret

166 665 260 701 ergo
305 654 411 690 hunc
456 655 679 701 dompnum
725 655 884 691 studere
936 656 985 691 ad
1034 667 1152 704 quem
1200 663 1333 692 actum
1381 664 1418 692 et
1463 667 1485 691 a

165 724 245 760 quo
277 720 460 760 ternpore
492 724 538 749 ac
571 711 890 749 circumstanciis
923 712 1217 750 individuatum
1247 713 1387 762 religio
1415 726 1486 750 sua

165 769 338 818 obligat3
363 778 400 806 et
415 769 561 807 realius
584 772 816 808 accedendo
832 773 1040 820 quomodo
1064 773 1249 808 observat
1264 773 1484 809 secundum

165 827 293 876 legem
333 840 590 865 communem
632 829 779 866 Christi
833 830 907 866 hoc
947 829 1089 878 triplex
1122 829 1359 867 consilium?
1396 832 1486 867 Non

110 899 150 922 10
166 886 272 923 enim
301 886 406 923 valet
434 887 643 935 sophisma
672 889 781 936 quod
805 889 938 924 nullus
961 888 1051 925 talis
1074 888 1283 936 religiosus
1306 888 1486 925 dissolvit

165 957 281 981 suum
321 944 504 982 ordinem
539 947 587 982 de
626 945 823 994 possibili,
857 946 951 995 quia
983 947 1014 982 si
1049 955 1105 983 est
1138 946 1228 983 talis
1261 946 1485 995 religiosus,

165 1003 286 1040 habet
324 1002 436 1039 illurn
472 1003 654 1040 ordinem
696 1004 914 1041 subiective
946 1014 1147 1041 servatum
1183 1005 1222 1041 in
1255 1017 1296 1042 se
1327 1005 1416 1053 ipso
1449 1014 1486 1041 et

164 1073 235 1110 per
288 1073 540 1111 consequens
594 1071 729 1099 manet
773 1062 926 1111 integer
977 1075 1059 1099 non
1111 1064 1286 1109 solutus;
1333 1073 1370 1100 et
1415 1075 1485 1112 per

164 1131 416 1168 consequens
448 1129 583 1157 manet
615 1120 824 1168 religiosus
861 1121 1061 1169 perfectus
1094 1130 1137 1158 ut
1168 1121 1293 1170 prius,
1327 1121 1421 1171 quia
1454 1121 1485 1158 si

110 1180 148 1216 15
163 1177 305 1226 religio
343 1178 412 1215 illa
449 1178 597 1225 deficit,
633 1188 769 1216 tamen
814 1189 949 1216 manet
992 1180 1240 1228 irreligiosus
1284 1189 1484 1229 apostata.

163 1236 213 1272 Et
256 1248 327 1285 per
371 1249 621 1286 consequens
658 1237 750 1274 talis
789 1237 999 1286 religiosus
1039 1251 1119 1275 non
1166 1248 1260 1275 tunc
1304 1238 1486 1276 dissolvit

163 1307 277 1331 suam
317 1294 567 1344 religionem,
601 1295 695 1344 quia
729 1305 824 1333 tunc
857 1309 938 1333 non
978 1305 1034 1333 est
1066 1296 1277 1345 religiosus
1309 1309 1381 1334 nec
1414 1309 1485 1334 sua

163 1352 316 1401 religio.

221 1412 339 1448 Tales
379 1412 526 1448 multas
564 1412 782 1449 instancias
815 1409 958 1461 'posset
991 1413 1145 1461 logicus
1179 1413 1321 1450 diffuse
1355 1414 1486 1450 facere

108 1485 149 1507 20
165 1478 306 1507 contra
359 1469 584 1508 sentencias
637 1470 876 1508 stolidorum
925 1471 992 1520 qui
1037 1481 1245 1520 tamquam
1299 1471 1485 1509 titinillus

165 1527 357 1565 simulant
389 1529 682 1577 repugnancias
722 1530 935 1566 doctorum
975 1538 1012 1566 et
1052 1543 1126 1567 nec
1167 1530 1336 1567 scientes
1376 1543 1483 1567 sum-

166 1587 295 1624 mulas
327 1599 400 1624 nec
432 1587 538 1635 leges
568 1587 855 1636 equivocorum
887 1587 968 1625 sive
995 1588 1276 1637 oppositorum
1301 1588 1484 1626 nesciunt

165 1654 399 1682 construere
418 1645 599 1682 codicem
621 1646 894 1689 elenchorum,
914 1648 982 1683 sed
1008 1648 1236 1694 detegentes
1260 1647 1301 1683 in
1324 1647 1484 1696 scriptis

164 1715 256 1740 suas
289 1703 556 1740 diffiniciones
590 1703 813 1740 invenirent
847 1717 890 1741 ex
924 1705 1225 1742 deteccionibus
1258 1705 1482 1754 logicorum

108 1766 146 1799 25
165 1763 273 1811 quod
307 1762 516 1811 quodlibet
549 1764 763 1799 verborum
797 1775 962 1799 suorum
997 1763 1111 1800 alteri
1152 1763 1202 1800 sit
1241 1776 1481 1812 repugnans.

220 1822 404 1868 Arguunt
436 1829 571 1857 autem
605 1822 655 1857 ad
688 1820 973 1858 stabiliendum
1008 1822 1290 1859 excellenciam
1321 1822 1380 1858 sui
1404 1822 1484 1870 pri-

163 1878 243 1915 vati
276 1878 430 1915 ordinis
464 1879 611 1916 multas
645 1880 854 1916 mardosas
879 1879 1075 1928 argucias.
1111 1880 1246 1916 Primo
1270 1880 1345 1917 sic:
1381 1880 1484 1926 Quia

164 1936 306 1986 religio
337 1937 496 1986 privata
528 1949 572 1974 ex
605 1937 768 1974 racione
808 1951 879 1974 sua
918 1937 1134 1975 intrinseca
1174 1938 1381 1976 essenciali
1421 1952 1484 1975 or-

165 1994 328 2032 dinatur
371 1997 422 2032 ad
467 1996 620 2032 cultum
667 1995 738 2032 Dei
792 1996 1033 2045 ampliorem
1080 2010 1200 2046 quam
1255 1996 1484 2034 communis

108 2057 150 2090 30
166 2045 575 2102 religio'christiana,
609 2066 703 2102 ergo
737 2063 795 2091 est
827 2054 894 2091 illa
918 2054 1152 2103 perfeccior.
1188 2055 1481 2101 Potenciorem,

166 2111 310 2161 inquit,
345 2113 498 2149 cultum
533 2112 689 2149 exhibet
722 2112 863 2161 religio
898 2113 1053 2161 privata
1087 2116 1172 2150 Deo
1205 2126 1276 2162 per
1299 2113 1359 2150 sui
1383 2113 1483 2150 obli-

165 2170 374 2218 gacionem
401 2183 522 2219 quam
547 2170 776 2208 communis
800 2171 954 2219 religiO.
989 2173 1089 2208 Cum
1126 2173 1186 2218 (ut
1220 2172 1372 2209 dictum
1407 2173 1480 2219 est)

165 2228 305 2276 religio
338 2228 495 2277 privata
527 2228 679 2277 obligat
703 2229 975 2266 essencialiter
997 2239 1079 2267 tam
1104 2231 1155 2267 ad
1178 2230 1483 2267 observanciam

163 2295 448 2335 preceptorum
474 2300 594 2336 quam
619 2287 881 2325 consiliorum
907 2288 1068 2334 Christi,
1092 2288 1264 2337 qualiter
1287 2302 1369 2326 non
1391 2288 1485 2326 facit

106 2348 147 2381 35
163 2345 390 2382 communis
430 2345 582 2394 religio,
623 2355 659 2382 et
703 2347 762 2382 (ut
796 2346 905 2389 dicit)
938 2355 1021 2383 tam
1056 2346 1237 2383 Christus
1270 2360 1390 2396 quarn
1425 2347 1483 2383 sui

163 2403 336 2452 apostoli
370 2403 530 2440 fuerunt
564 2405 612 2440 de
645 2404 801 2452 privata
834 2404 1040 2452 religione,
1081 2404 1173 2441 licet
1211 2418 1292 2442 non
1325 2405 1484 2442 fuerunt

163 2462 212 2498 de
245 2474 291 2498 ea
323 2463 544 2498 secundum
578 2461 688 2499 illam
721 2462 994 2499 variacionem
1035 2462 1327 2500 accidentalem
1362 2476 1483 2512 quam

163 2520 283 2556 habet
305 2519 438 2565 hodie,
471 2520 631 2557 fuerunt
662 2529 801 2557 tamen
833 2522 881 2557 de
914 2533 958 2557 ea
990 2522 1210 2558 secundum
1245 2521 1383 2559 omnia
1414 2534 1484 2558 sua

164 2577 417 2621 essencialia3
451 2586 489 2614 et
522 2583 578 2624 (ut
605 2578 716 2622 dicit)
753 2578 964 2627 religiones
996 2579 1150 2628 private
1181 2592 1263 2616 non
1296 2579 1485 2617 differunt

103 2648 186 2681 4oa
230 2648 271 2672 se
309 2635 479 2673 invicem
525 2636 795 2673 essencialiter
839 2637 1025 2685 specifice
1069 2639 1137 2674 sed
1183 2638 1485 2675 accidentaliter

164 2702 337 2731 tanturn.

232 2837 257 2856 2.
280 2828 375 2857 Cod.:
396 2829 468 2856 Ideo
489 2828 542 2856 sic.
618 2829 646 2856 6.
664 2828 758 2856 Cod.:
780 2829 850 2857 huic
871 2829 942 2857 dom
971 2830 1011 2857 ni.
1086 2830 1240 2865 10.Cod.:
1264 2836 1366 2866 posset
1388 2831 1482 2858 locus.

164 2871 210 2891 20.
231 2863 369 2892 Rectius:
392 2863 555 2891 tintinillus
576 2874 606 2889 =
628 2864 777 2893 tinnulus.
799 2865 836 2893 cf.
859 2865 906 2892 Du
955 2873 1031 2900 ange
1052 2865 1120 2896 Vlo,
1141 2865 1202 2898 501.
1324 2865 1366 2893 25.
1389 2864 1482 2892 Cod.:

164 2898 248 2934 quod
270 2898 408 2933 quilibet.

1691 258 1709 283 ho

1720 247 1737 284 1),

1752 257 1766 282 &J

1587 1419 1688 1448 These

1555 1455 1724 1484 chatterers

1581 1491 1692 1530 charge

1523 1526 1749 1554 contradiction

1535 1560 1594 1588 iust
1615 1561 1744 1588 because

1534 1595 1606 1631 they
1627 1596 1667 1623 do
1688 1602 1741 1623 not

1506 1630 1695 1658 understand
1715 1632 1766 1659 the

1539 1666 1687 1693 elements
1707 1666 1742 1694 of

1592 1701 1682 1735 logie.

1532 1829 1557 1856 It
1577 1829 1603 1856 is
1624 1830 1736 1864 argued

1519 1895 1538 1914 1.
1560 1887 1625 1914 that
1646 1887 1763 1923 private

1523 1922 1651 1957 religion
1674 1922 1757 1950 ‹rix-es

1549 1956 1618 1985 God
1641 1943 1729 1985 fuller

1558 1992 1673 2019 worshi
1708 2003 1715 2025 ;

1516 2035 1541 2054 2.
1563 2027 1628 2054 that
1649 2027 1756 2055 Cirist

1568 2062 1627 2089 and
1649 2062 1706 2089 His

1568 2097 1704 2133 apostles

1520 2132 1668 2167 belonged
1690 2137 1721 2159 to
1741 2141 1758 2159 a

1517 2167 1635 2203 private
1654 2167 1763 2198 order:

1549 2201 1573 2230 3.
1595 2202 1659 2229 that
1678 2202 1728 2229 the

1517 2237 1625 2265 orders
1646 2237 1686 2264 do
1707 2242 1760 2264 not

1595 2271 1683 2299 differ

1544 2306 1729 2342 essentially.
