1944 3323
198 267 334 296 si-:Rmo
354 257 422 315 ix.]
686 271 862 303 TERTm
889 271 1014 303 PARS.

197 382 288 426 (que
322 385 378 414 est
411 377 646 425 metropolis
679 376 831 413 ordinis
864 376 1086 421 christiani)
1125 386 1261 425 surgat
1295 390 1315 413 a
1350 386 1515 424 peccato

197 447 267 483 per
299 435 476 483 graciam
511 444 548 471 et
580 435 829 472 illuminetur
862 445 943 472 tam
978 435 1123 471 affectu
1156 447 1276 483 quam
1311 434 1515 471 intellectu

197 506 267 541 per
300 493 390 530 fidei
431 492 760 530 illustracionem.
807 495 855 529 Et
889 506 1008 530 causa
1041 493 1242 529 subditur:
1284 493 1383 537 Quia
1417 494 1516 529 venit

198 552 323 588 lumen
363 559 482 597 tuum,
523 552 598 588 hoc
637 560 707 591 est,
743 551 906 588 Messias
946 551 985 587 in
1018 552 1103 599 lege
1136 551 1370 600 promissus.
1423 552 1515 587 Ideo

164 610 247 646 §ad
277 609 360 646 eius
390 609 734 646 illuminacionem
766 609 988 658 predictam
1022 609 1169 646 sufficit
1192 610 1301 657 quod
1332 609 1515 657 apperiat

198 667 372 704 hostium
402 668 462 703 vel
490 667 704 703 fenestram
740 667 942 704 interioris
975 667 1165 704 hominis.
1206 670 1307 704 Nam
1333 667 1515 703 Christus

198 725 264 774 qui
299 734 355 761 est
382 725 515 775 gloria
538 726 699 762 Domini
728 733 837 762 ortus
869 733 924 762 est
956 727 1255 776 superJudeam
1289 725 1516 774 specialiter

198 792 234 820 et
267 795 387 831 super
418 792 554 831 gentes
587 783 763 832 singulas
797 793 1100 832 consequenter.
1136 784 1239 830 Quia
1262 796 1355 820 vero
1389 783 1517 820 oritur

197 854 317 890 super
338 842 558 878 Jerusalem
594 851 630 878 et
662 854 742 878 non
775 842 882 879 iuxta
915 854 1017 887 earn⁷
1052 842 1274 879 excluditur
1302 841 1517 889 eclipsacio

144 901 247 936 mab
286 912 415 948 opaco
454 899 711 948 iuxtaposito.
757 902 805 936 Et
844 909 953 948 patet
991 902 1198 949 quomodo
1240 900 1421 937 Christus
1461 909 1517 936 est

197 959 334 994 lumen
377 959 426 994 ad
472 957 763 994 revelacionem
809 958 993 1006 gencium
1040 968 1076 995 et
1121 958 1289 1007 gloriam
1342 957 1516 1003 Domini,

199 1029 288 1053 cum
328 1015 377 1052 sit
418 1018 542 1059 Deus;
589 1025 626 1052 et
666 1017 742 1052 hoc
782 1016 888 1052 idem
929 1017 1078 1053 faceret
1117 1026 1201 1054 tota
1241 1016 1410 1053 ecclesia
1448 1029 1518 1065 per

196 1074 416 1111 Jerusalem
458 1074 680 1122 designata.
734 1077 835 1110 Nam
876 1076 925 1111 ad
960 1077 1139 1111 Hebreos
1179 1074 1312 1123 primo
1350 1084 1518 1111 vocatur

198 1132 380 1169 Christus
403 1133 590 1181 splendor
610 1133 753 1183 glorie,
778 1134 853 1169 hoc
878 1142 947 1178 est,
980 1134 1170 1182 splendor
1195 1146 1272 1181 que
1296 1142 1353 1169 est
1376 1132 1516 1181 gloria,

145 1192 289 1227 15cum
322 1190 371 1226 sit
405 1190 566 1226 realiter
598 1190 669 1227 Dei
703 1191 846 1241 forma,
886 1200 923 1228 et
956 1200 1013 1228 est
1046 1191 1120 1228 ista
1154 1191 1226 1228 Dei
1267 1191 1516 1227 illuminacio

198 1248 464 1285 desideranda
502 1258 669 1297 propter
716 1248 938 1297 periculum
985 1249 1271 1298 iuxtapositum
1317 1251 1365 1285 ad
1411 1249 1514 1285 istud

198 1308 334 1343 lumen
365 1319 447 1342 non
480 1306 734 1355 surgencium
760 1306 854 1356 quia
877 1308 1030 1344 tenebre
1062 1307 1310 1345 infidelitatis
1345 1316 1382 1344 et
1405 1307 1516 1355 igno-

198 1364 332 1402 rancie
377 1365 550 1414 operient
593 1372 756 1409 terram,
801 1366 876 1402 hoc
921 1374 991 1412 est,
1037 1366 1217 1402 infideles
1262 1366 1436 1402 iacentes
1478 1365 1516 1401 in

198 1423 378 1464 crimine,
423 1432 581 1460 terrena
626 1424 884 1460 solummodo
922 1424 1141 1472 sapientes:
1181 1432 1216 1460 et
1255 1423 1517 1460 conformiter

139 1491 182 1513 20
197 1482 340 1532 caligo,
379 1494 458 1529 qua
497 1481 714 1529 eclipsatur
752 1481 893 1518 solaris
927 1482 1062 1518 radius
1102 1482 1232 1531 operit
1259 1483 1428 1532 populos
1460 1482 1516 1517 in—

200 1540 354 1583 fideles;
395 1539 514 1587 igitur
553 1552 596 1575 ex
638 1540 931 1588 properacione
964 1554 1043 1589 qua
1076 1541 1296 1577 Jerusalem
1337 1540 1461 1587 surgit
1495 1553 1516 1576 a

198 1597 365 1633 crimine
416 1597 664 1634 infidelitatis
716 1606 752 1634 et
797 1599 960 1634 tenebre
1005 1599 1154 1635 orietur
1186 1599 1391 1641 Dominus,
1435 1611 1515 1634 non

198 1656 328 1691 solum
368 1655 470 1691 sicut
503 1665 655 1691 astrum
697 1655 826 1692 oritur
864 1669 983 1704 super
1024 1666 1128 1693 terre
1167 1656 1421 1705 superficiem
1457 1657 1515 1692 vel

198 1713 380 1749 Christus
429 1722 542 1749 ortus
593 1723 650 1750 est
699 1727 818 1762 super
855 1716 1022 1752 judeam
1072 1716 1139 1751 sed
1193 1727 1312 1763 super
1357 1715 1513 1750 fidelem

140 1773 179 1805 25
197 1772 406 1820 populum,
441 1772 542 1808 sicut
565 1784 630 1808 rex
663 1772 791 1808 oritur
813 1785 932 1820 super
954 1782 1111 1820 gentem
1146 1786 1258 1809 suam
1294 1774 1511 1809 secundum

196 1831 322 1877 legem
363 1830 589 1877 evangelice
623 1830 879 1873 dominandi;
920 1832 1026 1867 unde
1058 1831 1160 1867 sicut
1201 1840 1353 1867 astrum
1387 1831 1515 1867 oritur

196 1901 315 1936 super
353 1897 515 1927 terram.
557 1887 648 1924 licet
686 1888 725 1924 in
759 1898 850 1924 ortu
884 1898 920 1925 et
954 1898 1046 1925 ante
1079 1899 1116 1926 et
1150 1899 1239 1937 post
1273 1889 1460 1925 continue
1493 1901 1514 1924 a

195 1955 301 1982 terra
335 1947 502 1982 multum
539 1946 739 1992 distiterit,
774 1960 820 1983 eo
853 1949 960 1995 quod
1000 1960 1120 1996 super
1158 1948 1374 1984 orisantem
1415 1947 1515 1995 regi-

196 2004 283 2040 onis
334 2006 424 2040 date
478 2014 659 2052 apparet,
711 2005 766 2041 sic
810 2006 868 2042 sol
913 2005 1070 2042 iusticie
1111 2006 1282 2043 servavit
1327 2005 1515 2041 divinitus

140 2063 181 2093 30
197 2063 378 2110 equalem
421 2062 659 2099 distanciam
703 2076 723 2099 a
757 2064 989 2110 ter1·egeni5‚
1031 2064 1122 2100 licet
1155 2077 1275 2112 supra
1310 2063 1511 2111 regionem

197 2130 375 2156 nostram
412 2123 633 2168 apparebat
667 2121 919 2165 humanitus3
956 2131 991 2158 et
1025 2135 1114 2158 cum
1155 2123 1374 2159 secundum
1410 2124 1514 2169 Apo-

196 2179 340 2214 stolum
376 2180 440 2215 (ad
467 2180 644 2215 Hebreos
669 2182 717 2223 1⁰,
742 2184 781 2225 4)
815 2179 864 2215 sit
897 2187 1002 2216 tanto
1026 2181 1164 2216 melior
1186 2181 1338 2230 angelis
1361 2181 1515 2229 effectus

195 2245 335 2285 quanto
380 2250 455 2286 pre
509 2237 587 2272 illis
637 2238 885 2274 deferencius
936 2251 1071 2274 nomen
1117 2239 1360 2282 hereditavit,
1405 2247 1514 2286 patet

196 2304 347 2343 quanto
380 2295 534 2331 excellit
568 2295 667 2331 alios
702 2296 842 2332 fratres
882 2310 992 2338 suos:
1033 2310 1124 2333 nam
1157 2298 1330 2347 gloriam
1370 2297 1518 2332 Christi

140 2354 177 2385 35
197 2354 375 2389 viderunt
418 2354 585 2402 apostoli
630 2354 740 2402 quasi
779 2355 952 2404 gloriam
1005 2355 1195 2404 unigeniti
1236 2368 1257 2390 a
1298 2362 1414 2403 patre
1458 2360 1513 2398 (ut

196 2410 343 2447 dicitur
380 2411 572 2447 johannis
606 2414 654 2457 ls’,
687 2414 763 2458 14),
803 2425 883 2448 non
922 2413 1051 2449 solum
1092 2413 1186 2461 quia
1225 2413 1263 2448 in
1303 2413 1512 2459 transfigu-

196 2469 358 2505 racione
387 2469 574 2517 apparuit
598 2469 652 2506 eis
681 2470 809 2517 gloria
833 2470 980 2506 Christi
1012 2471 1257 2515 humanitus,
1287 2483 1360 2507 nec
1383 2472 1510 2506 solum

195 2527 288 2575 quia
322 2526 505 2563 viderunt
539 2527 621 2563 eius
653 2528 829 2575 gloriosa
864 2529 1071 2572 miracula,
1105 2531 1172 2565 sed
1206 2529 1299 2577 quia
1329 2529 1511 2565 Viderunt

197 2586 274 2621 fide
307 2594 344 2621 et
378 2585 581 2622 intellectu
615 2586 707 2622 licet
740 2588 922 2631 obscure,
957 2587 1125 2634 gloriam
1162 2600 1273 2624 suam
1309 2586 1511 2627 divinitus,

136 2655 180 2684 40
197 2653 232 2678 et
263 2643 291 2678 si
323 2656 393 2691 per
423 2643 799 2690 incorporacionem
832 2645 1015 2692 gencium
1048 2645 1085 2680 in
1121 2645 1267 2681 Christi
1300 2645 1508 2680 ecclesiam

263 2809 301 2828 21.
324 2801 418 2828 (jod.:
442 2801 674 2835 proparacionc.
751 2800 790 2828 ²¹2.
814 2802 909 2829 Com:
930 2806 1059 2828 tantum.

269 2907 318 2937 ¹4·
348 2897 450 2928 Hebr.
480 2898 501 2936 Ι,
530 2896 558 2927 3.

1752 266 1798 301 63

1530 675 1617 702 when
1640 676 1743 704 Christ
1760 678 1808 705 the

1566 711 1651 745 glorx
1673 713 1707 738 os
1725 713 1772 738 the

1560 743 1639 773 Lord
1664 754 1731 773 rose
1752 752 1782 773 10

1533 781 1594 807 rulc
1617 781 1663 807 his
1685 783 1806 816 pcople.
