1944 3323
180 237 256 271 356

217 359 238 384 lt
260 358 334 384 does
355 362 407 384 not

186 393 287 419 follow
309 392 371 419 that
392 391 441 418 the

245 427 334 453 share
355 427 380 453 is

210 461 419 488 transm-able.

205 590 233 616 If
248 589 270 616 it
291 597 382 620 were,
404 597 419 616 a

178 633 245 651 man
268 624 362 658 might
382 625 449 658 give

186 667 272 694 away
294 658 340 685 liis
361 667 429 685 own

228 694 388 720 salx-anmi.

183 1168 232 1195 No
252 1176 309 1195 one
329 1175 383 1195 can
407 1168 441 1194 be

200 1211 268 1229 surc-
289 1204 323 1230 ot‘
342 1203 425 1230 blisS.

176 2385 199 2412 It
223 2385 249 2412 is
270 2385 363 2419 urged
386 2385 449 2412 that

222 2421 353 2447 transfer
373 2420 407 2446 of

185 2455 273 2481 merit
294 2455 438 2488 although

236 2489 390 2516 uncertain

188 2524 296 2550 incites
318 2532 385 2550 111011
408 2528 437 2549 to

271 2559 361 2592 good.

757 245 980 276 ,IOHANNIS
1001 244 1179 274 wvcmr
1199 241 1452 273 sizaMONUM
1507 227 1659 284 [SERMO
1681 237 1770 264 xm-

465 351 754 388 beatitudinem
787 350 825 386 in
856 349 956 385 alios
980 348 1178 394 derivare;
1213 349 1319 396 quod
1345 347 1515 384 faciliter
1539 345 1773 382 conceditur

465 423 487 446 a
516 409 704 446 fratribus
737 407 803 456 qui
835 407 1062 443 concedunt
1084 406 1330 443 secularibus
1353 405 1488 442 literas
1513 403 1773 440 fraternitatis

464 476 655 504 testantes
694 466 927 515 porcionem
962 465 1022 501 vel
1061 473 1215 512 partem
1249 463 1307 500 sui
1343 462 1473 500 meriti
1507 471 1588 498 tam
1623 461 1661 497 in
1694 461 1773 497 vita

465 538 585 574 quam
619 524 659 560 in
691 532 833 560 morte.

522 585 570 618 Et
608 595 657 619 ne
697 582 765 618 fiat
804 580 1077 629 equivocacio,
1126 592 1310 628 suppono
1355 580 1462 627 quod
1508 579 1648 615 fratres
1692 577 1807 613 110115

465 640 692 687 intelligunt
725 652 848 676 unum
884 639 1131 675 confratrum
1165 650 1328 674 suorum
1363 636 1771 674 incommunicantem

464 711 583 735 unam
636 707 791 746 partem
837 697 897 733 sui
943 695 1073 732 meriti
1119 704 1155 731 et
1199 695 1321 732 alium
1374 695 1508 741 aliam,
1554 695 1622 730 sed
1668 694 1773 741 quod

464 755 629 805 quilibet
681 769 724 792 ex
762 755 798 792 vi
841 753 1139 791 communionis
1178 754 1323 790 habeat
1361 752 1490 801 ipsum
1538 760 1680 788 totum.
1735 751 1772 786 Si

464 814 567 850 enim
620 815 659 850 111
709 813 840 862 prima
890 812 1047 849 insania
1098 820 1231 848 errant
1282 811 1435 857 fratres,
1486 819 1581 846 tunc
1632 822 1676 846 ex
1721 808 1775 844 eis

465 872 586 908 dubio
640 873 759 908 stulte
804 870 1049 907 distribuunt
1099 871 1203 906 bona
1256 868 1387 905 meriti
1429 881 1502 917 pro
1549 867 1692 917 quibus
1737 866 1833 902 in10

464 929 712 966 beatitudine
749 930 1011 966 salvarentur.
1057 930 1105 964 Et
1138 940 1226 964 cum
1263 926 1336 963 erit
1369 926 1509 963 divisio
1541 923 1776 961 immediata

464 997 554 1036 post
588 987 691 1024 diem
732 986 884 1033 iudicii,
919 987 1026 1035 quod
1059 985 1190 1022 omnis
1223 986 1345 1021 homo
1379 983 1664 1032 dampnabitur
1697 982 1776 1019 sive

465 1045 698 1092 salvabitur,
743 1045 899 1082 videtur
931 1045 1040 1093 quod
1079 1044 1220 1080 fratres
1265 1042 1448 1080 nesciunt
1492 1042 1523 1078 si
1569 1054 1611 1078 ex
1655 1041 1776 1077 stulta

466 1103 691 1152 particione
723 1103 783 1140 sui
818 1102 950 1139 meriti
984 1102 1326 1150 dampnabuntur.

524 1164 635 1208 Item,
669 1174 789 1198 nemo
823 1162 940 1197 debet
973 1159 1197 1196 cerciorare
1230 1159 1393 1195 fratrem
1427 1171 1543 1195 suum
1578 1159 1625 1194 de
1665 1155 1833 1193 fetri-15

466 1219 638 1256 bucione
689 1231 942 1268 quacunque,
993 1217 1067 1254 nisi
1115 1219 1162 1254 de
1215 1217 1280 1254 illa
1326 1218 1374 1253 de
1418 1229 1497 1265 qua
1544 1224 1601 1252 est
1647 1223 1777 1252 certus

464 1277 591 1326 ipsam
617 1278 784 1315 evenire.
818 1278 896 1314 Sed
919 1276 1086 1326 quilibet
1109 1276 1230 1312 frater
1255 1274 1485 1311 huiusmodi
1509 1283 1565 1310 est
1589 1274 1775 1318 incertus,

466 1336 497 1372 si
536 1336 705 1384 ipsemet
743 1334 1059 1379 beatificabitur-3
1100 1333 1220 1381 igitur
1262 1345 1343 1369 non
1388 1333 1506 1369 debet
1552 1331 1775 1368 cerciorarc

464 1393 587 1430 alium
628 1395 675 1430 de
714 1392 929 1442 participio
969 1391 1028 1429 sui
1068 1391 1212 1430 meriti.
1263 1390 1303 1427 Si
1343 1390 1447 1427 enim
1488 1389 1537 1426 sit
1581 1388 1775 1438 prescitus

465 1453 671 1501 quomodo
722 1450 981 1500 participabit
1032 1449 1175 1498 aliquis
1227 1448 1370 1485 merito
1423 1461 1494 1485 suo
1546 1447 1585 1483 in
1632 1446 1775 1495 patria,
1794 1456 1835 1478 20

465 1522 555 1546 cum
595 1510 679 1558 ipse
718 1510 759 1546 in
797 1509 859 1545 die
900 1508 1038 1544 iudicii
1070 1521 1152 1544 non
1186 1507 1260 1543 erit
1292 1506 1495 1555 particeps
1528 1505 1587 1542 sui
1621 1504 1776 1541 meriti?

523 1570 633 1613 Item,
674 1580 793 1604 nemo
832 1566 906 1603 scit
937 1567 998 1603 vel
1032 1567 1147 1602 debet
1188 1566 1349 1601 credere
1382 1565 1490 1613 quod
1524 1564 1645 1600 frater
1685 1575 1777 1599 suus

465 1625 527 1662 cui
562 1626 745 1662 concedit
777 1626 855 1661 tale
888 1623 1146 1673 participium
1177 1622 1227 1659 sit
1256 1622 1545 1659 beatificandus
1570 1621 1609 1657 in
1631 1621 1774 1669 patria,

465 1693 501 1720 et
539 1684 570 1720 si
610 1696 692 1720 non
731 1683 985 1720 beatificatur
1023 1695 1104 1718 non
1144 1680 1402 1729 participabit
1436 1680 1580 1716 merito
1614 1679 1777 1716 alterius

464 1750 553 1790 post
587 1751 773 1787 mortem,
808 1754 901 1789 ergo
934 1741 1075 1776 fratres
1100 1739 1328 1776 huiusmodi
1351 1751 1432 1775 non
1456 1739 1601 1774 debent
1625 1738 1700 1773 hoc
1724 1736 1777 1772 eis
1795 1736 1833 1767 25

463 1809 545 1836 tam
571 1800 737 1836 dubium
771 1798 963 1836 confratri
996 1811 1067 1834 suo
1107 1798 1340 1834 concedere.
1375 1798 1474 1833 Cum
1509 1795 1613 1832 enirn
1639 1795 1778 1831 fratres

464 1871 533 1906 per
548 1858 701 1894 litteras
724 1855 955 1893 huiusmodi
979 1864 1189 1904 expectant
1210 1854 1521 1891 retribucionem
1545 1852 1778 1901 temporalis

465 1916 683 1961 commodi,
730 1915 784 1951 ita
830 1915 937 1963 quod
982 1913 1112 1962 sapiat
1157 1912 1425 1960 empcionem,
1468 1911 1625 1948 videtur
1670 1911 1777 1958 quod

463 1975 595 2010 nullus
635 1973 781 2010 sciolus
821 1973 938 2009 debet
976 1971 1032 2008 sic
1071 1983 1201 2007 emere
1244 1979 1376 2007 catum
1417 1970 1456 2006 in
1495 1969 1644 2014 saculo,
1686 1981 1774 2004 cum

464 2032 566 2068 foret
607 2031 867 2068 stultissimus
915 2029 982 2079 qui
1022 2041 1104 2066 rem
1150 2029 1416 2077 temporalem
1463 2035 1612 2064 emeret
1656 2038 1775 2074 quam

465 2091 646 2126 crederet
677 2089 929 2126 venditorem
962 2100 1042 2123 non
1075 2100 1192 2135 posse
1224 2087 1396 2123 vendere
1429 2097 1558 2134 neque
1593 2086 1698 2120 dare.

523 2150 634 2193 Item,
670 2155 836 2195 propter
870 2146 981 2183 illam
1016 2146 1137 2182 talem
1174 2143 1539 2181 commutacionem
1576 2151 1633 2178 est
1656 2143 1777 2178 homo

465 2205 617 2242 cercior
634 2207 681 2241 de
704 2204 873 2253 premio,
898 2205 965 2240 sed
990 2203 1078 2240 finis
1103 2202 1312 2239 cuiuslibet
1327 2201 1417 2238 talis
1442 2199 1778 2238 commutacionis

464 2263 565 2300 foret
604 2263 747 2311 premii
788 2261 1000 2307 certitudo,
1042 2274 1135 2309 ergo
1169 2259 1343 2309 quelibet
1376 2259 1466 2296 talis
1507 2257 1778 2295 commutacio

464 2321 566 2357 foret
599 2321 814 2369 superflua.
1795 2315 1834 2347 35

524 2379 598 2414 Hic
632 2378 780 2415 dicitur
814 2377 1084 2415 communiter
1107 2378 1214 2425 quod
1249 2375 1279 2412 si
1313 2388 1393 2412 non
1425 2375 1526 2411 foret
1561 2373 1660 2410 alius
1691 2372 1778 2408 finis

465 2436 555 2473 talis
609 2436 844 2473 commercii
897 2448 1015 2484 quam
1070 2434 1214 2483 premii
1267 2434 1478 2477 certitudo,
1533 2440 1627 2467 tunc
1680 2431 1776 2466 illud

466 2494 754 2530 commercium
808 2494 910 2530 foret
962 2493 1119 2530 frustra.
1180 2493 1257 2528 Sed
1309 2503 1414 2527 nunc
1471 2498 1528 2526 est
1585 2487 1776 2525 excitacio

467 2551 639 2588 hominis
684 2553 734 2588 ad
779 2552 1013 2588 merendum
1060 2559 1097 2586 et
1141 2551 1189 2586 ad
1231 2548 1613 2585 communicandum
1654 2558 1775 2593 opera

466 2609 742 2646 misericordie
780 2609 987 2657 indigenti,
1029 2617 1065 2644 et
1105 2609 1153 2644 de
1191 2616 1304 2644 tanto
1346 2615 1404 2643 est
1441 2604 1643 2642 sentencia
1690 2603 1834 2644 lite-40

465 2680 600 2704 rarum
634 2667 747 2703 licita
779 2675 899 2715 atque
931 2666 1010 2715 pia.

538 2874 565 2900 ’1,
588 2873 682 2901 Cod.:
703 2873 805 2900 incom
812 2872 1013 2899 municanter.
