1944 3323
172 226 308 254 §ERMO
331 226 434 253 xilv.
647 229 821 261 TERTIA
852 231 976 261 PARs.

647 415 840 455 SERMO
873 417 1020 456 XLIV.

228 512 340 548 Scitis
373 511 564 560 quoniam,
598 524 683 547 cum
715 519 849 561 gentes
881 513 1025 558 essetis,
1056 514 1108 548 ad
1138 514 1349 549 sinzulacra
1383 521 1487 549 muta

165 578 284 620 prout
317 570 558 606 ducebamini
587 577 727 607 euntes.
764 572 796 606 Ιἰι
834 571 925 607 Cor.
960 572 1063 617 X110‚
1100 581 1136 608 2.

228 630 268 665 In
307 628 477 677 epistola
516 627 592 664 ista
632 629 826 664 docemur
866 630 1073 677 quomodo
1112 631 1304 666 debemus
1344 642 1387 666 ex
1427 642 1485 666 re—

135 689 151 721 5
168 686 360 735 cepcione
382 686 528 735 prioris
553 685 835 724 beneficiencie
859 687 961 736 grati
985 699 1069 724 esse
1093 687 1266 724 Christo.
1292 688 1486 734 Quamvis

167 745 271 782 enim
306 746 527 782 secundum
562 746 755 782 Senecam
792 747 862 783 ‘De
901 745 1115 783 Beniflciis'
1156 754 1211 782 est
1243 747 1486 797 ingratitudo

167 804 400 840 naturaliter
423 805 661 850 detestanda,
694 813 990 841 commemorat
1013 817 1108 853 ergo
1140 805 1358 853 Apostolus
1388 818 1486 854 quo-

169 864 290 898 modo
324 862 459 899 fideles
495 862 695 899 Corinthii
735 872 828 899 sunt
867 876 888 899 a
931 863 1156 911 gentilitate
1199 863 1355 900 bestiali
1397 877 1486 911 gra-

167 920 314 958 ciosius
338 920 527 958 revocati.
553 921 679 967 Scitis,
704 921 845 971 inquit,
872 922 1049 970 quoniam
1074 934 1158 958 cum
1181 930 1318 972 gentes
1340 923 1484 967 essetis,

112 992 151 1013 10
168 980 243 1016 hoc
285 988 355 1025 est,
396 979 481 1016 iure
519 978 721 1027 gentilitei
760 979 936 1017 viventes
974 981 1195 1017 secundum
1235 980 1363 1028 legem
1398 994 1485 1017 cor-

76 1030 150 1061 [⁴0¹-
143 1046 341 1091 ruptam,
387 1046 429 1074 ut
473 1037 596 1086 geniti
641 1046 850 1087 tamquam
895 1039 1079 1086 ydolatre
1122 1038 1345 1087 turpissimi
1396 1040 1481 1091 adl

70 1074 150 1120 ²79
164 1097 375 1132 simulacm
421 1103 525 1132 muta
559 1104 682 1145 prout
721 1097 961 1133 ducebami'm
1004 1109 1047 1133 ex
1092 1096 1285 1134 instinctu
1331 1097 1483 1134 diaboli

165 1154 320 1200 erratis,
359 1167 464 1191 nunc
504 1156 554 1191 ad
593 1167 718 1190 unum
758 1155 1018 1192 simulacrum
1054 1165 1192 1192 euntes
1225 1164 1262 1192 et
1293 1168 1400 1193 nunc
1433 1157 1483 1192 ad

164 1213 284 1250 aliud.
336 1214 423 1250 Hoc
467 1221 600 1250 autem
646 1213 749 1250 foret
793 1215 967 1250 humane
1011 1222 1154 1251 nature
1186 1213 1480 1263 turpissimum,

112 1278 254 1310 15cum
289 1273 411 1308 homo
445 1273 666 1308 detestatur
698 1280 857 1320 turpem
898 1285 1076 1319 uxorem,
1118 1277 1279 1321 turpem
1321 1282 1480 1321 partum

163 1340 200 1366 et
246 1339 363 1378 turpe
409 1338 708 1376 ornamentum,
755 1332 824 1367 sed
869 1344 994 1380 usque
1039 1333 1089 1368 ad
1136 1331 1304 1379 caligam
1354 1332 1481 1368 multo

166 1388 290 1437 magis
347 1389 529 1425 horreret
586 1397 745 1437 turpem
799 1391 927 1426 Deum
979 1390 1047 1439 qui
1102 1399 1159 1427 est
1210 1392 1481 1439 quodcunque

164 1447 427 1484 simulacrum
476 1448 583 1496 quod
632 1447 671 1483 in
718 1447 882 1484 nomine
927 1448 1092 1485 Domini
1145 1449 1233 1497 quis
1287 1450 1478 1491 honorat:

166 1505 290 1554 magis
336 1518 429 1554 ergo
469 1514 506 1542 et
544 1506 728 1554 graciosa
766 1506 972 1554 gratitudo
1012 1506 1160 1544 Christi
1201 1507 1273 1543 fuit
1311 1507 1479 1555 gentiles

108 1578 148 1598 20
164 1567 213 1602 ab
246 1564 330 1601 istis
359 1564 561 1601 erroribus
585 1576 793 1612 revocare3
827 1567 896 1601 sed
918 1564 1060 1602 similis
1082 1565 1240 1602 videtur
1263 1566 1478 1604 necessitas

164 1623 283 1660 hodie
318 1635 506 1660 revocare
539 1623 767 1672 superiores
808 1624 975 1660 ecclesie
1014 1625 1063 1661 ab
1103 1624 1342 1662 infidelitate
1381 1627 1476 1673 ydo-

165 1682 292 1719 latrie.
326 1684 427 1718 Nam
463 1694 573 1730 reges
607 1691 643 1718 et
676 1683 922 1730 temporales
956 1682 1109 1719 domini
1133 1682 1172 1719 in
1197 1696 1300 1732 pena
1324 1684 1479 1732 peccati

164 1740 310 1789 prioris
344 1741 545 1777 ducuntur
576 1749 619 1776 ut
652 1741 722 1777 bos
761 1742 812 1777 ad
851 1741 987 1790 iugum
1028 1741 1192 1787 diaboli,
1233 1751 1274 1778 ut
1315 1755 1480 1780 consen-

164 1800 271 1837 ciant
306 1799 536 1836 machinato
570 1798 741 1835 facinori
764 1800 1013 1845 Antichristi,
1048 1809 1085 1837 et
1109 1801 1148 1837 in
1172 1810 1328 1837 tantum
1355 1801 1480 1838 cecati

107 1859 254 1894 zbsunt
287 1866 324 1894 et
359 1870 402 1894 ex
435 1857 599 1894 diabolo
634 1858 866 1906 prevalente
898 1858 938 1894 in
962 1858 1018 1896 eis
1042 1860 1143 1896 adeo
1168 1859 1345 1896 simulati
1372 1861 1479 1908 quod

163 1925 371 1953 assumunt
404 1925 446 1952 ut
479 1916 729 1964 evangelium
761 1918 870 1965 quod
903 1927 1064 1966 oportet
1097 1931 1164 1955 eos
1189 1919 1315 1956 eciam
1341 1927 1481 1956 contra

165 1974 415 2023 evangelium
450 1975 614 2011 diabolo
647 1975 782 2012 taliter
815 1976 991 2013 obedire.

222 2036 303 2070 Nec
337 2033 503 2069 dubium
538 2033 635 2082 quin
667 2034 814 2070 vadant
846 2043 889 2071 ut
929 2035 984 2071 sic
1023 2037 1073 2071 ad
1112 2035 1330 2073 simulacra
1373 2045 1482 2073 muta

165 2101 201 2128 et
235 2091 479 2129 tradiciones
512 2093 744 2141 prophanas
767 2106 866 2142 quas
899 2094 938 2129 in
962 2094 1212 2131 Antichristo
1236 2094 1482 2143 participant

109 2152 150 2183 30
166 2163 210 2187 ex
243 2163 454 2196 consensu,
489 2152 557 2187 sed
591 2159 731 2187 contra
765 2151 903 2188 omnia
936 2152 1030 2189 talia
1065 2153 1257 2189 debemus
1297 2154 1404 2190 clero
1445 2162 1482 2190 et

167 2209 391 2258 cuicunque
431 2209 539 2245 fideli
576 2209 637 2246 vel
676 2209 830 2246 infideli
869 2219 911 2246 ut
952 2211 1072 2247 fidem
1113 2224 1340 2260 supponere
1373 2214 1481 2261 quod

166 2280 246 2303 non
279 2268 384 2304 valet
417 2267 457 2304 in
489 2268 596 2304 clero
620 2281 726 2314 usus,
762 2269 822 2304 lex
845 2270 905 2305 vel
930 2269 1184 2326 plivilegihkm
1208 2270 1480 2315 vendicatum‚

165 2325 241 2362 nisi
275 2326 322 2362 de
355 2334 507 2374 quanto
541 2326 581 2362 in
605 2298 755 2363 Christi
780 2327 985 2375 evangelio
1010 2337 1068 2364 est
1091 2328 1318 2365 fundatum.
1353 2331 1481 2365 Immo

166 2385 286 2420 docto
320 2385 427 2432 quod
467 2384 632 2433 aliquod
671 2385 811 2422 talium
852 2396 1048 2434 repugnat
1081 2387 1230 2423 Christi
1264 2387 1481 2435 evangelio,

110 2444 149 2475 35
167 2442 436 2479 ministerium
480 2443 583 2480 foret
628 2443 808 2480 debitum
855 2444 1025 2481 seculari
1071 2445 1239 2482 brachio
1278 2445 1384 2482 istud
1424 2445 1482 2481 in-

166 2500 314 2548 fligere,
350 2502 458 2549 quod
491 2501 607 2538 aliter
639 2502 727 2550 plus
760 2504 978 2539 honoraret
1001 2503 1216 2540 infideliter
1239 2503 1483 2541 tradiciones

166 2559 328 2596 frivolas
361 2559 596 2597 Antichristi
630 2573 750 2609 quam
790 2561 895 2609 leges
935 2570 972 2598 et
1012 2562 1295 2599 ordinaciones
1329 2562 1482 2599 domini

165 2619 258 2654 Jesu
290 2617 451 2655 Christi.

236 2740 261 2769 5.
282 2740 375 2768 Cod.:
397 2749 464 2768 esse
484 2741 578 2768 deest.
641 2742 669 2769 (ᾧ.
691 2742 857 2776 Senecam3
878 2743 964 2770 cod.:
986 2752 1063 2770 senc.
1125 2743 1171 2771 30.
1194 2743 1288 2772 Cod.:
1311 2744 1482 2772 honoraret.

246 2834 271 2855 1.
292 2824 473 2856 Dominica
493 2825 627 2856 decima
649 2833 728 2867 post
744 2826 962 2858 Trinitatem.
983 2826 1209 2869 Cf.xVyc1if's
1229 2828 1408 2867 Sermom,
1429 2831 1482 2861 ed.

168 2871 368 2914 byArnold,
383 2871 420 2909 11,
435 2870 717 2916 pag.336—339.
781 2871 812 2904 6.
828 2873 968 2911 Seneca,
981 2874 1030 2904 De
1044 2872 1225 2905 Beneficiis
1243 2874 1298 2905 lib.
1312 2875 1332 2914 1,
1350 2887 1373 2909 1,
1391 2875 1441 2913 ΙΙΙ,
1459 2886 1482 2906 ι.

1699 223 1775 270 375

1578 637 1657 673 Ι)Ιιῐ)”
1678 640 1707 665 ol

1536 672 1690 706 gratitudo
1712 679 1741 699 to

1556 707 1661 734 Christ
1684 708 1731 734 sor

1515 742 1658 776 bringing
1681 752 1714 769 us
1736 748 1765 769 (ο

1572 777 1620 804 the
1641 782 1707 804 true

1572 812 1710 848 religion.

1523 1574 1590 1599 Ulli*
1612 1574 1744 1606 pst-lates

1529 1608 1604 1634 liaxe
1626 1608 1734 1634 turned

1493 1651 1582 1678 away
1605 1647 1635 1669 lo
1656 1652 1671 1669 a
1695 1643 1772 1671 salse

1602 1688 1670 1707 one.
