1944 3323
68 894 104 916 10

65 1177 100 1209 15

58 1760 96 1792 25

25 2334 84 2364 Fol

18 2379 98 2412 286⁴

127 246 263 275 samio
285 239 336 295 L]
614 250 789 282 TERTIA
818 252 942 283 PARS.
1646 249 1726 295 437

126 356 164 393 in
199 357 330 405 specie
364 366 401 393 et
435 357 587 405 species
622 357 658 393 in
684 356 890 393 individuo
917 368 955 394 ut
981 359 1018 394 in
1043 359 1236 402 subiecto,
1272 370 1307 396 et
1333 370 1439 408 patet

126 417 269 452 modus
303 415 492 464 loquendi
517 416 566 451 de
589 415 769 452 subiecto
794 415 833 451 in
858 417 1174 454 predicamentis
1199 418 1438 455 Aristotelis.

182 474 236 510 Ex
270 473 355 510 istis
387 482 498 522 patet
532 483 683 522 quanta
717 475 976 523 presumpcio
1010 484 1066 512 est
1101 475 1322 513 hereticare
1356 476 1438 513 sinc¹
1520 486 1551 524 11⁴
1565 486 1667 522 susm>-

124 531 329 568 cvidencia
367 531 613 568 sentenciam
655 531 977 580 philosophicam
1013 547 1089 583 que
1128 534 1342 572 testificata
1382 519 1722 587 esthffiisslissiliffliltio

124 599 330 639 tamquam
366 602 436 638 per
470 603 510 626 se
542 599 651 635 nota,
686 599 902 639 antequam
937 592 1083 628 veritas
1117 593 1245 629 fuerat
1269 606 1290 630 a
1313 593 1439 630 scien·
1491 589 1537 616 ¹¹³⁵
1559 585 1698 618 (joimcil.

123 648 299 685 cioribus
333 650 380 685 de
414 648 583 685 ecclesia
617 649 878 689 confirmata:
913 659 950 686 et
983 652 1033 687 ad
1067 660 1222 688 tantum
1256 652 1440 700 procedit

123 707 197 744 ista
230 706 387 744 insania
420 707 523 743 sicut
556 707 752 744 hereticat
777 720 910 756 regem
935 708 1076 757 Anglie
1101 719 1138 746 et
1163 709 1246 746 eius
1270 710 1439 756 nobiles,

122 766 177 802 sic
217 764 410 802 hereticat
449 774 577 802 sectas
617 766 801 812 fratrum,
849 775 886 803 et
931 779 1021 803 curn
1067 768 1210 805 fratres
1250 768 1440 805 dicuntur

122 825 370 873 regulatores
432 823 548 860 huius
610 824 764 872 synodi,
819 824 976 862 videtur
1031 839 1120 863 cum
1177 826 1280 863 veris
1331 829 1437 876 quod

122 881 345 920 hereticant
383 882 633 931 semetipsos.
673 882 841 920 Videtur
879 883 986 920 enim
1027 884 1162 922 multis
1203 887 1311 934 quod
1356 885 1438 934 epi-

120 942 231 990 scopi
274 940 340 990 qui
380 940 568 989 ignorant
608 941 846 990 quiditatem
893 942 1112 980 accidentis
1159 944 1221 980 vel
1265 943 1435 981 subiecti
1478 950 1695 986 Tliebisliops

119 1000 202 1037 eius
237 999 568 1048 equivocantibus
597 1013 679 1037 non
704 1000 1022 1037 determinarent
1047 1001 1165 1038 istam
1189 1002 1435 1039 sentenciam
1499 986 1681 1055 ”lffiff-„sfffg‘

119 1072 239 1107 quam
273 1058 480 1106 ignorant;
514 1071 595 1095 non
629 1058 733 1094 enirn
767 1058 924 1095 videtur
957 1072 1041 1096 esse
1074 1060 1151 1096 illis
1175 1073 1321 1109 magna
1344 1074 1437 1109 pru-
1637 1050 1641 1056 .

118 1117 260 1154 dencia
293 1116 538 1154 catholicare
570 1129 766 1165 ysagogas
802 1117 974 1162 Porfirii‚
1010 1118 1314 1166 predicamenta
1348 1119 1436 1155 Ari-

117 1175 272 1212 stotelis
306 1184 342 1212 et
376 1174 560 1224 quintum
595 1174 869 1223 Metaphysice
903 1177 1037 1224 quoad
1078 1178 1205 1214 multa
1246 1177 1353 1214 dicta
1388 1179 1435 1213 de

117 1233 297 1270 subiecto
333 1243 369 1270 et
410 1233 616 1270 accidente
657 1242 693 1270 et
733 1235 956 1282 dampnare
994 1234 1237 1283 scripturam
1279 1248 1433 1272 sacram

117 1305 207 1328 curn
233 1291 368 1328 multis
392 1291 480 1328 aliis
503 1300 735 1328 sanctorum
761 1292 987 1338 sentenciis,
1014 1293 1243 1342 specialiter
1262 1307 1351 1330 cum
1372 1294 1437 1330 ille

116 1350 311 1387 terminus
335 1351 512 1386 accidens
536 1359 730 1399 quantum
761 1351 896 1387 recolo
928 1364 1002 1388 nec
1036 1351 1109 1389 iste
1132 1352 1327 1389 terminus
1350 1353 1436 1388 suh-

116 1410 252 1446 fectum
277 1411 325 1445 ad
351 1421 511 1446 sensum
536 1421 676 1445 eorum
703 1418 760 1444 est
784 1409 980 1446 terminus
1005 1410 1101 1458 legis
1118 1410 1190 1447 Dei
1214 1410 1254 1446 in
1277 1423 1356 1459 qua
1380 1420 1437 1447 est

115 1467 247 1504 omnis
269 1467 414 1504 veritas
439 1470 496 1512 (ut
518 1479 612 1515 sepe
635 1467 776 1503 asserit
792 1467 1067 1515 Augustinus).
1092 1470 1151 1505 Ad
1177 1468 1272 1517 quid
1296 1482 1437 1505 onera-

115 1535 202 1562 rent
218 1525 427 1563 ecclesiam
447 1538 536 1562 cum
554 1525 639 1561 istis
656 1525 805 1561 frivolis
823 1538 898 1574 que
917 1526 1115 1573 ignorant,
1134 1540 1222 1563 cum
1240 1536 1332 1564 ante
1348 1527 1436 1563 illos

114 1585 174 1621 vel
207 1593 391 1621 auctores
426 1596 565 1620 eorum
591 1583 751 1620 fuerunt
774 1584 935 1620 articuli
961 1584 1051 1621 fidei
1077 1585 1172 1621 satis
1196 1586 1311 1621 multi
1336 1599 1435 1634 quos

115 1643 308 1680 articulos
332 1655 457 1691 usque
474 1642 593 1678 hodie
609 1642 734 1678 eciam
754 1643 971 1690 prudentes
989 1655 1127 1679 eorum
1144 1656 1225 1680 non
1240 1645 1435 1680 noscunt?

173 1700 432 1738 Ex'idenciam
468 1709 602 1737 autem
638 1702 687 1736 ad
722 1702 797 1736 hoc
835 1710 1060 1737 moventem
1096 1715 1175 1738 non
1208 1701 1325 1739 video
1358 1702 1433 1738 nisi
1507 1707 1574 1746 The
1595 1710 1666 1747 0111)-

114 1760 208 1808 quia
253 1760 293 1796 in
337 1760 504 1807 legenda
551 1760 740 1795 mardosa
786 1759 902 1795 huius
943 1760 1031 1796 festi
1072 1761 1207 1808 legunt
1247 1760 1433 1797 accidens
1470 1743 1698 1813 Ῐῇζιῗζὲἓζῖὲᾙ

115 1831 199 1855 esse
244 1818 328 1854 sine
374 1817 568 1863 subiecto,
615 1819 683 1853 sed
730 1817 826 1853 illud
867 1819 976 1866 quod
1023 1827 1081 1855 est
1125 1831 1266 1855 sanum
1314 1814 1722 1876 atquelssc22¹gnlliffifsst¹l¹ff

114 1876 362 1913 autenticum
397 1876 436 1912 in
470 1888 623 1912 canone
649 1876 780 1917 misse,
816 1876 855 1912 in
878 1877 1136 1913 oracionibus
1159 1886 1280 1925 atque
1304 1870 1525 1925 ynmisstja‘si
1550 1884 1583 1922 (gf
1601 1883 1724 1918 corpus·

115 1934 323 1971 dimittunt
368 1943 409 1970 ut
454 1934 656 1970 frivolum.
713 1937 753 1970 In
799 1934 987 1971 omnibus
1032 1935 1117 1971 istis
1164 1935 1268 1971 enim
1314 1919 1724 1988 planeffiffssssssffss¹ffd¹¹ssg¹

114 1993 306 2030 asseritur
339 1994 446 2041 quod
486 1993 600 2040 panis
635 2002 693 2029 est
727 2005 873 2040 corpus
908 1993 1057 2030 Christi
1098 2003 1134 2030 et
1174 1993 1310 2030 vinum
1351 1994 1434 2030 eius
1461 1989 1510 2015 ΠΝ
1531 1989 1646 2050 ¹ffi11530f
1662 1989 1711 2015 ¹¹¹⁶

58 2052 73 2083 '3
115 2051 290 2100 sanguis,
341 2051 443 2087 sicut
488 2060 659 2087 testatur
705 2051 975 2099 evangelium
1029 2054 1097 2088 sed
1147 2052 1346 2100 scriptura
1395 2052 1433 2087 in

115 2109 291 2158 legendis
326 2118 382 2145 est
415 2109 596 2158 ypocrifa
636 2109 727 2146 licet
766 2122 859 2146 vera
893 2113 951 2150 (ut
984 2119 1154 2147 testatur
1186 2110 1432 2158 Augustinus

114 2168 154 2204 in
199 2167 301 2204 libro
347 2169 394 2203 de
442 2170 636 2205 Sermone
676 2168 838 2204 Domini
886 2168 924 2204 in
964 2171 1127 2213 Monte).
1176 2168 1282 2213 Quid
1327 2169 1431 2205 enim

116 2236 293 2263 moveret
343 2226 586 2263 catholicare
638 2226 737 2262 illud
782 2227 1007 2275 ypocrifum
1055 2237 1136 2264 tarn
1184 2227 1432 2263 infundabile

114 2294 234 2333 atque
268 2285 425 2330 falsum,
460 2294 502 2321 ut
535 2285 780 2331 Augustinus
814 2298 906 2333 sepe
940 2286 1104 2322 asserit?
1144 2288 1233 2322 Non
1266 2285 1433 2321 dubium

115 2343 209 2391 quin
244 2343 310 2379 illa
340 2339 344 2395 Ι
374 2342 639 2379 catholicacio
673 2352 788 2380 sonat
813 2343 851 2379 in
876 2343 1213 2380 hereticacionem
1240 2343 1432 2391 evangelii

114 2414 194 2450 quo
241 2401 424 2437 Christus
470 2414 652 2449 expresse
697 2401 838 2438 asserit
880 2403 987 2450 quod
1034 2402 1106 2438 iste
1150 2402 1264 2450 panis
1311 2414 1428 2450 quem

114 2468 341 2508 sumpserat
382 2459 421 2496 in
462 2459 647 2496 manibus
689 2469 746 2496 est
787 2473 932 2508 corpus
975 2473 1104 2505 suum,
1153 2469 1190 2496 et
1236 2473 1305 2508 per
1339 2473 1432 2496 con-

114 2530 285 2567 sequens
320 2527 501 2554 remanet
534 2531 613 2554 non
654 2520 881 2555 destructus
923 2519 1151 2555 subiectans
1193 2518 1321 2555 activa
1355 2531 1432 2567 que

184 2661 203 2680 1.
225 2653 320 2680 Cocl.:
343 2654 462 2687 specie>-
483 2653 512 2680 in
535 2654 672 2680 dividuo.
764 2661 789 2680 2.
813 2654 907 2681 (jod.:
930 2654 958 2680 in
982 2659 1050 2680 autc
1073 2654 1219 2687 predictis
1240 2653 1429 2681 Aristotelis,

113 2698 141 2722 ς».
164 2688 258 2716 Cod.:
286 2688 411 2723 quando
433 2688 608 2715 hereticam.
708 2692 747 2717 ιδ’,
771 2696 812 2723 19.
835 2688 930 2716 Cod.:
960 2689 1112 2716 terminis.
1211 2687 1256 2722 ’ἂμ
1278 2689 1310 2716 In
1334 2697 1429 2723 marg.

113 2723 166 2750 inf.
188 2723 277 2750 286⁶:
308 2723 350 2750 Dc
371 2728 565 2750 sacramento
587 2723 691 2750 altaris
714 2731 766 2758 per
787 2728 896 2750 totum.

183 2796 235 2827 25.
273 2796 307 2826 ln
344 2795 494 2837 legenda
529 2796 703 2827 mardosa.
741 2795 940 2827 Accidentia
975 2795 1068 2826 enim
1104 2796 1179 2827 sine
1211 2794 1369 2826 subiecto
1397 2794 1430 2826 in

116 2842 242 2873 eodem
265 2842 476 2874 consistunt.
496 2843 615 2874 Lectio
639 2847 693 2874 11²²
710 2843 743 2874 in
765 2842 852 2873 festo
868 2842 1037 2884 Corporis
1054 2842 1197 2874 Christi.
1271 2842 1324 2873 32.
1344 2840 1429 2872 Vide

113 2898 217 2931 supra
246 2899 323 2931 pag.
353 2897 428 2920 221.
