1944 3323
150 269 286 298 SERMO
302 257 457 315 xxxiii]
670 269 844 301 TER'HA
873 268 999 300 PARS.

153 380 323 428 superbe
357 391 446 415 cum
481 377 570 426 ipso
594 376 770 422 diabolo,
797 375 1017 423 scripturas
1041 375 1101 411 vel
1132 374 1288 422 regulas
1319 374 1467 421 impro-

150 437 240 474 vide
286 437 499 474 statuendo
544 444 581 472 et
613 436 662 471 de
708 433 962 483 possessione
1008 432 1111 470 civili
1157 431 1386 480 specialiter
1431 430 1468 466 in

153 495 311 533 clericis
356 494 620 544 providendo,
667 501 704 529 et
748 492 805 529 sic
849 492 942 528 licet
987 500 1077 540 post
1123 492 1280 539 lapsum
1328 490 1470 525 debeat

151 553 320 591 ccclesia
360 566 382 589 a
422 553 543 588 modo
581 550 739 588 vivendi
785 551 824 587 in
869 559 975 587 statu
1021 548 1256 586 innocencie
1300 546 1468 592 variare,

120 616 234 648 'onon
272 620 407 648 tamen
456 611 574 647 debet
618 610 841 647 secundum
885 608 1200 645 instruccionern
1234 605 1471 643 Antichristi

152 670 221 707 sed
252 669 349 718 legis
383 668 532 706 Christi
565 669 786 717 prudenter
819 668 896 704 hoc
929 667 1060 704 facere
1093 666 1133 702 in
1168 676 1367 701 mensura.

606 804 800 845 SERMO
832 804 1019 844 XXXIII.

220 902 306 938 Vidi
336 901 500 937 hostium
534 908 712 950 apertum
745 900 781 935 in
815 900 907 936 celo.
941 900 1066 947 Apoc.
1103 900 1187 943 IV0‚
1221 912 1250 934 1.

213 962 314 998 Cum
334 959 535 1008 exposicio
553 958 670 995 huius
688 957 779 994 libri
804 957 972 1006 requirit
995 956 1287 993 revelacionem
1313 969 1472 1001 novam,

102 1036 139 1057 10
154 1018 327 1056 similem
361 1031 482 1067 quam
515 1018 717 1054 Johannes
751 1015 903 1061 habuit,
945 1028 1022 1063 que
1061 1015 1258 1051 revelacio
1293 1027 1474 1050 commu-

154 1077 258 1114 niter
296 1075 598 1125 postillantibus
638 1084 695 1112 est
734 1075 944 1119 absconsa,
989 1085 1108 1121 grave
1152 1072 1311 1109 videtur
1351 1071 1472 1108 michi

155 1136 295 1184 ignaro
325 1134 441 1171 huius
465 1133 663 1182 scripture
686 1132 935 1169 sentenciam
959 1131 1211 1180 sompniare3
1246 1131 1336 1167 ideo
1360 1130 1475 1179 quid-

156 1193 251 1243 quid
291 1193 331 1229 in
370 1192 625 1241 exposicione
669 1191 746 1228 ista
791 1190 940 1236 dixero,
987 1190 1077 1227 dico
1116 1202 1197 1226 non
1237 1189 1474 1225 diffiniendo

155 1252 216 1289 vel
248 1261 399 1288 temere
433 1251 664 1295 asserendo,
699 1250 766 1286 sed
791 1258 999 1297 tamquam
1026 1248 1237 1297 probabile
1261 1247 1292 1284 si
1317 1247 1474 1296 placeat

103 1310 231 1359 15ipsi
265 1312 362 1346 Deo.
402 1311 581 1346 Tenetur
614 1308 719 1345 enim
755 1306 1026 1345 communiter
1060 1307 1168 1356 quod
1200 1307 1403 1343 Johannes
1436 1304 1475 1341 in

155 1367 401 1417 Apocalypsi
433 1367 572 1404 scribit
605 1379 821 1415 sompnum
854 1365 1167 1414 ymaginarium,
1209 1364 1321 1401 cuius
1354 1364 1474 1400 inter—

156 1426 337 1476 pretacio
360 1426 417 1462 illi
442 1425 508 1474 qui
530 1425 659 1474 ipsam
693 1424 851 1462 noverit
883 1432 1030 1461 statum
1066 1423 1276 1460 militantis
1310 1421 1475 1459 ecclesie

157 1484 304 1522 abhinc
348 1497 474 1533 usque
518 1486 568 1521 ad
609 1483 712 1520 diem
755 1482 892 1519 iudicii
932 1482 972 1518 in
1013 1481 1232 1518 maioribus
1274 1480 1474 1517 mentibus

157 1543 368 1580 indicaret.
415 1545 462 1579 Et
496 1542 552 1579 sic
586 1551 643 1579 est
675 1540 943 1590 Apocalypsis
976 1539 1223 1589 sextipertita
1264 1552 1351 1575 cum
1394 1538 1475 1575 suis

102 1616 143 1637 20
158 1601 412 1647 incidenciis3
447 1613 617 1650 quarum
652 1600 784 1648 prima
817 1612 910 1648 pars
942 1607 1093 1635 tractat
1117 1600 1164 1635 de
1188 1597 1475 1646 persecucione

160 1659 386 1705 martirum,
426 1672 502 1708 que
536 1659 697 1696 Psalmo
723 1687 730 1694 .
757 1688 763 1694 .
791 1688 798 1695 .
820 1688 827 1695 .
872 1666 1040 1694 vocatur
1083 1657 1201 1693 timor
1245 1664 1477 1699 nocturnus,-

160 1719 336 1755 secunda
375 1726 523 1754 tractat
563 1718 610 1753 de
649 1716 777 1753 heresi
817 1728 894 1765 que
933 1724 1101 1764 propter
1132 1715 1254 1752 verba
1287 1723 1404 1751 acuta
1439 1722 1475 1750 et

158 1776 334 1821 subtilia,
374 1775 576 1813 violancia
625 1774 665 1811 in
706 1774 875 1811 ecclesia
919 1773 1096 1810 lucidata
1143 1772 1289 1810 dicitur
1333 1772 1476 1823 sagitta

160 1836 293 1871 volans
331 1835 367 1870 in
407 1835 487 1879 die;
531 1833 655 1870 tercia
694 1841 842 1870 tractat
881 1834 929 1869 de
969 1831 1166 1880 symonia,
1208 1843 1284 1879 que
1331 1830 1477 1867 dicitur

102 1893 360 1944 25neg0cium
400 1893 682 1943 perambulans
725 1892 761 1927 in
807 1891 992 1935 tenebrz's;
1043 1898 1187 1939 quarta
1233 1898 1383 1925 tractat
1429 1890 1475 1924 de

157 1951 419 1997 Antichristo,
444 1950 512 1999 qui
537 1959 595 1987 est
619 1950 835 1987 demonimn
862 1949 1141 1993 meridiammz;
1172 1947 1312 1996 quinta
1337 1948 1385 1983 de
1415 1947 1477 1983 die

159 2009 297 2046 iudicii
333 2018 369 2046 et
401 2018 510 2046 sexta
544 2010 592 2045 de
633 2017 740 2045 statu
779 2007 946 2044 ecclesie
980 2006 1149 2055 proinde
1172 2005 1476 2054 triumphantis.

218 2071 295 2104 Ista
319 2076 453 2104 autem
479 2067 650 2116 epistola
674 2067 849 2103 inculcat
872 2066 1081 2114 quomodo
1107 2065 1284 2101 militans
1309 2063 1477 2100 ecclesia

159 2126 369 2163 serviendo
393 2125 527 2162 celesti
552 2125 718 2162 ecclesie
741 2124 955 2173 gloriosius
979 2124 1196 2172 regulatur.
1221 2123 1321 2158 Vidit
1344 2122 1478 2170 itaque

103 2187 143 2218 30
159 2185 353 2220 Jolmnnes
385 2183 634 2232 ymaginarie
667 2184 831 2219 hostium
862 2189 1039 2232 apertum
1070 2182 1106 2218 in
1136 2181 1230 2228 celo,
1264 2193 1335 2229 per
1371 2181 1478 2228 quod

161 2242 342 2290 signatur
394 2242 592 2290 scripture
645 2254 756 2278 sacre
801 2240 1005 2277 sentencia
1050 2240 1233 2276 fidelibus
1278 2238 1478 2275 viantibus

162 2309 339 2337 reserata
372 2301 421 2337 ad
446 2301 611 2336 modurn
639 2299 830 2348 loquendi
853 2298 1038 2347 Apostoli
1065 2328 1072 2334 .
1098 2329 1104 2336 .
1131 2328 1138 2334 .
1165 2327 1172 2335 .
1204 2297 1352 2334 Ostium
1387 2297 1482 2332 mihi

162 2372 348 2409 magnum
383 2366 562 2408 apertum
596 2366 664 2404 est,
704 2366 741 2394 et
775 2359 825 2395 ad
860 2358 1023 2393 modum
1059 2355 1251 2404 loquendi
1286 2354 1479 2403 evangelii

163 2419 268 2454 Luce
301 2418 387 2462 ΧΙΟ,
424 2429 444 2464 7
486 2417 561 2452 iam
595 2416 732 2453 ostium
766 2416 938 2452 clausum
973 2423 1038 2452 est.
1093 2413 1302 2463 Scriptura
1345 2421 1477 2450 autem

103 2477 143 2509 35
163 2484 199 2512 et
224 2474 453 2524 specialiter
486 2474 735 2523 evangelium
770 2483 828 2511 est
861 2474 1005 2518 celum;
1036 2482 1078 2509 ut
1112 2485 1206 2521 ergo
1241 2481 1323 2509 tota
1357 2471 1480 2520 scrip-

233 2630 266 2649 ιι.
289 2621 386 2648 Cod.:
409 2629 424 2647 a
447 2620 688 2656 postulantibus.
763 2628 800 2654 17.
824 2620 918 2647 Coei:
941 2619 1094 2647 noverint.
1171 2626 1286 2654 19-29.
1309 2619 1340 2646 In
1364 2627 1478 2651 marga

162 2656 371 2692 Apocalypsis
391 2660 435 2682 est
457 2655 656 2689 sextipertita.
689 2663 709 2686 ι,
731 2662 756 2684 2,
781 2654 806 2684 3,
827 2663 856 2687 4.
878 2654 902 2682 5.
925 2655 952 2681 (J.
1018 2687 1033 2689 -
1058 2663 1097 2682 21.
1121 2655 1243 2682 Psalmo
1266 2654 1403 2689 sequitur
1424 2654 1478 2679 lac.

162 2692 191 2718 in
213 2691 282 2718 cod.
339 2698 382 2718 22.
405 2690 501 2717 Cod.:
523 2689 629 2717 accita.
685 2697 729 2725 27.
752 2690 848 2716 Cod.:
871 2698 927 2724 pro
948 2687 1045 2717 iud-m.
1103 2689 1143 2717 31.
1161 2689 1255 2717 Cod.:
1278 2688 1477 2716 sentenciam.

161 2725 205 2753 32.
228 2726 323 2754 Cod.:
345 2725 508 2760 Apostoli;
531 2724 669 2760 sequitur
688 2725 805 2751 lacuna.

230 2820 262 2851 7.
295 2809 346 2841 Cf.
367 2808 526 2851 Wyclif's
553 2809 733 2848 Sermons,
766 2809 806 2840 ed
853 2809 894 2850 by
922 2806 1069 2847 Arnold,
1104 2808 1144 2847 II,
1177 2818 1255 2851 pag.
1284 2807 1478 2839 308-312.

163 2856 198 2887 In
235 2856 290 2887 die
325 2857 472 2887 Sanctae
498 2854 690 2886 Trinitatis.
843 2865 894 2888 21.
928 2855 984 2887 Ps.
1011 2855 1082 2894 XC,
1112 2854 1140 2886 5.
1288 2853 1340 2885 23.
1376 2853 1420 2884 ib.
1447 2851 1478 2883 6.

163 2902 217 2944 25,
245 2901 297 2934 26.
326 2901 409 2934 ibid.
524 2902 574 2935 32.
605 2901 628 2933 Ι.
656 2901 737 2933 Cor.
763 2901 853 2940 XXI,
879 2912 909 2945 9.

1677 259 1755 303 207

1492 381 1550 409 We
1572 390 1643 416 vitry
1667 390 1751 408 nnnc

1505 418 1575 443 lliuu
1600 425 1644 443 wc
1667 416 1739 442 net-d

1504 452 1582 478 imm
1606 451 1653 477 llic
1674 455 1749 477 state

1510 485 1543 513 of
1563 485 1739 513 inunt-cuce.

1525 964 1678 999 liit'ficuliy
1699 968 1728 989 ot

1495 999 1696 1034 cxpounding
1718 999 1765 1025 [lic

1524 1034 1733 1069 Apocalypsc.

1491 1546 1609 1574 Sixt'old
1632 1545 1764 1572 anisium

1521 1582 1555 1608 οἵ
1573 1581 1622 1608 tllc
1645 1580 1735 1607 book.

1500 2070 1578 2097 How
1600 2070 1770 2104 glorwusly

1495 2106 1543 2132 Ille
1565 2109 1631 2132 true
1652 2105 1765 2131 cliurcli

1560 2140 1585 2167 is
1608 2140 1702 2167 rulcd.
