1944 3323
145 278 191 314 18

153 917 352 944 l‘unishment
373 917 406 943 ot

193 961 231 979 un
237 952 353 979 faithful

198 987 356 1014 stewards.

163 1551 271 1586 Pcople
292 1559 339 1578 err
360 1551 388 1577 in

145 1587 212 1613 rash
234 1586 407 1621 Judgments

155 1631 187 1648 as
208 1626 237 1647 to
260 1621 397 1655 prelatos.

163 2588 206 2613 St.
229 2586 298 2613 l'anl
320 2587 407 2613 enred

166 2622 235 2655 only
258 2623 304 2648 tor
325 2621 422 2648 (zod's

201 2654 365 2691 iudgmcnt.

730 280 951 317 JotmNNts
973 278 1154 316 WYCLIF
1173 279 1430 315 SERMONUM
1508 263 1662 325 [samio
1683 276 1732 306 111.

429 401 508 429 tam
549 404 589 428 se
622 404 740 440 quam
782 392 990 439 populum.
1024 390 1063 426 Si
1098 389 1201 426 enim
1237 389 1372 425 fuisset
1405 387 1623 436 temptacio
1657 387 1730 423 Dei

429 450 629 487 Christum
665 463 687 486 a
719 449 857 496 templi
892 447 1220 486 deambulatoriis
1254 445 1504 483 descendisse
1538 441 1599 497 (ut
1622 453 1731 492 patet

428 508 592 544 Matthei
626 504 800 558 quarto),
831 517 982 555 quanto
1017 505 1140 551 magis
1174 513 1230 540 est
1255 504 1325 540 Dei
1358 502 1575 551 temptacio
1608 503 1733 550 quod-

429 578 583 613 cunque
623 566 847 601 membrum
887 564 1051 601 ecclesie
1084 572 1119 599 et
1152 561 1378 610 specialiter
1411 561 1608 608 prelatum
1643 572 1731 595 cum

429 623 607 659 hostibus
640 623 695 658 sic
728 623 926 669 pugnare?
959 621 1088 658 Maior
1120 630 1253 656 autem
1278 619 1349 655 Dei
1382 618 1601 666 temptacio
1634 618 1734 653 foret

429 680 628 729 principes
677 680 798 716 seculi
850 692 968 727 super
1012 679 1205 727 populum
1258 689 1372 712 suum
1419 676 1516 712 tales
1560 675 1734 723 prelatos

428 739 631 786 preficere,
665 739 733 774 sed
767 737 938 773 maxima
971 745 1007 772 et
1041 735 1261 772 meridiana
1285 733 1355 770 Dei
1388 733 1606 781 temptacio
1635 733 1736 769 foret

428 797 526 832 tales
572 796 745 843 prelatos
795 807 941 831 nomen
993 802 1029 830 et
1075 792 1253 829 officium
1299 792 1405 828 istud
1449 803 1651 828 assumere
1699 798 1735 826 et

430 853 578 890 Christi
612 852 827 889 carismata
859 852 1010 900 populo
1046 850 1286 886 ministrare.

487 912 563 947 Sed
616 912 796 947 acuendo
847 910 1049 946 racionem
1102 917 1242 945 contra
1289 908 1364 943 hoc
1410 915 1621 955 peccatum
1666 918 1736 953 per

429 970 560 1005 locum
601 981 623 1004 a
661 967 803 1004 maiori
837 968 981 1004 Paulus
1020 967 1075 1002 sic
1108 965 1304 1014 loquitur:
1345 965 1422 1000 Hic
1453 965 1528 1000 iam
1561 964 1737 1012 queritur

428 1027 527 1062 inter
566 1026 848 1075 dispensatores
890 1033 929 1060 ut
949 1025 1084 1074 fidelis
1121 1024 1203 1073 quis
1247 1023 1475 1067 inveniatur,
1514 1034 1560 1058 ac
1603 1021 1634 1057 si
1681 1020 1736 1056 sic

429 1092 630 1131 argueret:
673 1083 747 1119 Hic
794 1083 833 1119 in
879 1083 1029 1118 mundo
1074 1081 1176 1117 inter
1220 1080 1516 1129 dispensatores
1560 1077 1736 1115 thesauri

430 1141 575 1177 terreni
605 1140 756 1177 domini
787 1140 952 1188 exigitur
980 1141 1052 1176 sub
1082 1151 1184 1187 pena
1212 1138 1321 1186 gravi
1344 1147 1385 1174 ut
1407 1137 1497 1174 talis
1519 1136 1737 1173 officiarius

431 1199 599 1235 fideliter
637 1198 879 1249 dispensare,
918 1210 1011 1245 ergo
1052 1197 1179 1233 multo
1219 1196 1345 1244 magis
1377 1197 1510 1245 quoad
1550 1195 1735 1231 celestem

430 1258 660 1293 thesaurum
700 1256 899 1292 infinitum
941 1254 1160 1303 pociorem,
1201 1255 1333 1303 quoad
1368 1253 1574 1291 dominum
1609 1251 1737 1288 domi-

430 1327 572 1350 norum
624 1313 822 1349 infinitum
879 1313 1072 1349 maiorem
1125 1321 1162 1349 et
1207 1314 1339 1361 quoad
1390 1310 1734 1360 dispensacionem

430 1372 627 1408 infinitum
681 1371 1007 1420 periculosiorem
1060 1373 1165 1407 Deus
1215 1369 1456 1406 iustissimus
1501 1368 1737 1406 retribueret

429 1429 578 1465 infideli
608 1429 872 1477 dispensatori
896 1429 1024 1477 qualis
1055 1428 1316 1477 prescribitur
1338 1441 1483 1476 penam
1516 1425 1736 1475 quamlibet

428 1500 665 1535 graviorem.

485 1546 562 1581 Sed
585 1545 678 1592 quia
702 1543 895 1591 contingit
916 1544 1110 1592 populum
1135 1545 1182 1580 de
1205 1543 1350 1580 talibus
1375 1542 1566 1579 ministris
1589 1550 1738 1577 temere

430 1602 617 1648 iudicare,
669 1602 758 1638 ideo
809 1601 1011 1649 subiungit
1055 1603 1292 1649 Apostolus:
1344 1601 1444 1638 Mihi
1491 1608 1616 1637 autem
1662 1611 1739 1648 pro

428 1661 581 1696 minimo
613 1667 680 1705 est,
713 1667 752 1695 ut
782 1673 803 1695 a
839 1660 942 1696 vobis
972 1660 1131 1705 iudicer,
1163 1668 1227 1695 aut
1258 1661 1304 1696 ab
1337 1660 1502 1695 humano
1526 1659 1596 1694 die.
1630 1657 1739 1693 Sicut

430 1717 532 1754 enim
573 1726 754 1766 tempore
786 1717 969 1765 Apostoli
1009 1726 1120 1754 erant
1161 1717 1414 1754 ministrandi
1448 1716 1543 1753 fatui
1577 1717 1624 1751 de
1657 1714 1738 1751 suis

431 1775 592 1823 prelatis
631 1785 780 1812 temere
820 1775 1055 1820 iudicantes,
1099 1784 1141 1810 ut
1181 1775 1233 1811 hii
1274 1776 1380 1824 quod
1426 1775 1615 1810 deberent
1655 1785 1769 1808 esse2

431 1833 553 1869 incliti
600 1842 636 1869 et
677 1845 756 1869 non
801 1834 953 1869 mundo
996 1845 1193 1881 pauperes
1232 1842 1268 1870 et
1308 1832 1362 1868 hii
1402 1833 1510 1880 quod
1549 1833 1738 1868 deberent

431 1891 661 1927 immediate
705 1891 907 1939 accepisse
951 1900 1190 1939 potestatem
1237 1904 1259 1928 a
1298 1890 1471 1927 Domino
1517 1902 1605 1926 cum
1652 1889 1738 1936 ipso

431 1949 617 1985 continue
656 1958 948 1994 conversantes,
989 1957 1027 1985 et
1065 1948 1121 1985 sic
1155 1950 1202 1985 de
1243 1948 1377 1985 multis
1416 1948 1503 1985 aliis
1536 1946 1738 1984 erroribus

432 2007 478 2042 de
530 2006 761 2054 apostolicis
817 2006 1036 2052 seminatis,
1087 2006 1142 2042 ita
1193 2006 1389 2054 contingit
1439 2005 1557 2042 hodie
1608 2013 1736 2040 totum

1751 621 1766 651 5

1756 920 1793 940 10

1759 1199 1793 1230 15

1754 1498 1795 1519 20

432 2065 623 2111 populum
664 2065 710 2100 de
750 2065 995 2112 prelatorum
1035 2063 1192 2100 iudiciis
1230 2066 1431 2109 oberrare,
1470 2072 1513 2099 ut
1547 2061 1796 2099 mundani3o

432 2121 567 2157 dicunt
599 2123 705 2170 quod
738 2131 897 2170 oportet
928 2121 1175 2170 superiorem
1210 2123 1408 2170 prelatum
1443 2133 1526 2158 esse
1558 2119 1737 2157 inclitum

433 2188 468 2215 et
508 2179 562 2215 sic
602 2181 750 2216 mundo
789 2180 965 2226 divitem,
1005 2180 1098 2228 quia
1137 2181 1286 2216 bonum
1328 2180 1424 2216 utile
1465 2181 1512 2215 de
1550 2178 1620 2215 tali
1653 2189 1739 2214 sen-

433 2236 554 2281 ciunt,
595 2247 631 2273 et
670 2237 724 2274 ita
763 2238 930 2286 palliant
963 2239 1071 2286 quod
1111 2237 1264 2274 licitum
1298 2246 1355 2274 est
1388 2237 1583 2286 prelatum
1618 2236 1738 2272 talem

434 2307 608 2341 pugnare
647 2308 719 2343 pro
763 2295 906 2343 patria,
952 2308 1041 2332 cum
1082 2296 1157 2332 hoc
1196 2296 1245 2331 sit
1285 2295 1432 2331 iustum
1473 2307 1495 2331 a
1536 2293 1663 2331 David
1704 2301 1740 2328 et

433 2352 579 2387 sanctis
624 2352 764 2390 ceteris
809 2354 1089 2401 exemplatum.
1139 2355 1186 2389 Et
1232 2352 1285 2389 hii
1330 2352 1467 2389 dicunt
1505 2353 1626 2401 quod,
1665 2349 1739 2387 nisi

434 2409 609 2457 prelatus
653 2419 892 2457 potestatem
937 2424 959 2448 a
1002 2424 1107 2459 papa
1152 2410 1384 2447 immediate
1428 2409 1623 2455 habuerit,
1660 2421 1741 2445 non

434 2466 525 2502 licet
547 2467 620 2503 sibi
653 2478 949 2505 sacramentum
972 2469 1032 2506 vel
1061 2468 1233 2516 speciale
1266 2470 1414 2505 bonum
1450 2467 1559 2505 aliud
1591 2467 1741 2515 populo

435 2523 677 2572 dispensare.

495 2584 571 2618 Sed
610 2592 801 2630 quantum
842 2585 891 2620 ad
930 2584 1136 2632 quodlibet
1168 2585 1247 2620 tale
1285 2583 1492 2629 iudicium,
1525 2582 1741 2631 Apostolus

440 2640 690 2687 parvipendit
724 2642 829 2688 quod
870 2654 890 2677 a
929 2641 1116 2678 subiectis
1155 2642 1287 2678 taliter
1320 2641 1529 2685 iudicetur,
1567 2653 1647 2676 non
1681 2652 1740 2676 ex-

440 2706 570 2745 pectat
604 2698 640 2732 in
677 2699 750 2733 hoc
784 2700 1001 2734 humanum
1043 2700 1109 2734 sed
1150 2699 1324 2735 divinum
1365 2711 1435 2734 nec
1469 2698 1669 2746 quietatur
1702 2697 1740 2732 in

506 2818 529 2844 3.
552 2819 646 2845 cod:
669 2824 760 2853 quato
782 2820 888 2852 magis.
963 2829 1003 2853 4¹-
1027 2820 1120 2847 Coti:
1143 2828 1196 2846 nec
1217 2828 1336 2846 comme
1353 2824 1430 2846 atur.

512 2901 559 2921 11.
589 2891 599 2921 l
627 2891 667 2921 ad
696 2891 775 2921 Cor.
802 2892 858 2928 lv,
888 2902 916 2923 2.
1039 2902 1091 2922 22.
1120 2893 1164 2923 ib.
1194 2892 1222 2923 3.

1757 2354 1796 2386 35

1756 2653 1798 2683 40
