1944 3323
141 243 215 290 178

181 363 248 390 The
270 363 307 390 Ο.
323 361 360 389 T.

135 398 280 432 offerings
293 397 408 424 availed

147 434 218 468 only
241 442 274 459 so
296 432 342 459 sar
362 440 394 458 as

153 468 220 494 God
244 475 334 501 accep
339 466 386 493 ted

158 502 261 535 them3
283 475 387 529 Clnist

135 537 248 563 otleied
272 535 406 563 Himselt

157 572 229 606 and
250 580 283 598 as
306 571 330 598 G
336 571 387 605 od,

166 594 310 667 ιιςεῖῖῐξιεά
332 606 381 632 the

208 650 226 667 o
252 649 346 676 eiing.

162 1637 276 1672 Spiinl
280 1635 342 1670 ling
362 1633 397 1661 of

148 1672 238 1699 blood
255 1676 310 1698 etc.
324 1656 417 1697 could

147 1709 266 1734 clemse
291 1707 363 1741 only
387 1713 419 1731 as

191 1751 205 1768 ·ι
227 1742 321 1775 sigule
342 1740 376 1767 01

218 1775 333 1804 Clnist
338 1785 351 1802 5

212 1812 357 1838 sacliticc.

221 2160 353 2188 Christ's

170 2196 316 2230 sunering
337 2204 400 2222 was

153 2231 267 2258 needed
291 2231 419 2257 because

239 2266 273 2292 of
290 2266 339 2292 the

154 2301 194 2327 im
202 2301 368 2336 perfection
390 2299 424 2326 of

206 2337 254 2362 the
276 2336 313 2362 O.
329 2336 367 2362 T.

190 2375 391 2405 sacraments,

720 247 944 279 JOHANNIS
963 245 1149 279 WYCLIF
1168 244 1426 277 SERMONUM
1454 229 1606 288 [SERMO
1627 239 1736 268 XXIII·

425 354 484 391 vel
534 353 741 401 figurative
786 365 806 388 a
853 352 1018 388 crimine
1062 350 1137 386 nisi
1184 351 1231 386 de
1270 358 1419 398 quanto
1458 351 1563 385 Deus
1607 347 1736 396 ipsam

424 411 646 459 acceptavit
687 419 868 458 respectu
908 409 1024 445 huius
1064 407 1298 444 oblacionis.
1358 409 1457 444 Cum
1499 419 1592 454 ergo
1631 408 1736 442 Deus

424 481 583 533 semper
622 476 804 516 acceptat
844 479 904 503 les
946 468 1165 503 secundum
1207 467 1314 514 quod
1347 474 1438 501 sunt
1471 463 1737 512 acceptabiles

426 527 599 568 racione
645 535 755 574 patet
800 526 907 574 quod
952 524 1153 560 infinitum
1199 522 1486 587 acceptabilior
1529 531 1585 558 est
1616 520 1737 558 Verbi

426 585 584 621 oblacio
630 597 750 633 quam
797 583 963 630 priores.
1014 585 1055 618 In
1093 582 1160 618 illa
1199 581 1304 618 enim
1344 594 1415 628 pro
1461 579 1772 628 complecione5

428 642 536 679 finali
572 655 611 679 se
646 642 776 690 ipsum
801 640 960 686 obtulit,
995 652 1115 688 quam
1145 634 1398 676 obla'cionem
1429 651 1501 686 pro
1532 636 1738 674 delecione

427 700 582 749 peccati
605 712 725 748 quam
755 699 881 736 voluit
909 697 1144 746 acceptavit.
1179 699 1278 734 Cum
1310 696 1414 733 enim
1444 696 1527 744 ipse
1560 695 1609 732 sit
1633 697 1738 731 Deus

428 767 568 795 contra
601 770 719 806 quem
753 757 885 806 primo
919 764 1120 804 peccatur,
1154 763 1395 803 potestatem
1429 755 1549 790 habet
1572 761 1738 802 peccata

428 816 630 852 dimittere
662 829 735 864 pro
768 827 1030 863 recompensa
1063 813 1241 862 qualibet
1275 825 1396 861 quam
1430 820 1625 860 acceptat.
1661 811 1738 847 Sed

429 887 518 910 cum
558 887 638 910 non
674 873 800 922 possit
838 872 1041 909 racionem
1082 872 1282 917 excedere,
1322 869 1481 906 iusticia
1519 882 1590 906 sua
1623 867 1738 916 exigit
1761 881 1798 903 ιο

429 933 537 981 quod
576 933 697 968 homo
730 930 797 980 qui
836 930 1015 979 peccavit
1048 930 1088 966 in
1120 929 1256 978 aliquo
1289 927 1372 964 eius
1406 927 1615 976 supposito
1648 939 1740 974 pro-

428 989 758 1039 porcionabiliter
802 988 1005 1034 satisfecit,
1053 996 1095 1023 ut
1139 995 1333 1036 quantum
1379 987 1508 1022 Adam
1559 983 1739 1033 peccavit

429 1061 468 1085 se
492 1048 623 1096 ipsum
646 1046 840 1096 implicite
864 1047 1087 1091 exaltando,
1104 1054 1261 1082 tantum
1284 1044 1345 1080 vel
1367 1043 1540 1091 amplius
1559 1042 1740 1080 Christus

428 1105 647 1142 satisfaciat
685 1105 753 1154 qui
791 1104 841 1141 sit
878 1105 1000 1140 frater
1032 1104 1117 1140 Ade
1155 1103 1262 1139 idem
1300 1102 1340 1138 in
1372 1100 1504 1149 specie
1536 1113 1576 1137 se
1609 1100 1739 1148 ipsum

430 1163 695 1200 humiliando.
744 1163 854 1199 Sicut
893 1162 999 1198 enim
1040 1162 1179 1198 eadem
1221 1169 1278 1197 est
1309 1159 1372 1196 via
1411 1161 1460 1196 ab
1493 1158 1659 1195 Athenis
1692 1158 1801 1194 ad15

429 1223 588 1258 Thebas
635 1230 671 1257 et
716 1229 893 1265 econtra,
940 1220 995 1256 sic
1048 1221 1188 1256 eadem
1238 1227 1295 1255 est
1338 1217 1402 1254 via
1446 1215 1743 1253 humiliacionis

432 1279 580 1316 Christi
619 1292 641 1316 a
681 1291 839 1315 summo
879 1279 1007 1326 gradu
1048 1277 1207 1313 deitatis
1247 1277 1297 1313 ad
1335 1275 1628 1312 humanitatem
1667 1285 1743 1323 que

430 1338 545 1383 foret,
590 1337 621 1373 si
667 1349 736 1385 per
780 1335 1027 1383 impossibile
1067 1337 1195 1371 Adam
1241 1334 1449 1370 exaltasset
1492 1345 1532 1369 se
1580 1333 1628 1368 ab
1674 1333 1744 1368 hu-

431 1395 624 1432 manitate
662 1396 712 1431 ad
752 1395 956 1439 deitatem,
1001 1394 1069 1429 sed
1114 1393 1188 1429 ista
1232 1390 1487 1440 presumpcio
1531 1390 1604 1426 fuit
1645 1390 1744 1426 falsa

433 1463 468 1490 et
513 1453 603 1489 ficte
648 1452 857 1501 implicita,
903 1451 978 1488 ista
1023 1459 1156 1487 autem
1202 1449 1428 1486 satisfaccio
1473 1457 1530 1485 est
1572 1460 1665 1484 vera
1708 1455 1745 1483 et
1762 1458 1803 1480 20

433 1511 575 1548 effectu
618 1511 714 1547 reali
759 1510 972 1558 completa.
1019 1511 1066 1544 Et
1106 1516 1215 1557 patet
1256 1506 1481 1544 declaracio
1520 1504 1744 1553 argumenti

432 1569 629 1616 Apostoli.

491 1630 572 1663 Nec
616 1626 731 1663 video
783 1627 891 1674 quod
941 1624 1161 1661 lubricacio
1212 1622 1417 1672 sanguinis
1468 1621 1643 1659 bestialis
1685 1621 1746 1658 vel

434 1684 612 1733 aspersio
643 1683 785 1720 cineris
816 1683 1099 1719 mundificaret
1129 1682 1366 1719 naturaliter
1397 1693 1541 1728 corpus
1571 1678 1745 1716 hominis

435 1744 504 1779 sed
536 1742 676 1790 pocius
709 1741 971 1790 turpificaret,
1005 1740 1080 1776 nisi
1114 1742 1162 1776 de
1194 1748 1346 1788 quanto
1379 1741 1484 1774 Deus
1517 1745 1745 1786 acceptaret
1763 1739 1802 1770 25

436 1801 546 1837 illam
598 1800 637 1836 in
688 1799 966 1836 obedienciam
1019 1807 1055 1834 et
1100 1798 1218 1834 fidem
1265 1795 1561 1833 immolacionis
1605 1795 1745 1831 ultime

436 1861 527 1895 Jesu
560 1858 699 1894 nostri.
746 1859 794 1893 Et
827 1859 874 1893 de
908 1865 1020 1893 tanto
1059 1855 1291 1892 emundavit
1321 1867 1403 1891 non
1436 1854 1564 1890 solum
1601 1865 1745 1901 corpus

438 1918 506 1953 sed
539 1916 715 1953 animam
750 1914 983 1963 dispositive
1022 1916 1071 1950 ad
1111 1914 1228 1950 istam
1271 1911 1604 1949 emundacionem
1639 1923 1747 1947 com-

438 1975 601 2023 pletam.
653 1975 745 2010 Ideo
798 1985 891 2009 vero
943 1972 1080 2008 dicunt
1124 1973 1310 2008 doctores
1355 1971 1463 2019 quod
1509 1968 1747 2006 emundacio

438 2033 544 2069 facta
583 2044 653 2079 per
686 2030 937 2067 oblacionem
974 2029 1119 2066 Christi
1159 2029 1276 2077 longe
1309 2028 1464 2065 excellit
1496 2027 1536 2063 in
1569 2026 1748 2063 efficacia
1765 2028 1805 2060 30

441 2089 753 2126 emundaciones
786 2089 910 2125 factas
943 2097 1124 2135 tempore
1156 2086 1299 2123 veteris
1332 2084 1574 2122 testamenti.

498 2149 575 2184 Sed
614 2147 739 2183 tercio
779 2145 1055 2194 principaliter
1088 2145 1265 2181 declarat
1296 2144 1515 2192 Apostolus
1554 2155 1678 2191 quare
1711 2150 1748 2178 et

441 2206 647 2253 quomodo
686 2203 865 2252 oportuit
898 2203 1100 2240 Christum
1134 2203 1189 2239 sic
1222 2202 1316 2250 pati.
1362 2204 1463 2238 Nam
1496 2208 1749 2237 sacramenta

442 2272 479 2299 et
512 2262 610 2298 ritus
649 2262 744 2309 legis
783 2261 927 2297 veteris
960 2261 1115 2297 fuerant
1154 2260 1389 2308 imperfecta
1429 2268 1465 2296 et
1498 2258 1748 2295 detecciones

442 2320 1027 2369 prevaricacionum‘patrum
1080 2320 1151 2354 sub
1197 2319 1281 2365 lege
1324 2317 1446 2353 veteri
1491 2316 1805 2364 incomplete.35

444 2381 543 2415 Cum
569 2378 673 2414 enim
691 2377 871 2414 Christus
894 2376 943 2412 sit
966 2377 1152 2413 sacerdos
1176 2384 1255 2412 tam
1280 2375 1414 2423 dispar
1437 2374 1476 2410 in
1499 2373 1749 2423 perfeccione

443 2450 465 2473 a
503 2435 779 2472 sacerdotibus
816 2434 959 2470 veteris
1003 2433 1244 2478 testamenti,
1290 2441 1399 2481 patet
1438 2433 1546 2481 quod
1590 2439 1749 2480 oportet

442 2494 572 2542 ipsum
598 2495 692 2529 dare
720 2494 846 2540 legem
877 2501 1083 2540 tamquam
1112 2492 1284 2527 formam
1314 2490 1555 2538 completam
1590 2498 1626 2525 et
1649 2489 1750 2525 inter

444 2554 571 2587 Deum
611 2560 647 2587 et
691 2559 824 2599 patres
869 2549 964 2597 legis
1006 2549 1147 2586 veteris
1193 2548 1369 2585 mediare
1413 2547 1750 2584 communicando

444 2622 534 2645 cum
567 2618 739 2657 utroque
772 2621 841 2656 per
864 2620 1011 2644 novum
1045 2615 1331 2643 testamentum
1365 2606 1647 2642 confirmatum
1680 2616 1749 2652 per
1763 2616 1808 2647 40

444 2666 784 2703 intervencionem
808 2665 947 2702 mortis
969 2678 1050 2710 sue,
1072 2674 1113 2700 ut
1128 2664 1258 2701 vocati
1275 2676 1344 2711 per
1360 2662 1747 2712 predestinacionem

513 2844 542 2869 4.
566 2834 674 2865 Veibi:
697 2833 789 2862 Cod.:
811 2835 847 2861 vi.
945 2833 1060 2860 .Cod.:
1083 2841 1172 2868 quein
1194 2837 1339 2867 acceptat.
1422 2839 1460 2867 ¹7·
1483 2830 1576 2858 Cod.:
1599 2830 1634 2858 ad
1657 2830 1749 2857 deest.

444 2868 486 2896 23
508 2871 539 2897 Ιιι
561 2878 674 2904 manga
695 2876 719 2895 2.
793 2868 835 2895 32.
857 2869 889 2895 Ιιι
912 2841 1023 2903 niingu
1018 2890 1023 2895 .
1045 2868 1069 2895 3.
