1944 3323
177 255 313 284 sERMo
336 244 444 302 xm]
665 258 838 291 TERTIA
867 259 993 290 PARS.

176 364 262 411 Dei,
309 365 402 414 quia
446 365 592 402 virtute
636 364 742 402 illius
787 365 881 402 doni
920 378 1114 402 vocamur
1159 374 1195 402 et
1243 379 1380 402 sumus
1428 366 1497 403 filii

176 423 248 460 Dei
299 423 478 472 adoptivi
530 432 566 460 et
616 423 684 460 illo
729 423 847 460 titulo
900 426 1093 461 audacter
1148 424 1372 461 clamamus
1416 433 1498 462 tam

176 482 323 519 Hebrei
347 495 467 531 quam
493 481 647 530 singule
670 482 860 519 naciones
878 483 983 519 Abba
1002 484 1130 519 Pater.
1165 483 1279 519 Abba
1296 484 1496 520 Hebreum

176 548 233 576 est
279 549 393 588 pater
437 540 499 576 vel
544 539 650 588 patir
694 539 734 576 in
768 542 896 577 Greco
940 542 1000 577 vel
1042 540 1199 587 Latino,
1247 550 1284 578 et
1328 541 1384 578 sic
1430 554 1499 590 per

143 598 495 645 §geminacionem
529 611 673 635 vocum
704 598 881 635 eiusdem
918 599 1122 636 sentencie
1155 608 1325 636 vocatur
1348 601 1497 636 nedum

175 658 282 704 quod
317 659 423 694 Deus
463 664 520 693 est
559 665 674 705 pater
709 657 876 694 Hebreis
916 659 983 694 sed
1019 657 1156 694 Grecis
1196 667 1233 694 et
1268 657 1419 695 Latinis
1462 668 1498 695 et

175 727 245 762 per
299 727 549 763 consequens
602 724 745 752 cuncte
802 715 979 753 fidelium
1033 715 1209 761 nacioni,
1267 717 1334 753 sed
1389 718 1498 765 quod

175 781 358 821 tempore
409 773 505 821 legis
557 773 690 821 gracie
744 776 850 810 Deus
903 783 960 811 est
1011 773 1127 810 nobis
1179 782 1293 822 pater
1349 776 1496 811 nedum

176 831 386 868 creacione
431 840 468 868 et
508 831 641 868 servili
686 831 957 869 instruccione
1003 845 1049 869 ac
1087 832 1388 879 gubernacione
1429 835 1497 870 sed

122 905 158 926 ιο
175 889 339 937 speciali
375 889 485 927 filiali
520 890 759 939 adopcione.

233 948 426 994 Quamvis
478 957 610 985 autem
662 962 743 985 non
796 961 1011 996 possumus
1056 960 1302 997 cognoscere
1346 949 1497 998 experi-

175 1006 338 1043 mentali
371 1006 523 1043 noticia
547 1008 655 1055 quod
688 1020 826 1044 sumus
859 1006 915 1043 sic
949 1007 1018 1043 filii
1044 1007 1130 1053 Dei,
1164 1016 1300 1044 tamen
1323 1007 1497 1056 Spiritus

173 1064 309 1101 Sancti
349 1065 600 1102 revelacione
639 1074 676 1102 et
716 1065 992 1102 illustracione
1029 1065 1194 1113 speciali
1236 1067 1303 1102 dat
1337 1065 1497 1114 spiritui

172 1132 312 1160 nostro
351 1123 626 1160 testimonium
663 1125 771 1173 quod
811 1136 951 1160 sumus
990 1123 1045 1160 sic
1086 1123 1155 1159 filii
1191 1123 1276 1160 Dei.
1324 1126 1497 1170 Quando

121 1186 156 1217 15
175 1181 278 1218 enim
320 1182 443 1218 homo
482 1195 565 1218 non
604 1181 738 1219 deficit
772 1181 811 1218 in
844 1183 1066 1230 peccando,
1107 1183 1382 1219 subtrahendo
1415 1195 1497 1219 ser-

172 1239 319 1277 vicium
361 1241 471 1288 quod
505 1242 589 1277 Deo
631 1241 762 1286 debet,
798 1242 904 1277 Deus
945 1241 1065 1278 docet
1110 1253 1201 1277 eum
1247 1241 1497 1278 revelacione

172 1299 233 1335 vel
280 1298 413 1335 medio
459 1298 538 1335 alio
583 1300 804 1336 secundum
852 1300 960 1348 quod
1006 1298 1237 1348 expedicius
1275 1299 1378 1336 foret
1422 1299 1495 1336 sibi

174 1370 247 1405 pro
281 1365 478 1405 tempore.
513 1359 627 1394 Unde
661 1360 673 1394 Ι
708 1359 800 1394 Cor.
835 1360 902 1403 110,
936 1371 981 1394 10
1015 1357 1182 1394 dicitur:
1217 1358 1339 1394 Nobis
1369 1366 1496 1394 autem

174 1415 361 1452 revelavit
384 1416 490 1451 Deus
517 1428 593 1465 per
623 1416 801 1466 spiritum
834 1429 958 1452 suum.
992 1419 1074 1453 Nec
1107 1424 1165 1452 est
1197 1416 1376 1464 perfecta
1408 1429 1498 1465 spes

116 1472 317 1510 2oviantis
368 1473 444 1510 nisi
489 1474 635 1511 habeat
683 1475 805 1511 talem
850 1474 1058 1521 noticiam,
1111 1487 1201 1511 cum
1253 1474 1396 1523 triplex
1448 1474 1498 1511 sit

174 1531 325 1569 noticia
369 1531 549 1579 viatoris,
602 1531 755 1570 scilicet
807 1532 995 1580 sciencia,
1048 1532 1265 1569 credulitas
1312 1541 1349 1569 et
1393 1545 1495 1581 spes.

174 1590 322 1627 Omnia
362 1602 456 1638 ergo
496 1591 568 1628 hec
607 1590 684 1628 tria
723 1591 937 1628 excludunt
977 1591 1218 1628 anxietatem
1252 1590 1495 1637 formidinis,

174 1657 212 1685 et
251 1648 284 1685 si
322 1648 447 1685 simus
487 1648 543 1685 sic
584 1649 654 1686 filii
688 1650 760 1686 Dei
799 1649 992 1698 adoptivi,
1033 1651 1142 1699 quod
1186 1649 1316 1686 solum
1356 1651 1497 1698 prede-

173 1706 344 1744 stinatos
378 1707 651 1756 consequitur,
685 1717 780 1745 tunc
813 1707 994 1757 sequitur
1017 1709 1125 1757 quod
1155 1720 1293 1744 sur-nus
1316 1708 1495 1754 heredes,

117 1768 157 1802 25
175 1774 212 1802 et
242 1778 333 1802 cum
364 1766 565 1803 hereditas
594 1766 663 1803 illa
690 1779 772 1803 non
801 1775 933 1815 potest
958 1766 1080 1804 dividi
1110 1767 1177 1803 sed
1203 1766 1497 1803 communicari

176 1823 329 1860 cunctis
376 1824 503 1861 beatis
546 1823 631 1861 sine
677 1824 760 1861 eius
805 1824 1081 1862 diminucione
1127 1825 1189 1861 vel
1236 1824 1497 1862 beatitudinis

173 1881 419 1930 privacione,
485 1891 595 1932 patet
653 1884 761 1932 quod
828 1892 991 1932 oportet
1060 1883 1171 1920 illam
1230 1883 1494 1920 hereditatem

175 1940 477 1978 communicare
536 1941 690 1978 cunctis
749 1941 840 1978 filiis
891 1942 1026 1978 taliter
1079 1940 1299 1990 adoptivis3
1353 1950 1390 1978 et
1443 1941 1498 1978 ita

175 1999 367 2036 debemus
406 2011 490 2036 esse
532 2000 698 2036 heredes
732 2000 805 2036 Dei
846 2000 973 2049 patris
1014 2008 1051 2036 et
1091 2001 1310 2037 coheredes
1349 1999 1497 2037 Christi

116 2061 159 2093 30
176 2070 266 2094 cum
315 2057 399 2094 filio
445 2057 620 2095 naturali
665 2059 837 2095 habente
882 2058 1105 2107 primatum
1152 2071 1243 2095 cum
1284 2061 1368 2095 Deo
1414 2057 1497 2095 filio

176 2124 289 2164 patre
322 2128 407 2153 suo.

233 2173 351 2211 Circa
383 2173 501 2211 istam
536 2173 749 2223 epistolam
775 2174 982 2212 dubitatur
1004 2183 1141 2211 utrum
1173 2173 1497 2212 communicacio

175 2231 215 2268 in
254 2231 477 2269 hereditate
517 2232 654 2270 celesti
694 2242 731 2269 et
764 2233 874 2270 racio
914 2232 1046 2270 meriti
1087 2234 1426 2281 correspondent3
1461 2242 1498 2269 et

174 2290 332 2327 videtur
373 2291 481 2341 quod
521 2290 590 2337 sic,
627 2291 720 2340 quia
759 2292 807 2328 de
855 2292 941 2339 lege
974 2290 1047 2327 Dei
1086 2291 1498 2340 proporcionabiliter

117 2352 158 2386 35
176 2357 218 2384 ut
258 2348 528 2385 beatificando
571 2350 618 2386 de
659 2362 837 2398 congruo
881 2350 1125 2396 merebatur,
1166 2349 1205 2385 in
1244 2349 1377 2398 patria
1421 2350 1498 2386 sal-

174 2406 346 2453 vabitur,
387 2415 430 2443 ut
468 2415 580 2456 patet
618 2420 661 2444 ex
700 2408 777 2445 fide
819 2408 1019 2445 catholica
1059 2416 1096 2444 et
1129 2407 1498 2457 significacionibus

175 2464 459 2502 terminorum.

235 2525 277 2560 In
335 2523 569 2572 oppositum
630 2523 706 2561 sic:
759 2524 800 2561 si
859 2524 1027 2573 quilibet
1087 2524 1384 2573 predestinatus
1443 2524 1499 2561 sic

180 2580 412 2628 merebitur,
450 2582 701 2631 contingeret
724 2591 820 2619 tunc
844 2582 976 2631 ipsum
1010 2595 1084 2631 pro
1117 2591 1224 2620 statu
1256 2582 1318 2620 vie
1351 2595 1499 2630 cogno-

115 2654 161 2685 40
177 2652 287 2676 scere
321 2640 455 2677 taliter
487 2653 528 2677 se
563 2640 706 2678 mereri
741 2649 777 2678 et
811 2653 882 2689 per
916 2653 1166 2690 consequens
1200 2650 1335 2690 posset
1366 2641 1425 2678 ius
1449 2642 1499 2678 ad

197 2810 201 2814 ¹
246 2783 294 2815 2⁰:
315 2775 414 2838 copisti
438 2776 676 2812 nominativam,
697 2783 778 2804 cum.
862 2783 905 2812 27.
927 2776 1023 2804 Cod.:
1052 2776 1256 2812 prioracione.
1335 2775 1381 2805 38.
1403 2776 1499 2804 Cod.:

179 2818 223 2838 SIC
243 2819 295 2846 qui
317 2819 391 2847 quii
417 2816 454 2838 et.

250 2894 289 2926 32
311 2902 343 2926 et
363 2905 462 2938 seqq.
483 2895 537 2928 Cf.
553 2895 763 2939 Trialogum
783 2896 842 2932 lib,
863 2897 920 2938 IV,
940 2907 1013 2939 cap.
1036 2897 1141 2937 XXX,
1162 2907 1242 2939 pag.
1264 2897 1328 2941 349
1347 2903 1379 2926 et
1400 2905 1499 2938 seqq.

1295 2954 1367 2985 23*

1709 252 1784 289 355

1534 432 1601 460 The
1623 435 1766 469 meaning

1514 469 1548 495 οῖ’
1563 469 1664 496 ‘Abba
1682 470 1790 496 Pater.y

1534 957 1614 985 How
1634 966 1680 986 we
1701 966 1770 995 may

1531 994 1622 1020 know
1642 994 1707 1020 that
1728 1003 1773 1021 we

1523 1037 1572 1055 are
1594 1029 1643 1055 tlie
1665 1038 1739 1056 sons
1759 1032 1789 1056 ot

1610 1063 1690 1091 God.

1535 2183 1602 2212 The
1624 2184 1713 2211 share
1734 2183 1762 2211 in

1547 2219 1596 2246 the
1618 2219 1750 2247 celestia!

1561 2255 1695 2288 lieritage
1715 2254 1741 2281 is

1530 2289 1777 2324 correspondent

1576 2329 1607 2351 to
1628 2324 1726 2351 merit.
