1944 3323
123 896 161 917 10

88 1154 161 1203 5³⁰]-

82 1203 162 1240 240¹*

120 1488 162 1509 20

122 1769 159 1801 25

122 2059 164 2091 30
179 2063 302 2100 quare
313 2051 475 2100 quidam
489 2051 624 2088 fideles
635 2050 759 2088 eciam
778 2052 1010 2088 sacerdotes
1028 2049 1231 2098 simplices
1246 2063 1328 2086 non
1341 2058 1495 2087 cessant

123 2349 163 2382 35

178 253 313 282 srRmo
336 241 388 298 κ]
665 254 837 286 TERTIA
866 254 991 285 PARS.
1729 245 1776 291 73

177 361 233 398 sic
273 361 436 398 dicitur:
484 362 652 397 Ham-ite
695 373 814 409 aquas
858 362 894 396 in
931 361 1079 410 gaudio
1119 361 1165 396 de
1192 360 1372 408 sontibus
1406 361 1490 396 Sal-

178 420 324 455 vatoris
356 427 391 456 et
425 419 558 455 dicetis
589 420 625 455 in
665 420 730 455 illa
771 419 850 455 die:
895 419 1138 468 szfitemini
1168 419 1336 454 Domino
1369 425 1403 454 et
1436 419 1490 453 in-

178 485 310 514 vocate
347 490 482 514 nomen
521 478 600 514 eius
644 486 716 514 etc.
773 480 873 513 Nam
915 486 1005 526 post
1045 476 1275 513 missionem
1319 476 1492 523 Spiritus
1518 482 1661 509 Wisdom
1685 491 1772 516 *nmen

177 535 312 572 Sancti
349 535 523 584 apostoli
557 537 821 572 exhauserant
855 537 903 572 de
937 535 1052 571 donis
1077 534 1148 572 Dei
1181 518 1779 582 sapiencialibus¹¹1¹,0³¹1¹J2J¹<lsssf0{Qd

176 593 479 642 predicaciones
512 594 741 642 spirituales
781 602 823 629 ut
862 606 1001 642 aquas,
1041 602 1078 629 et
1111 602 1201 641 post
1236 593 1325 629 illos
1364 592 1491 629 sancti
1586 584 1592 587 i

178 653 363 689 doctores
403 652 706 701 postillaciones
745 652 926 688 salubres
960 664 1002 688 ex
1037 651 1186 688 eisdem
1221 650 1397 687 fontibus
1431 663 1491 687 ex-

177 711 395 746 hauserunt
428 720 464 747 et
502 710 718 758 utrobique
757 710 917 746 laudem
953 709 1115 746 Domini
1160 722 1203 746 ex
1248 709 1331 746 eius
1375 709 1492 745 bene-

178 768 360 805 ficiencia
405 778 497 805 sunt
542 768 726 814 confessi,
772 777 1107 816 recognoscentes
1152 769 1260 817 quod
1300 766 1490 816 quicquid

177 825 420 874 sapienciale
451 827 512 864 vel
545 829 695 863 bonum
730 827 943 863 habuerint
976 827 1123 863 habent
1156 827 1205 863 ab
1239 826 1326 874 ipso
1367 834 1403 862 et
1437 825 1493 862 sic

177 885 348 921 orabant
387 885 574 922 devocius
616 886 663 922 de
702 884 1013 922 continuacione
1047 883 1163 921 huius
1197 883 1374 920 muneris
1405 896 1493 931 gra-

176 943 287 979 ciosi.
334 945 381 980 Et
421 945 470 980 ad
511 945 586 981 hoc
625 945 826 980 habebant
866 942 1039 992 apostoli
1078 951 1116 979 et
1156 944 1342 979 doctores
1375 941 1492 978 istam

176 1001 422 1049 sapienciam
468 1011 511 1038 ut
549 1010 659 1038 notas
691 1002 876 1051 facerent
920 1002 955 1037 in
995 1001 1152 1051 populis
1197 1001 1359 1037 virtutes
1402 1001 1494 1046 eius,
1527 995 1757 1064 tig'ijhgssssssfssiss

177 1059 270 1107 quia
310 1059 411 1096 sicut
446 1061 509 1096 lux
542 1061 659 1097 datur
692 1059 910 1097 lucidando
944 1068 987 1096 ut
1021 1059 1198 1095 medium
1233 1059 1492 1096 tenebrosum
1762 1052 1766 1056 ⁴

176 1117 388 1163 illuminet,
413 1118 469 1155 sic
494 1120 599 1155 dona
615 1118 753 1155 Sancti
771 1118 944 1166 Spiritus
968 1126 1010 1154 ut
1033 1117 1249 1166 sapiencia,
1270 1117 1495 1153 intellectus

177 1184 214 1212 et
247 1175 421 1213 sciencia
456 1178 602 1213 dantur
634 1176 922 1225 superioribus,
963 1185 1005 1212 ut
1044 1175 1198 1212 lumina
1237 1172 1492 1227 spiritualia]

176 1233 366 1271 subiectis
388 1234 708 1277 communicent:
735 1244 773 1271 et
800 1234 890 1272 ideo
922 1234 995 1271 ista
1027 1233 1201 1271 avaricia
1233 1246 1312 1283 qua
1343 1235 1493 1270 donum

177 1292 283 1328 istud
335 1293 599 1330 absconditur
659 1302 716 1329 est
770 1292 1009 1330 naturaliter
1061 1293 1297 1329 detestanda
1349 1301 1386 1328 et
1437 1295 1495 1337 (ut

176 1350 348 1395 videtur)
381 1363 428 1388 eo
461 1352 620 1400 gravior
643 1364 764 1400 quarn
798 1350 974 1388 avaricia
1007 1350 1231 1399 corporalis
1265 1363 1344 1399 quo
1378 1351 1495 1387 datur

177 1408 397 1457 graciosius
431 1419 468 1446 et
507 1419 565 1447 est
603 1409 896 1458 temporalibus
937 1409 1078 1446 melius
1118 1409 1158 1445 in
1196 1418 1354 1446 natura.
1401 1409 1494 1445 Ideo

178 1466 275 1503 dicit
300 1467 498 1504 Dominus
528 1467 786 1516 omnipotens
810 1468 887 1504 illis
911 1467 1056 1516 quibus
1081 1468 1247 1504 dederat
1270 1467 1345 1504 ista
1369 1468 1493 1504 dona:

183 1526 344 1562 Cantate
376 1527 559 1574 Domino,
593 1527 678 1576 quia
713 1526 906 1562 mirabilia
929 1526 1042 1575 fecit.
1078 1527 1248 1562 Cantate
1281 1525 1492 1574 (inquam),

177 1596 259 1620 non
291 1583 331 1620 in
364 1597 459 1621 aure
491 1584 715 1633 loquamini
748 1584 829 1621 sive
862 1583 1110 1630 abscondite,
1145 1585 1213 1620 sed
1247 1596 1367 1632 super
1390 1592 1494 1620 tecta

178 1641 376 1690 intrepide
422 1652 458 1679 et
503 1643 663 1691 publice
709 1643 940 1688 exclamate,
993 1654 1067 1679 nec
1111 1642 1242 1678 solum
1287 1641 1327 1678 in
1371 1654 1493 1678 unam

177 1709 335 1748 gentem
369 1700 450 1737 sive
483 1700 731 1749 provinciam
767 1702 835 1737 sed
868 1701 904 1736 in
938 1701 1157 1737 universam
1191 1708 1354 1747 terram,
1393 1699 1495 1736 sicut

177 1759 356 1795 fecerunt
390 1759 576 1807 apostoli,
613 1772 702 1796 cum
730 1759 909 1806 (Psalmo
933 1760 1090 1804 XVIIIO,
1119 1759 1156 1803 5)
1190 1759 1237 1794 de
1270 1758 1366 1807 ipsis
1400 1757 1495 1795 scri-

178 1816 303 1853 bitur:
349 1818 391 1853 In
430 1830 578 1854 omnem
619 1825 767 1854 terram
801 1817 920 1854 exivit
952 1829 1069 1853 sonus
1100 1829 1233 1853 eorum
1267 1824 1302 1853 et
1334 1817 1370 1852 in
1391 1817 1496 1867 fines

177 1875 281 1911 orbis
313 1883 419 1912 terre
451 1877 567 1912 verba
600 1889 746 1913 eorum.
780 1878 862 1912 Nec
895 1875 1062 1911 dubium
1096 1874 1206 1924 quin,
1241 1887 1331 1911 cum
1366 1874 1495 1911 omni-

178 1943 320 1982 potens
354 1933 459 1970 istud
494 1935 671 1979 mandat,
712 1933 768 1970 sic
802 1943 1010 1970 cantantes
1039 1934 1210 1970 *roborat
1243 1946 1289 1970 ac
1322 1932 1495 1982 premiat

180 2002 216 2028 et
257 2001 525 2029 mutescentes
565 1994 756 2041 reprobat
795 2001 832 2028 et
867 1993 1153 2040 condempnat.
1199 1992 1247 2027 Et
1280 1992 1352 2028 hec
1386 1991 1494 2028 racio
1561 1996 1726 2067 piiekitc'xiniiliv

1617 2049 1624 2058 t
1709 2051 1736 2066 ὃ.

179 2118 410 2146 constanter
449 2109 722 2157 evangelizare
761 2118 927 2158 propter
960 2108 1403 2145 excommunicaciones
1434 2108 1496 2144 vel

179 2180 368 2204 censuras
400 2167 498 2204 alias
521 2167 771 2204 Antichristi.
806 2169 907 2205 Cum
942 2167 1047 2204 enim
1083 2169 1188 2203 Deus
1221 2167 1297 2204 hoc
1331 2167 1495 2203 mandat

179 2236 216 2262 et
254 2226 526 2262 Antichristus
571 2226 881 2262 comminatorie
927 2227 1092 2262 mandat
1138 2225 1387 2274 oppositum,
1437 2225 1493 2262 in-

180 2284 315 2321 fideles
339 2285 469 2321 forent
485 2284 659 2330 Christo,
678 2284 969 2321 constituentes
988 2284 1194 2321 diabolum
1212 2286 1338 2320 Deum
1363 2296 1493 2329 suurn,

180 2342 254 2378 nisi
288 2344 480 2379 habentes
513 2344 747 2379 thesaurum
782 2343 969 2380 celestem
1004 2344 1054 2379 ad
1088 2343 1193 2378 hunc
1227 2342 1346 2378 finem
1383 2354 1494 2378 man-

181 2402 276 2438 dato
310 2401 472 2437 Domini
507 2401 671 2438 maioris
704 2401 908 2438 obediant.
952 2402 1043 2437 Ideo
1083 2400 1257 2449 apostoli
1292 2400 1495 2449 capientes

181 2459 298 2496 istam
344 2459 588 2496 sentenciam
635 2468 678 2496 ut
722 2472 792 2508 per
837 2472 876 2496 se
921 2468 1059 2496 notam
1114 2458 1298 2495 dixerunt
1349 2458 1495 2495 talibus

181 2517 344 2566 prelatis
379 2517 604 2554 maledictis
637 2527 679 2554 ut
712 2517 999 2554 antichristivis
1040 2516 1242 2566 precipuis
1277 2518 1381 2563 (Act.
1405 2518 1493 2561 V0):

180 2576 449 2627 Interrogavit
471 2589 548 2624 eos,
571 2576 713 2625 inquit,
742 2577 927 2626 princeps
948 2576 1195 2613 sacerdotum
1219 2575 1368 2612 dicens:
1399 2575 1493 2611 Pre-

250 2708 269 2727 1.
291 2700 334 2726 A:
359 2699 446 2726 sicut.
544 2698 570 2726 3.
592 2698 631 2726 F:
654 2699 719 2726 eius
740 2699 834 2726 deest.
932 2698 956 2726 5.
978 2699 1021 2726 A:
1045 2698 1248 2733 sapienciales
1270 2703 1310 2725 ut.
1403 2706 1427 2732 7.
1449 2698 1493 2724 A:

179 2739 384 2761 extraxerunt.
485 2743 513 2768 ς).
534 2735 578 2761 A:
600 2737 628 2761 et
648 2734 728 2761 hinc.
830 2732 868 2760 13.
889 2733 928 2760 F:
950 2733 1063 2761 lucido.
1166 2741 1204 2768 17.
1225 2732 1265 2760 F:
1287 2732 1493 2759 absconsitur.

180 2777 225 2796 20.
247 2769 285 2797 1³:
308 2769 462 2796 Dominus
483 2768 577 2795 deest.
651 2776 697 2802 24.
719 2768 757 2796 F:
780 2769 924 2796 universa
945 2772 1034 2796 terra.
1108 2767 1154 2796 30.
1170 2770 1215 2795 A:
1236 2776 1331 2803 quare
1351 2767 1493 2802 quidem:

180 2804 219 2831 ib.
242 2805 285 2831 A:
307 2809 334 2831 ct
356 2803 542 2831 sacerdotes.

256 2898 281 2919 1,
310 2887 351 2918 Is.
376 2887 448 2928 ΧΗ,
478 2886 506 2918 3.
608 2896 660 2919 21.
688 2886 730 2918 Is.
757 2886 830 2926 XII,
859 2885 888 2918 5.
988 2887 1040 2930 39.
1066 2886 1142 2918 Act.
1162 2886 1202 2926 V,
1232 2896 1285 2928 27.
