1944 3323
222 271 360 300 sERMo
383 260 524 319 xxx11.]
719 273 891 305 TERTIA
922 271 1044 304 PARS.

1753 272 1773 297 [Q

1785 262 1801 297 υἱ

1812 275 1831 308 xl

223 381 359 418 fideles
383 381 590 430 quomodo
614 389 651 417 et
666 388 862 429 quantum
888 379 1033 415 debent
1057 390 1174 426 agere
1198 390 1271 426 pro
1296 377 1543 414 beatitudine

221 441 519 488 consequenda.
554 438 732 475 Medium
762 446 896 474 autem
928 438 977 473 ad
1002 438 1077 473 hoc
1107 436 1319 473 stimulans
1343 445 1399 473 est
1423 435 1545 472 timor

222 510 322 545 pene
363 507 399 534 et
439 510 553 535 amor
591 495 748 546 premii,
789 496 856 532 sed
897 494 955 531 sui
997 494 1217 543 rubiginosi
1251 494 1417 539 stimuli,
1452 494 1544 530 licet

223 554 380 605 prosint
403 568 473 605 per
505 555 693 592 accidens
727 554 829 591 sicut
862 566 983 590 omne
1016 562 1245 602 peccatum,
1280 561 1373 589 ante
1406 552 1546 588 induc-

190 616 206 648 5
224 614 380 651 cionem
402 613 573 650 istorum
594 613 820 650 mediorum
841 613 890 648 ad
911 612 1136 660 profectum
1157 610 1324 648 ecclesie
1342 610 1545 647 neminem

225 672 499 718 stimularunt,
540 673 606 709 sed
647 680 738 720 post
780 683 850 719 per
888 669 1239 707 introduccionem
1282 681 1421 706 eorum
1455 677 1546 705 sunt

224 731 359 779 plures
398 731 448 767 ad
487 743 648 767 cursum
687 729 747 766 vie
787 729 837 766 ad
879 728 1054 777 patriam
1095 728 1222 777 aliqui
1270 727 1463 765 retardati
1511 735 1548 763 et

225 788 292 825 alii
326 788 565 837 simpliciter
588 787 788 837 impediti.
822 789 904 824 Nec
931 786 1048 824 video
1073 788 1181 835 quod
1205 787 1305 823 ordo
1330 785 1548 822 hodiernus
1573 791 1702 818 Modern
1724 792 1833 818 orderz

227 847 478 883 monachalis
510 847 570 883 vel
603 846 704 883 alius
737 846 917 895 privatus
951 845 1130 882 stimulet
1154 858 1224 893 per
1257 857 1438 881 amorem
1472 843 1548 880 nisi
1595 827 1811 889 stinff‘ffiffsstbv

170 905 327 942 toforte
367 906 548 942 carnales
587 918 758 954 quorum
793 907 899 941 Deus
936 912 1073 941 venter
1112 912 1169 940 est
1208 911 1245 939 et
1286 902 1386 939 alios
1420 901 1550 951 despi-
1666 897 1742 923 ¹0l'0-
1794 894 1798 897 .

226 963 374 1000 cientes
413 964 540 1011 legem
588 972 625 1000 et
666 963 799 999 media
837 962 1042 1010 religionis
1082 960 1278 1010 simplicis
1319 960 1548 997 christiane.

225 1021 411 1059 Stulticia
450 1021 555 1059 enim
597 1034 743 1070 magna
786 1029 844 1058 est
876 1019 1036 1057 onerari
1072 1019 1214 1056 mediis
1248 1018 1456 1055 inutilibus
1488 1019 1550 1055 vel

227 1080 358 1116 minus
404 1080 582 1126 utilibus,
629 1079 771 1116 mediis
819 1078 990 1116 maxime
1044 1077 1280 1115 necessariis
1326 1090 1348 1114 a
1388 1077 1548 1114 Christo

226 1137 388 1175 traditis
428 1137 714 1187 pretermissis.
759 1140 842 1174 Nec
881 1137 1051 1173 multum
1093 1136 1237 1173 excitat
1270 1135 1407 1172 fideles
1441 1137 1549 1184 quod

172 1196 391 1245 15quidam
437 1196 504 1245 qui
553 1197 694 1233 volunt
739 1195 779 1232 in
825 1195 1087 1244 religionibus
1139 1194 1305 1243 privatis
1350 1203 1548 1238 constare,

226 1264 428 1291 servantes
462 1254 698 1303 religionem
733 1253 882 1291 Christi
916 1263 953 1290 et
983 1254 1160 1290 defectus
1193 1265 1332 1289 eorum
1367 1265 1548 1300 arguere,

226 1312 530 1350 incarcerantur
568 1312 816 1350 horribiliter
854 1321 891 1349 et
930 1311 1103 1360 longiori
1143 1324 1247 1360 pena
1286 1310 1468 1347 inaudita
1510 1310 1549 1346 in

227 1372 361 1408 seculo
385 1371 638 1408 occiduntur.
664 1372 757 1408 Ideo
781 1370 995 1419 religiones
1024 1369 1099 1406 iste
1129 1369 1283 1418 private
1315 1368 1549 1417 rubiginosa

228 1429 402 1466 calcaria
435 1439 525 1466 sunt
559 1429 731 1475 timoris,
772 1438 809 1465 et
850 1429 907 1466 sic
945 1441 1083 1465 verum
1125 1428 1164 1464 in
1197 1428 1275 1464 fine
1308 1427 1548 1472 annectitur,

170 1503 212 1524 20
228 1489 296 1525 sed
326 1488 590 1536 impertinens
620 1496 677 1524 est
701 1487 916 1524 dicendum
939 1487 1000 1524 vel
1023 1486 1241 1524 efficaciter
1264 1486 1547 1523 invehendum.

694 1624 888 1665 SERMO
920 1624 1090 1664 XXXII.

291 1721 386 1757 Cum
409 1720 701 1770 complerentur
722 1720 803 1757 dies
825 1721 1081 1767 Pentecostes,
1103 1727 1214 1756 erant
1241 1732 1373 1756 omnes
1394 1719 1550 1769 pariter

227 1780 262 1816 in
295 1780 428 1816 eodem
462 1779 558 1815 Ioco.
592 1780 679 1816 Act.
715 1781 782 1823 110,
816 1791 847 1814 1.

283 1837 445 1874 Ystoria
479 1846 642 1874 actuum
673 1837 953 1885 apostolorum
984 1836 1077 1873 licet
1100 1836 1305 1885 superflua
1328 1836 1388 1873 vel
1412 1849 1548 1885 super·
1588 1852 1765 1879 Deris-anon
1787 1852 1820 1879 ot·

131 1878 368 1956 21:6‘13lgficialis
405 1895 588 1933 videatur
627 1895 841 1944 aliquibus,
872 1890 876 1947 Ι
907 1903 964 1931 est
1001 1903 1139 1931 tamen
1176 1894 1416 1941 necessaria,
1458 1907 1547 1931 cum
1617 1888 1786 1915 Pomm-021.

227 1953 511 2003 particularius
551 1953 711 1990 instruit
750 1954 789 1990 in
829 1953 990 1990 Christo
1030 1962 1066 1989 et
1108 1952 1189 1989 suis
1223 1952 1417 2002 apostolis
1450 1966 1549 2002 quo-

228 2014 351 2049 modo
390 2013 607 2049 debeamus
645 2012 756 2061 ipsos
794 2011 834 2047 in
874 2011 1053 2048 moribus
1092 2010 1255 2048 imitari.
1307 2013 1376 2048 Est
1415 2020 1548 2048 autem

227 2071 312 2108 dies
346 2073 602 2108 Pentecostes
647 2070 730 2107 dies
775 2069 1133 2119 quinquagesimus
1180 2082 1202 2106 a
1248 2069 1550 2106 resurreccione

228 2129 392 2165 Domini
432 2137 468 2165 et
502 2129 648 2166 dicitur
687 2142 709 2166 a
741 2129 859 2165 Pente
897 2129 1005 2177 quod
1046 2137 1104 2164 est
1145 2127 1324 2177 quinque
1363 2136 1400 2164 et
1438 2128 1551 2164 Coste

171 2189 381 2225 3odecem.
428 2189 476 2223 Et
515 2196 573 2224 est
617 2187 693 2224 hoc
738 2187 882 2223 festum
931 2187 1141 2234 solempne
1187 2187 1458 2235 exemplatum
1507 2199 1550 2222 ex

228 2245 351 2282 veteri
391 2254 654 2291 testament03
699 2254 834 2294 patres
875 2244 981 2282 enim
1023 2244 1129 2281 illius
1168 2244 1401 2281 testamenti
1449 2245 1550 2281 cele-

229 2305 398 2340 brarunt
422 2304 565 2341 festum
599 2303 955 2353 proporcionabile
988 2302 1029 2339 in
1063 2303 1301 2339 memoriam
1337 2302 1433 2351 legis
1458 2304 1550 2339 date

229 2362 268 2398 in
304 2371 440 2399 monte
465 2362 585 2410 Synai
614 2363 753 2407 (Exod.
777 2363 902 2408 XXf');
937 2375 1013 2410 que
1047 2362 1106 2398 lex
1131 2360 1278 2397 dicitur
1302 2363 1394 2398 data
1429 2361 1550 2397 fuisse
1587 2377 1711 2412 English
1735 2386 1822 2404 nam«

229 2419 566 2469 quinquagesimo
612 2420 675 2457 die
718 2421 767 2457 ab
814 2419 918 2457 exitu
965 2421 1013 2456 de
1058 2421 1233 2468 Egypt03
1289 2428 1325 2455 et
1372 2419 1464 2455 hinc
1510 2413 1840 2476 inisshffgslfflffffffiftf

174 2484 211 2516 35
228 2478 398 2526 Anglico
439 2478 585 2515 dicitur
617 2479 693 2515 hoc
733 2479 878 2515 festum
914 2477 997 2514 dies
1037 2477 1241 2514 dominica
1279 2476 1548 2526 sapiencialis,
1630 2467 1774 2509 wisdoiis.

230 2550 322 2573 nam
369 2537 444 2573 isto
490 2536 552 2573 die
598 2537 722 2573 effusa
762 2545 800 2573 et
833 2536 1074 2573 confirmata
1114 2545 1171 2572 est
1210 2535 1413 2584 sapiencia
1454 2535 1550 2583 legis

230 2594 362 2643 gracie
396 2608 466 2643 per
499 2594 693 2643 Spiritum
728 2596 920 2631 Sanctum
956 2594 995 2630 in
1030 2595 1151 2630 corda
1185 2593 1490 2641 discipulorum.

301 2762 329 2788 9.
351 2753 447 2781 Cod.:
470 2753 607 2781 stimilet.
663 2760 707 2779 20.
730 2753 825 2780 Cod.:
847 2753 998 2780 dicendis.
1061 2751 1108 2786 34,
1131 2750 1171 2779 35.
1193 2752 1289 2779 Com:
1313 2752 1340 2778 in
1363 2751 1547 2786 angelicum.

303 2860 356 2882 21.
390 2851 425 2882 ln
456 2849 512 2882 die
537 2857 658 2882 sancto
687 2850 924 2882 Pentecostes.
954 2849 1004 2881 Cf.
1026 2848 1183 2892 Wyclif's
1211 2849 1390 2884 Sermons,
1423 2848 1477 2878 ed.
1505 2847 1549 2887 by

232 2897 378 2937 Arnold,
407 2898 446 2938 11,
473 2907 550 2940 pag.
579 2896 772 2938 305—307.

1374 2962 1409 2993 17
