1944 3323
180 243 197 279 3
207 257 229 277 o
234 257 257 288 4

219 1233 339 1261 Instead
361 1234 396 1261 of

180 1268 303 1303 helping
324 1269 428 1295 others

208 1303 277 1338 they
298 1304 397 1330 clutch

175 1338 212 1364 all
234 1338 303 1373 they
324 1346 379 1365 can
401 1343 432 1365 to

226 1373 322 1407 spend
345 1381 383 1400 ou

223 1408 383 1434 cliusclics.

206 1755 293 1791 They
314 1755 350 1782 lie
369 1760 401 1783 to

194 1791 262 1826 gain
284 1791 415 1818 honour.

738 250 959 284 ,IOHANNIS
981 250 1162 282 wvcmF
1183 251 1436 282 samonum
1465 236 1616 293 [SliRMO
1633 249 1769 277 xxxvi

463 358 670 406 phariseos
731 357 900 393 maxime
957 357 1219 405 spiritualiter
1276 370 1421 394 nocere
1479 357 1630 405 populo
1682 357 1771 395 illos

463 415 632 452 maxime
686 414 951 463 exprobravit.
1012 417 1060 451 Et
1111 424 1304 464 quantum
1359 417 1408 452 ad
1463 415 1770 463 prosperitatem

461 473 745 522 temporalium
771 486 814 509 ex
837 486 916 509 uno
940 473 1063 509 latere
1086 473 1327 510 calidissime
1350 473 1553 509 excoriant
1577 474 1770 522 populum

463 540 500 567 et
544 544 587 568 ex
631 530 710 568 alio
755 532 878 567 latere
922 530 1012 566 illos
1052 531 1118 579 qui
1158 531 1296 567 dicunt
1335 531 1542 567 veritatem
1583 533 1631 567 de
1676 531 1772 567 cleri

460 590 652 637 pauperie
692 589 900 639 quomodo
945 588 1027 624 eius
1067 589 1244 625 defectus
1287 588 1382 625 facit
1426 597 1580 625 tantam
1621 589 1804 626 dissen-«5

461 647 617 683 cionem
648 656 685 683 et
715 646 1069 696 perturbacionem
1096 646 1135 682 in
1157 647 1320 694 populo,
1348 655 1543 695 quantum
1568 646 1772 683 sufficiunt

460 705 499 741 in
537 705 667 742 verbis
706 714 744 742 et
782 717 903 753 opere
943 713 1255 752 persequuntur3
1297 713 1334 741 et
1374 718 1461 741 cum
1506 706 1581 741 hoc
1619 704 1771 741 faciunt

459 772 626 811 propter
665 762 993 800 conservanciam
1034 761 1094 798 sui
1127 761 1280 798 ordinis
1313 762 1353 798 in
1385 775 1587 799 excessum
1623 762 1770 799 edificii

460 822 567 869 quod
602 821 728 869 magis
753 820 935 868 diligunt,
969 819 1150 868 sequitur
1173 821 1281 868 quod
1314 833 1336 856 a
1369 820 1535 857 caritate
1558 820 1769 865 deficiunt;

459 891 553 914 nam
583 880 655 915 hec
684 879 899 916 adinventa
928 877 1067 926 religio
1096 877 1333 926 simpliciter
1356 879 1537 914 abtracta
1560 887 1619 914 est
1642 878 1769 914 eciam
1790 893 1828 913 10

460 936 661 973 infinitum
690 936 982 984 imperfeccior,
1013 937 1189 972 humana
1212 936 1273 972 vel
1296 944 1352 972 est
1375 935 1516 981 nichi13
1550 944 1587 972 et
1616 945 1769 972 certum

462 1003 519 1031 est
552 1007 596 1031 ex
628 994 706 1031 fide
739 1004 775 1031 et
807 1006 928 1042 opere
953 993 1101 1030 Christi
1124 995 1232 1042 quod
1263 993 1416 1041 lapides
1446 993 1555 1030 vivos
1579 995 1769 1030 debemus

461 1052 661 1088 infinitum
703 1052 829 1100 magis
868 1051 1033 1100 diligere
1071 1060 1108 1088 et
1147 1064 1218 1100 per
1258 1064 1397 1088 eorum
1441 1060 1684 1088 structuram
1731 1051 1770 1087 in

460 1111 581 1147 domo
615 1110 686 1147 Dei
728 1109 855 1158 magis
893 1110 1023 1146 zelare
1062 1122 1183 1159 quam
1226 1109 1379 1158 lapides
1421 1109 1664 1146 inanimatos
1709 1110 1769 1145 vel

459 1176 657 1217 quotquot
690 1168 787 1205 alias
821 1167 1018 1205 basilicas.
1787 1171 1824 1203 15

515 1227 699 1263 Secunda
736 1226 799 1263 via
831 1226 1081 1274 Evangeliste
1119 1227 1169 1262 ad
1208 1225 1525 1262 convincendum
1569 1225 1766 1262 defectum

457 1284 636 1321 caritatis
659 1285 833 1321 fraterne
856 1293 933 1321 stat
957 1284 998 1320 in
1020 1284 1175 1320 defectu
1199 1283 1584 1320 communicacionis
1612 1293 1769 1320 terrene

456 1342 703 1388 substancie3
727 1343 867 1379 fratres
885 1351 1018 1379 autem
1038 1355 1110 1390 pro
1129 1341 1407 1378 construendis
1425 1341 1598 1378 basilicis
1622 1342 1769 1377 habent

457 1409 539 1436 tam
579 1400 849 1437 communiter
886 1413 1007 1448 quam
1045 1400 1198 1448 private
1244 1401 1390 1436 multas
1434 1399 1556 1436 libras
1600 1399 1773 1447 pecunie

458 1467 734 1506 congregatas,
751 1467 788 1495 et
812 1470 900 1494 cum
926 1458 965 1493 in
988 1467 1298 1507 quantacunque
1320 1457 1559 1495 necessitate
1581 1457 1766 1494 viderunt
1782 1471 1824 1493 20

457 1515 659 1564 simplices
691 1515 945 1561 christianos,
980 1515 1088 1564 ipsos
1127 1529 1217 1553 cum
1257 1515 1325 1552 illa
1362 1529 1443 1552 non
1476 1515 1665 1552 adiuvant
1696 1516 1765 1551 sed

457 1574 596 1622 pocius
630 1583 865 1623 extorquent
889 1583 926 1610 et
950 1583 1307 1622 quantumcunque
1339 1573 1587 1621 exigentibus
1621 1582 1658 1610 et
1691 1574 1765 1609 hoc

458 1644 528 1680 per
566 1632 725 1669 fraudes
772 1640 892 1680 atque
938 1631 1165 1677 mendacia;
1211 1633 1418 1680 quomodo
1457 1644 1549 1680 ergo
1588 1644 1670 1668 non
1709 1640 1767 1668 est

459 1689 599 1726 talium
632 1703 733 1727 vana
765 1690 929 1738 religio?

515 1748 703 1784 Tercium
744 1748 920 1784 medium
953 1748 1145 1784 Johannis
1184 1749 1234 1784 ad
1269 1747 1587 1784 convincendum
1620 1760 1765 1784 vanum
1783 1753 1823 1786 25

457 1806 640 1842 ordinem
673 1815 751 1842 stat
783 1806 822 1842 in
854 1806 931 1842 isto
964 1807 1072 1854 quod
1105 1805 1267 1854 quidam
1307 1805 1497 1842 simulant
1529 1818 1569 1842 se
1603 1805 1766 1853 diligere

455 1863 585 1900 verbis
619 1864 880 1900 mendacibus
913 1872 1033 1912 atque
1067 1863 1188 1911 signis
1222 1865 1290 1900 sed
1323 1863 1363 1900 in
1395 1876 1516 1912 opere
1541 1873 1577 1900 et
1599 1863 1765 1900 veritate

456 1921 659 1958 deficiunt.
694 1923 771 1958 Sed
798 1920 996 1970 numquid
1026 1921 1224 1958 credimus
1247 1922 1389 1958 fratres
1412 1921 1452 1958 in
1473 1921 1549 1958 isto
1573 1921 1763 1970 capitulo,

456 1992 546 2016 curn
581 1981 629 2016 de
662 1979 739 2016 illis
772 1993 873 2029 quos
905 1981 1053 2017 adeunt
1086 1979 1211 2016 instar
1243 1991 1382 2017 eorum
1416 1979 1540 2028 patris
1573 1979 1764 2015 simulant

455 2038 694 2074 scandalosa
723 2037 957 2074 mendacia?
990 2046 1026 2074 et
1060 2038 1136 2074 hoc
1168 2046 1211 2074 ut
1244 2046 1550 2086 prosternantur
1583 2046 1619 2073 et
1652 2037 1764 2073 diffa-
1781 2042 1822 2074 30

456 2104 615 2132 mentur
653 2095 693 2132 in
731 2097 902 2144 populo;
943 2104 980 2132 et
1018 2108 1109 2132 cum
1150 2108 1223 2144 pro
1262 2104 1347 2132 toto
1386 2097 1538 2132 mundo
1571 2096 1763 2132 salvando

454 2166 535 2189 non
565 2153 698 2190 taliter
728 2154 1003 2199 mentirentur,
1035 2166 1155 2202 quam
1179 2166 1281 2190 vana
1310 2162 1367 2190 est
1390 2166 1460 2190 sua
1483 2153 1636 2201 religio.
1670 2154 1763 2189 Ideo

455 2211 546 2248 dico
585 2210 662 2247 illis
703 2223 793 2248 cum
826 2213 977 2249 Jacobo
1011 2212 1118 2261 quod
1151 2212 1360 2261 quicunque
1391 2224 1523 2248 eornm
1551 2218 1694 2260 putans
1724 2223 1765 2247 se

455 2269 681 2319 religiosum
715 2282 796 2306 esse
827 2283 899 2306 non
932 2271 1137 2319 refrenans
1169 2270 1342 2320 linguam
1375 2270 1444 2306 sed
1480 2270 1665 2306 seducens
1696 2281 1764 2304 cor

453 2338 578 2374 suum,
607 2327 719 2364 huius
748 2341 845 2364 vana
879 2335 934 2364 est
965 2328 1117 2378 religio.
1151 2328 1200 2364 Et
1231 2329 1365 2376 quoad
1399 2327 1693 2364 celebraciones
1726 2335 1763 2362 et
1779 2331 1819 2364 35

454 2384 664 2421 oraciones
716 2393 752 2421 et
804 2385 1083 2422 absoluciones
1135 2385 1277 2434 quibus
1329 2386 1523 2422 seducunt
1567 2385 1759 2433 populum

455 2451 576 2489 patet,
628 2444 736 2492 quod
787 2443 861 2479 nisi
906 2443 1096 2480 sanctitas
1140 2443 1219 2480 vite
1260 2443 1299 2479 in
1345 2443 1399 2480 eis
1443 2442 1679 2491 precesserit
1722 2441 1760 2477 in

526 2584 545 2603 ι.
568 2575 661 2603 Cod.:
691 2584 826 2603 noscere.
941 2576 964 2604 5.
987 2576 1081 2604 Cod.:
1110 2584 1210 2613 paupe
1231 2587 1260 2601 z
1282 2584 1424 2612 paupere.
1532 2584 1560 2606 Q.
1583 2575 1676 2604 Cod.:
1704 2583 1761 2611 que

454 2611 562 2645 magis.
666 2611 827 2648 10.³C0d.:
856 2619 926 2637 nam
953 2612 1020 2638 hoc.
1052 2611 1110 2639 Hic
1137 2612 1223 2638 locus
1250 2616 1415 2647 corruptus
1440 2615 1500 2643 esu
1528 2608 1568 2638 ib.
1591 2611 1683 2638 Cod.:
1710 2611 1761 2637 ab·

453 2650 568 2672 tractus
589 2656 618 2670 z
641 2646 758 2673 abtrct'.
844 2654 877 2673 11.
899 2646 994 2673 Cod.:
1023 2646 1156 2673 humana
1177 2654 1246 2673 nam
1268 2647 1323 2673 vel.
1415 2646 1452 2673 13.
1475 2645 1568 2673 Cod.:
1596 2649 1759 2672 structura.

455 2688 501 2714 14(
518 2680 619 2713 Cod.:*
640 2680 827 2708 inanimati&
955 2680 995 2708 16.
1016 2681 1048 2708 Iu
1071 2689 1183 2715 marg:
1212 2681 1243 2707 Β.
1372 2681 1412 2708 18.
1433 2680 1526 2707 Cod.:
1554 2679 1758 2707 destruendis.

454 2723 499 2741 20.
521 2714 616 2742 Cod.:
644 2715 846 2750 cougregatis.
937 2723 980 2742 22.
1002 2716 1201 2749 exigentibus.
1234 2716 1290 2742 Hic
1311 2716 1437 2742 verbum
1459 2715 1609 2742 excidisse
1630 2714 1758 2741 videtur.

454 2757 497 2784 27.
513 2748 606 2776 Cod.:
634 2754 723 2785 utque
744 2750 817 2784 ἰῆς-ς
846 2750 955 2776 rectius
977 2750 1048 2785 sig'3
1076 2751 1115 2777 ib.
1138 2754 1258 2785 oportet
1279 2750 1307 2776 iu
1329 2758 1430 2785 opere.
1503 2757 1549 2783 2⁴)-
1567 2749 1660 2776 Cod.:
1683 2757 1760 2784 quos

454 2784 547 2810 adim,
622 2783 668 2817 271.
689 2784 784 2811 Cod.:
807 2780 933 2812 seducit.

525 2868 577 2900 33.
603 2869 671 2899 Jac.
700 2868 723 2907 1,
751 2867 804 2900 26.
