1944 3323
122 245 197 271 202

192 359 323 386 Christ&

173 394 304 429 baptism
327 404 341 421 ιι

147 430 240 463 promi*
258 432 285 456 01
309 430 364 457 His

171 464 340 499 nianhtmd,

138 891 171 909 as
192 882 217 908 is
237 883 301 909 also
322 882 370 908 ilit-

122 917 272 951 shcdding
290 917 324 943 oi*
338 917 394 944 His

210 952 311 979 blood.

700 247 921 279 JoHANNIS
940 247 1122 280 wvctir
1141 247 1396 280 sERMoNUM
1431 233 1582 293 [SERMO
1603 245 1713 274 xxvi

408 367 522 390 verus
565 356 700 390 homo.
747 354 927 391 Christus
970 354 1043 390 fuit
1088 355 1312 403 baptizatus
1356 367 1426 402 per
1470 367 1616 403 aquam
1658 358 1715 397 (ut

409 421 518 460 patet
550 412 716 449 Matthei
751 414 821 448 1110
853 421 889 448 et
915 414 1018 448 Luce
1043 415 1144 459 1110),
1178 412 1249 448 fuit
1282 412 1401 460 igitur
1432 424 1547 448 verus
1579 413 1714 449 homo.

408 470 498 506 Fuit
531 471 635 506 enim
670 470 907 517 baptizatus,
941 483 1022 506 non
1046 471 1138 518 quia
1162 470 1333 518 indiguit
1357 470 1480 506 lavari
1503 483 1525 506 a
1550 469 1715 506 crimine

408 529 469 564 vel
502 528 710 576 expurgari
743 540 765 564 a
799 528 955 564 macula
990 528 1204 576 corporali,
1245 530 1314 564 sed
1354 537 1396 564 ut
1429 541 1541 564 suam
1576 529 1715 564 huma-

407 586 573 622 nitatem
609 599 652 622 ex
684 598 755 621 sua
788 586 1064 633 baptizacione
1097 588 1326 623 ostenderet
1348 586 1476 632 nobis,
1509 595 1552 622 ut
1574 586 1714 622 fratres

409 657 500 679 suos
540 645 589 679 ad
630 643 875 691 baptismum
923 643 1122 691 duplicem
1168 644 1352 680 incitaret
1399 653 1435 680 et
1478 653 1521 680 ut
1567 656 1714 692 aquam

408 711 517 738 tactu
562 714 630 737 sue
669 701 897 737 beatissime
937 702 1067 738 carnis
1105 701 1388 738 sanctificaret.
1433 704 1481 738 Et
1520 701 1716 750 quotlibet

410 760 577 795 istorum
625 772 715 796 cum
760 760 1079 796 circumstanciis
1124 759 1198 795 sibi
1243 759 1518 796 adiacentibus
1564 759 1715 796 indicat

410 818 612 853 Christum
648 830 730 853 esse
762 830 899 853 verum
934 818 1151 854 hominem.

468 877 652 911 Secundo
692 877 886 923 probatur
925 875 1031 911 idem
1072 888 1141 924 per
1180 876 1255 911 hoc
1294 877 1401 923 quod
1441 877 1551 911 Jesus
1590 874 1713 910 effun-

410 935 540 969 dendo
580 946 653 981 pro
692 933 807 969 nobis
847 946 962 969 suum
1002 933 1231 981 preciosum
1270 932 1503 981 sanguinem
1549 941 1631 968 tam
1677 931 1716 968 in

408 991 517 1027 venis
558 1004 678 1039 quam
724 991 879 1027 arteriis
919 1000 999 1027 tam
1046 991 1155 1028 vivus
1201 991 1327 1027 eciam
1368 1003 1489 1039 quam
1535 998 1716 1026 mortuus

410 1063 499 1085 cum
534 1049 766 1085 sensacione
800 1049 962 1085 maximi
997 1049 1146 1086 doloris
1180 1048 1426 1085 moriebatur
1458 1061 1550 1085 vera
1574 1057 1715 1093 morte,

411 1120 485 1155 que
518 1108 646 1143 solum
682 1107 834 1143 homini
868 1107 999 1155 potuit
1033 1116 1281 1155 competere:
1327 1107 1416 1143 Fuit
1449 1106 1570 1154 igitur
1602 1118 1717 1143 verus

410 1167 544 1201 homo.
591 1167 639 1201 Et
678 1165 773 1202 istas
814 1167 911 1202 duas
950 1165 1133 1201 raciones
1180 1164 1366 1212 intelligit
1403 1165 1604 1200 Johannes
1644 1176 1719 1213 per

409 1236 547 1271 aquam
572 1231 606 1259 et
628 1224 867 1274 sanguinem.
903 1225 995 1259 Ideo
1017 1223 1209 1260 Johannis
1233 1224 1353 1268 XIXO,
1382 1222 1542 1258 33—35
1571 1221 1718 1257 dicitur

411 1281 660 1328 signancius:
705 1282 767 1317 Ad
796 1282 925 1318 Jesztnz
958 1289 1083 1317 mitem
1117 1294 1201 1317 cum
1236 1281 1437 1327 venissent,
1470 1287 1509 1316 ut
1540 1280 1719 1315 viderunt

410 1352 492 1375 enm
533 1340 606 1375 iam
641 1347 847 1377 mortuum.
888 1352 960 1375 non
988 1340 1205 1389 fregerunt
1238 1339 1317 1374 eius
1348 1351 1480 1381 crura,
1518 1338 1586 1374 sed
1624 1349 1720 1373 unus

412 1398 572 1432 militum
608 1399 739 1433 lancea
774 1399 874 1433 latus
906 1398 984 1433 eius
1016 1398 1181 1445 aperuit,
1215 1405 1250 1432 et
1282 1397 1457 1432 continuo
1490 1395 1609 1432 exivit
1630 1407 1717 1431 san-

410 1456 500 1505 guis
544 1463 577 1491 et
620 1468 730 1504 aqua.
776 1456 828 1490 Et
873 1456 936 1503 qui
980 1456 1051 1490 ista
1092 1455 1184 1490 vidit
1222 1454 1476 1490 testimonium
1510 1453 1717 1502 perhibuit.

412 1513 515 1558 Quia
548 1525 641 1560 ergo
675 1513 900 1560 indigemus
934 1512 1194 1549 absolucione
1228 1521 1264 1548 et
1298 1511 1597 1559 redempcione,
1630 1510 1719 1546 ideo

412 1571 484 1607 fuit
516 1571 633 1607 nobis
667 1571 862 1615 Christus,
897 1580 933 1607 et
955 1571 1064 1606 ²Iesus
1092 1570 1284 1615 Christus,
1317 1569 1411 1617 quia
1445 1568 1720 1616 multipliciter

411 1629 558 1675 unitus,
594 1639 629 1665 et
660 1630 783 1675 Jesus,
816 1628 910 1677 quia
943 1628 1142 1664 tirannide
1175 1628 1324 1664 diaboli
1357 1640 1428 1664 nos
1461 1626 1638 1663 salvavit.
1673 1627 1722 1661 Et

411 1696 507 1723 nota
531 1689 638 1735 quod
661 1696 720 1723 ter
742 1687 925 1723 nominat
947 1688 1148 1722 ,lohannes
1172 1698 1309 1734 aquam
1340 1694 1377 1721 et
1400 1685 1458 1721 bis
1480 1685 1721 1735 sanguinem,

412 1745 505 1792 quia
544 1758 648 1792 aqua
695 1744 883 1793 baptismi
926 1757 999 1780 nos
1044 1744 1152 1786 lavit,
1197 1756 1301 1791 aqua
1346 1743 1604 1779 lacrimarum
1648 1753 1721 1778 nos

414 1803 557 1838 meruit
592 1812 628 1839 et
662 1816 766 1850 aqua
799 1802 934 1838 lateris
966 1815 1039 1838 nos
1072 1801 1296 1846 inebriavit,
1332 1813 1413 1837 non
1446 1813 1523 1836 una
1546 1799 1630 1835 vice
1653 1800 1721 1834 sed

413 1873 550 1896 amore
585 1861 762 1897 caritatis
797 1873 841 1896 ac
875 1859 1086 1896 dulcedine
1125 1859 1268 1907 premii
1309 1858 1484 1898 celestis:
1532 1857 1590 1893 bis
1627 1868 1720 1892 vero

413 1918 731 1966 interpolaeione
775 1917 943 1954 notabili
990 1917 1224 1961 cruentavit,
1270 1916 1421 1952 scilicet
1468 1915 1508 1951 in
1552 1915 1721 1951 circum-

415 1976 563 2012 cisione
598 1986 633 2012 et
666 1976 852 2024 passione
892 1977 1088 2020 sudando,
1129 1975 1369 2022 flagellando
1403 1982 1440 2010 et
1474 1973 1721 2009 vulnerando

413 2035 580 2081 passive,
615 2043 743 2070 totum
778 2043 912 2070 tamen
946 2042 1128 2069 censetur
1160 2046 1240 2069 una
1273 2031 1516 2076 cruentacio,
1551 2030 1653 2066 sicut
1686 2038 1723 2066 et

414 2105 492 2128 una
525 2092 677 2140 passi03
712 2094 815 2128 unde
848 2091 887 2127 in
922 2090 1222 2127 circumsisione
1257 2090 1365 2126 dedit
1387 2088 1491 2137 patri
1515 2100 1626 2124 arras
1649 2100 1723 2135 pro

415 2159 593 2186 mercato
634 2159 670 2186 et
710 2150 751 2186 in
795 2149 980 2198 passione
1026 2148 1269 2185 effundendo
1313 2156 1442 2184 totum
1488 2145 1722 2193 sanguinem

414 2208 529 2244 solvit
563 2217 599 2244 et
622 2209 784 2256 plenum
809 2207 987 2256 precium
1012 2220 1085 2254 pro
1109 2207 1285 2242 humano
1309 2217 1451 2253 genere
1473 2203 1721 2240 redimendo.

472 2268 586 2314 Aqua
610 2279 704 2313 ergo
737 2275 796 2301 ter
828 2265 1036 2301 nominata
1069 2264 1198 2312 signat
1231 2263 1476 2311 baptismum
1499 2260 1721 2306 Trinitatis,

416 2334 453 2359 et
498 2324 657 2371 sanguis
703 2323 762 2359 bis
813 2323 1044 2359 nominatus
1097 2322 1225 2369 signat
1268 2321 1547 2368 imperfectum
1591 2331 1723 2355 sacra-

416 2391 593 2417 mentum
649 2380 966 2417 circumcisionis
1018 2380 1238 2427 utriusque,
1291 2391 1381 2415 curn
1426 2377 1499 2414 fuit
1543 2376 1723 2414 Christus

415 2448 555 2475 auctor
593 2439 694 2475 sicut
734 2448 949 2486 utrumque
988 2451 1009 2474 a
1048 2438 1171 2474 latere
1210 2437 1268 2472 sui
1308 2436 1387 2472 iam
1428 2435 1576 2471 mortui
1617 2446 1723 2470 ema-

416 2497 537 2541 navit,
555 2496 737 2533 indicans
756 2498 863 2544 quod
888 2497 1059 2532 habebat
1083 2494 1271 2530 divinitus
1293 2495 1513 2530 secundum
1536 2501 1721 2529 naturam

417 2554 666 2602 superiorem
699 2554 889 2591 virtutam
929 2554 1050 2590 aliam
1090 2552 1319 2600 regitivam3
1366 2559 1505 2588 contra
1536 2558 1722 2587 naturam

485 2703 512 2725 o.
535 2703 566 2725 ut
586 2699 719 2734 aliquam
742 2698 770 2725 iii
792 2698 860 2724 cod.
981 2697 1022 2724 16.
1044 2697 1138 2724 eod:
1160 2697 1242 2723 dicit.
1361 2704 1399 2724 21.
1422 2695 1515 2723 Cod.:
1537 2694 1721 2729 indigemus.

416 2734 461 2761 20.
484 2733 610 2765 merui&
631 2734 745 2760 incesta
766 2733 868 2766 lecti03
891 2732 985 2759 Cod.:
1008 2732 1111 2765 m‘mt3
1132 2731 1171 2758 ib.
1194 2731 1286 2758 Cod.:
1310 2739 1368 2758 una
1389 2731 1469 2757 vitis.
1559 2727 1721 2767 29.—Qod.:

417 2775 584 2803 suadendo.
649 2772 694 2800 30.
717 2772 810 2800 Cod:
832 2777 980 2800 sensetur.
1044 2771 1086 2800 33.
1109 2771 1203 2800 Cod.:
1225 2771 1337 2806 generi.
1409 2769 1455 2798 38.
1478 2769 1571 2798 Cod.:
1593 2768 1722 2796 divinit'.

487 2873 539 2905 24.
567 2864 590 2896 1.
615 2863 694 2896 Joh.
716 2863 756 2904 V,
782 2861 813 2894 6.

1735 889 1775 910 10

1738 1167 1774 1199 15

1737 1467 1778 1488 20

1739 1746 1777 1778 25

1740 2033 1780 2065 30

1739 2321 1778 2354 35
