<?xml version="1.0" encoding="UTF-8"?>
<!DOCTYPE html PUBLIC "-//W3C//DTD XHTML 1.0 Transitional//EN"
    "http://www.w3.org/TR/xhtml1/DTD/xhtml1-transitional.dtd">
<html xmlns="http://www.w3.org/1999/xhtml" xml:lang="en" lang="en">
 <head>
  <title>
</title>
<meta http-equiv="Content-Type" content="text/html;charset=utf-8" />
  <meta name='ocr-system' content='tesseract 3.04.00' />
  <meta name='ocr-capabilities' content='ocr_page ocr_carea ocr_par ocr_line ocrx_word'/>
</head>
<body>
  <div class='ocr_page' id='page_1' title='image "./iohanniswyclifse0703wycl_0330.png"; bbox 0 0 1944 3323; ppageno 0'>
   <div class='ocr_carea' id='block_1_1' title="bbox 141 244 216 278">
    <p class='ocr_par' dir='ltr' id='par_1_1' title="bbox 141 244 216 278">
     <span class='ocr_line' id='line_1_1' title="bbox 141 244 216 278; baseline 0.013 -1"><span class='ocrx_word' id='word_1_1' title='bbox 141 244 216 278; x_wconf 69' lang='lat'>308</span> 
     </span>
    </p>
   </div>
   <div class='ocr_carea' id='block_1_2' title="bbox 165 365 380 470">
    <p class='ocr_par' dir='ltr' id='par_1_2' title="bbox 165 365 380 470">
     <span class='ocr_line' id='line_1_2' title="bbox 165 365 380 392; baseline -0.005 0"><span class='ocrx_word' id='word_1_2' title='bbox 165 365 222 392; x_wconf 79' lang='lat' dir='ltr'>we</span> <span class='ocrx_word' id='word_1_3' title='bbox 243 370 324 392; x_wconf 83' lang='lat' dir='ltr'>must</span> <span class='ocrx_word' id='word_1_4' title='bbox 347 365 380 391; x_wconf 78' lang='lat' dir='ltr'>bc</span> 
     </span>
     <span class='ocr_line' id='line_1_3' title="bbox 174 400 367 427; baseline 0 -2"><span class='ocrx_word' id='word_1_5' title='bbox 174 400 316 427; x_wconf 75' lang='lat' dir='ltr'>watchnn</span> <span class='ocrx_word' id='word_1_6' title='bbox 340 400 367 426; x_wconf 83' lang='lat' dir='ltr'>in</span> 
     </span>
     <span class='ocr_line' id='line_1_4' title="bbox 214 443 332 470; baseline -0.008 -9"><span class='ocrx_word' id='word_1_7' title='bbox 214 443 332 470; x_wconf 61' lang='lat' dir='ltr'>prayer.</span> 
     </span>
    </p>
   </div>
   <div class='ocr_carea' id='block_1_3' title="bbox 144 654 397 751">
    <p class='ocr_par' dir='ltr' id='par_1_3' title="bbox 144 654 397 751">
     <span class='ocr_line' id='line_1_5' title="bbox 192 654 350 689; baseline 0 -8"><span class='ocrx_word' id='word_1_8' title='bbox 192 654 350 689; x_wconf 82' lang='lat' dir='ltr'>vigilance</span> 
     </span>
     <span class='ocr_line' id='line_1_6' title="bbox 144 689 397 724; baseline 0.004 -9"><span class='ocrx_word' id='word_1_9' title='bbox 144 689 256 716; x_wconf 78' lang='lat' dir='ltr'>needed</span> <span class='ocrx_word' id='word_1_10' title='bbox 278 690 397 724; x_wconf 79' lang='lat' dir='ltr'>against</span> 
     </span>
     <span class='ocr_line' id='line_1_7' title="bbox 193 724 351 751; baseline 0.006 -1"><span class='ocrx_word' id='word_1_11' title='bbox 193 724 242 750; x_wconf 79' lang='lat' dir='ltr'>the</span> <span class='ocrx_word' id='word_1_12' title='bbox 262 724 351 751; x_wconf 76' lang='lat' dir='ltr'>devii.</span> 
     </span>
    </p>
   </div>
   <div class='ocr_carea' id='block_1_4' title="bbox 133 1581 392 1644">
    <p class='ocr_par' dir='ltr' id='par_1_4' title="bbox 133 1581 392 1644">
     <span class='ocr_line' id='line_1_8' title="bbox 149 1581 381 1609; baseline 0.004 -1"><span class='ocrx_word' id='word_1_13' title='bbox 149 1581 236 1608; x_wconf 81' lang='lat' dir='ltr'>Faith</span> <span class='ocrx_word' id='word_1_14' title='bbox 259 1582 381 1609; x_wconf 80' lang='lat' dir='ltr'>enables</span> 
     </span>
     <span class='ocr_line' id='line_1_9' title="bbox 133 1617 392 1644; baseline 0.004 -1"><span class='ocrx_word' id='word_1_15' title='bbox 133 1625 167 1643; x_wconf 84' lang='lat' dir='ltr'>us</span> <span class='ocrx_word' id='word_1_16' title='bbox 183 1621 212 1643; x_wconf 83' lang='lat' dir='ltr'>to</span> <span class='ocrx_word' id='word_1_17' title='bbox 226 1617 315 1643; x_wconf 71' lang='lat' dir='ltr'>resist</span> <span class='ocrx_word' id='word_1_18' title='bbox 331 1617 392 1644; x_wconf 86' lang='lat' dir='ltr'>him</span> 
     </span>
    </p>
   </div>
   <div class='ocr_carea' id='block_1_5' title="bbox 134 2446 406 2552">
    <p class='ocr_par' dir='ltr' id='par_1_5' title="bbox 134 2446 406 2552">
     <span class='ocr_line' id='line_1_10' title="bbox 188 2446 347 2475; baseline 0 -1"><span class='ocrx_word' id='word_1_19' title='bbox 188 2446 347 2475; x_wconf 84' lang='lat' dir='ltr'>Rcmcdics</span> 
     </span>
     <span class='ocr_line' id='line_1_11' title="bbox 159 2483 378 2518; baseline 0.005 -9"><span class='ocrx_word' id='word_1_20' title='bbox 159 2483 279 2518; x_wconf 75' lang='lat' dir='ltr'>against</span> <span class='ocrx_word' id='word_1_21' title='bbox 299 2483 378 2510; x_wconf 88' lang='lat' dir='ltr'>him:</span> 
     </span>
     <span class='ocr_line' id='line_1_12' title="bbox 134 2517 406 2552; baseline 0.004 -9"><span class='ocrx_word' id='word_1_22' title='bbox 134 2525 153 2544; x_wconf 85' lang='lat'>1.</span> <span class='ocrx_word' id='word_1_23' title='bbox 175 2518 321 2552; x_wconf 62' lang='lat' dir='ltr'>amiding</span> <span class='ocrx_word' id='word_1_24' title='bbox 342 2517 406 2551; x_wconf 55' lang='grc' dir='ltr'>δίης</span> 
     </span>
    </p>
   </div>
   <div class='ocr_carea' id='block_1_6' title="bbox 688 236 1728 293">
    <p class='ocr_par' dir='ltr' id='par_1_6' title="bbox 688 236 1728 293">
     <span class='ocr_line' id='line_1_13' title="bbox 688 236 1728 293; baseline -0.001 -12"><span class='ocrx_word' id='word_1_25' title='bbox 688 250 911 281; x_wconf 72' lang='grc' dir='ltr'>,ΙΟΗΑΝΝΙΞ</span> <span class='ocrx_word' id='word_1_26' title='bbox 933 250 1114 281; x_wconf 83' lang='lat' dir='ltr'>WYCLlF</span> <span class='ocrx_word' id='word_1_27' title='bbox 1133 250 1389 281; x_wconf 85' lang='lat' dir='ltr'>SERMONUM</span> <span class='ocrx_word' id='word_1_28' title='bbox 1409 236 1560 293; x_wconf 78' lang='lat' dir='ltr'>[SERMO</span> <span class='ocrx_word' id='word_1_29' title='bbox 1578 246 1728 274; x_wconf 65' lang='lat' dir='ltr'>XXXVII·</span> 
     </span>
    </p>
   </div>
   <div class='ocr_carea' id='block_1_7' title="bbox 419 354 1787 1610">
    <p class='ocr_par' dir='ltr' id='par_1_7' title="bbox 419 354 1787 1610">
     <span class='ocr_line' id='line_1_14' title="bbox 425 354 1730 403; baseline -0.001 -11"><span class='ocrx_word' id='word_1_30' title='bbox 425 356 577 403; x_wconf 76' lang='lat' dir='ltr'>vigiles)</span> <span class='ocrx_word' id='word_1_31' title='bbox 613 356 819 391; x_wconf 88' lang='lat' dir='ltr'>stimulum</span> <span class='ocrx_word' id='word_1_32' title='bbox 855 355 894 391; x_wconf 89' lang='lat' dir='ltr'>in</span> <span class='ocrx_word' id='word_1_33' title='bbox 927 354 1197 391; x_wconf 79' lang='lat' dir='ltr'>oracionibus.</span> <span class='ocrx_word' id='word_1_34' title='bbox 1240 355 1315 399; x_wconf 88' lang='lat' dir='ltr'>Qui</span> <span class='ocrx_word' id='word_1_35' title='bbox 1350 354 1453 390; x_wconf 88' lang='lat' dir='ltr'>enim</span> <span class='ocrx_word' id='word_1_36' title='bbox 1489 354 1587 402; x_wconf 90' lang='lat' dir='ltr'>petit</span> <span class='ocrx_word' id='word_1_37' title='bbox 1621 355 1730 403; x_wconf 89' lang='lat' dir='ltr'>quic-</span> 
     </span>
     <span class='ocr_line' id='line_1_15' title="bbox 426 412 1729 462; baseline -0.001 -12"><span class='ocrx_word' id='word_1_38' title='bbox 426 427 544 462; x_wconf 89' lang='lat' dir='ltr'>quam</span> <span class='ocrx_word' id='word_1_39' title='bbox 579 427 600 450; x_wconf 88' lang='lat' dir='ltr'>a</span> <span class='ocrx_word' id='word_1_40' title='bbox 633 413 845 461; x_wconf 85' lang='lat' dir='ltr'>temporali</span> <span class='ocrx_word' id='word_1_41' title='bbox 880 413 1057 458; x_wconf 87' lang='lat' dir='ltr'>domino,</span> <span class='ocrx_word' id='word_1_42' title='bbox 1091 422 1133 449; x_wconf 88' lang='lat' dir='ltr'>ut</span> <span class='ocrx_word' id='word_1_43' title='bbox 1167 414 1279 458; x_wconf 79' lang='lat' dir='ltr'>duce,</span> <span class='ocrx_word' id='word_1_44' title='bbox 1314 412 1495 460; x_wconf 81' lang='lat' dir='ltr'>principe</span> <span class='ocrx_word' id='word_1_45' title='bbox 1527 412 1606 449; x_wconf 86' lang='lat' dir='ltr'>sive</span> <span class='ocrx_word' id='word_1_46' title='bbox 1639 425 1729 460; x_wconf 83' lang='lat' dir='ltr'>rege</span> 
     </span>
     <span class='ocr_line' id='line_1_16' title="bbox 424 469 1728 518; baseline -0.002 -10"><span class='ocrx_word' id='word_1_47' title='bbox 424 484 505 508; x_wconf 89' lang='lat' dir='ltr'>non</span> <span class='ocrx_word' id='word_1_48' title='bbox 543 481 637 508; x_wconf 90' lang='lat' dir='ltr'>tunc</span> <span class='ocrx_word' id='word_1_49' title='bbox 676 470 881 517; x_wconf 83' lang='lat' dir='ltr'>dormitat,</span> <span class='ocrx_word' id='word_1_50' title='bbox 921 472 989 507; x_wconf 93' lang='lat' dir='ltr'>sed</span> <span class='ocrx_word' id='word_1_51' title='bbox 1029 479 1178 507; x_wconf 89' lang='lat' dir='ltr'>attente</span> <span class='ocrx_word' id='word_1_52' title='bbox 1215 470 1351 518; x_wconf 80' lang='lat' dir='ltr'>vigilat</span> <span class='ocrx_word' id='word_1_53' title='bbox 1389 483 1462 518; x_wconf 91' lang='lat' dir='ltr'>pro</span> <span class='ocrx_word' id='word_1_54' title='bbox 1501 469 1728 507; x_wconf 80' lang='lat' dir='ltr'>intencione</span> 
     </span>
     <span class='ocr_line' id='line_1_17' title="bbox 425 528 1728 578; baseline -0.001 -13"><span class='ocrx_word' id='word_1_55' title='bbox 425 529 538 578; x_wconf 90' lang='lat' dir='ltr'>petiti</span> <span class='ocrx_word' id='word_1_56' title='bbox 562 538 598 565; x_wconf 90' lang='lat' dir='ltr'>et</span> <span class='ocrx_word' id='word_1_57' title='bbox 623 530 775 565; x_wconf 87' lang='lat' dir='ltr'>honore</span> <span class='ocrx_word' id='word_1_58' title='bbox 799 528 980 575; x_wconf 86' lang='lat' dir='ltr'>Domini;</span> <span class='ocrx_word' id='word_1_59' title='bbox 1014 537 1164 577; x_wconf 89' lang='lat' dir='ltr'>quanto</span> <span class='ocrx_word' id='word_1_60' title='bbox 1198 528 1323 576; x_wconf 81' lang='lat' dir='ltr'>magis</span> <span class='ocrx_word' id='word_1_61' title='bbox 1356 537 1494 576; x_wconf 87' lang='lat' dir='ltr'>petens</span> <span class='ocrx_word' id='word_1_62' title='bbox 1527 541 1728 564; x_wconf 87' lang='lat' dir='ltr'>summum</span> 
     </span>
     <span class='ocr_line' id='line_1_18' title="bbox 424 585 1763 624; baseline -0.001 -1"><span class='ocrx_word' id='word_1_63' title='bbox 424 587 689 624; x_wconf 82' lang='lat' dir='ltr'>desiderabile</span> <span class='ocrx_word' id='word_1_64' title='bbox 722 599 743 623; x_wconf 88' lang='lat' dir='ltr'>a</span> <span class='ocrx_word' id='word_1_65' title='bbox 776 586 952 623; x_wconf 87' lang='lat' dir='ltr'>Domino</span> <span class='ocrx_word' id='word_1_66' title='bbox 985 586 1258 623; x_wconf 84' lang='lat' dir='ltr'>dominorum.</span> <span class='ocrx_word' id='word_1_67' title='bbox 1747 585 1763 617; x_wconf 84' lang='grc'>5</span> 
     </span>
     <span class='ocr_line' id='line_1_19' title="bbox 481 643 1731 691; baseline -0.002 -10"><span class='ocrx_word' id='word_1_68' title='bbox 481 647 562 681; x_wconf 91' lang='lat' dir='ltr'>Nec</span> <span class='ocrx_word' id='word_1_69' title='bbox 594 645 723 681; x_wconf 90' lang='lat' dir='ltr'>solum</span> <span class='ocrx_word' id='word_1_70' title='bbox 758 657 872 681; x_wconf 89' lang='lat' dir='ltr'>amor</span> <span class='ocrx_word' id='word_1_71' title='bbox 894 644 1066 681; x_wconf 90' lang='lat' dir='ltr'>habendi</span> <span class='ocrx_word' id='word_1_72' title='bbox 1100 644 1304 691; x_wconf 82' lang='lat' dir='ltr'>evigilaret</span> <span class='ocrx_word' id='word_1_73' title='bbox 1325 643 1477 680; x_wconf 86' lang='lat' dir='ltr'>viantes</span> <span class='ocrx_word' id='word_1_74' title='bbox 1508 645 1576 680; x_wconf 89' lang='lat' dir='ltr'>sed</span> <span class='ocrx_word' id='word_1_75' title='bbox 1609 643 1731 680; x_wconf 88' lang='lat' dir='ltr'>timor</span> 
     </span>
     <span class='ocr_line' id='line_1_20' title="bbox 424 701 1725 739; baseline -0.001 -1"><span class='ocrx_word' id='word_1_76' title='bbox 424 703 572 739; x_wconf 88' lang='lat' dir='ltr'>diaboli</span> <span class='ocrx_word' id='word_1_77' title='bbox 618 703 761 739; x_wconf 84' lang='lat' dir='ltr'>callide</span> <span class='ocrx_word' id='word_1_78' title='bbox 807 712 843 739; x_wconf 88' lang='lat' dir='ltr'>et</span> <span class='ocrx_word' id='word_1_79' title='bbox 888 702 1047 739; x_wconf 86' lang='lat' dir='ltr'>conscie</span> <span class='ocrx_word' id='word_1_80' title='bbox 1097 701 1337 738; x_wconf 82' lang='lat' dir='ltr'>insultantis.</span> <span class='ocrx_word' id='word_1_81' title='bbox 1392 701 1543 738; x_wconf 84' lang='lat' dir='ltr'>Circuit</span> <span class='ocrx_word' id='word_1_82' title='bbox 1593 711 1725 738; x_wconf 86' lang='lat' dir='ltr'>autem</span> 
     </span>
     <span class='ocr_line' id='line_1_21' title="bbox 424 759 1729 809; baseline -0.001 -13"><span class='ocrx_word' id='word_1_83' title='bbox 424 760 607 797; x_wconf 89' lang='lat' dir='ltr'>diabolus</span> <span class='ocrx_word' id='word_1_84' title='bbox 650 773 720 809; x_wconf 89' lang='lat' dir='ltr'>per</span> <span class='ocrx_word' id='word_1_85' title='bbox 765 760 936 797; x_wconf 86' lang='lat' dir='ltr'>circulos</span> <span class='ocrx_word' id='word_1_86' title='bbox 986 761 1246 805; x_wconf 87' lang='lat' dir='ltr'>cautelarum‚</span> <span class='ocrx_word' id='word_1_87' title='bbox 1292 768 1494 807; x_wconf 87' lang='lat' dir='ltr'>temptans</span> <span class='ocrx_word' id='word_1_88' title='bbox 1538 759 1646 796; x_wconf 88' lang='lat' dir='ltr'>varie</span> <span class='ocrx_word' id='word_1_89' title='bbox 1690 759 1729 795; x_wconf 90' lang='lat' dir='ltr'>in</span> 
     </span>
     <span class='ocr_line' id='line_1_22' title="bbox 423 818 1726 867; baseline -0.002 -12"><span class='ocrx_word' id='word_1_90' title='bbox 423 818 566 867; x_wconf 89' lang='lat' dir='ltr'>quibus</span> <span class='ocrx_word' id='word_1_91' title='bbox 589 818 764 867; x_wconf 87' lang='lat' dir='ltr'>peccatis</span> <span class='ocrx_word' id='word_1_92' title='bbox 787 819 910 855; x_wconf 91' lang='lat' dir='ltr'>homo</span> <span class='ocrx_word' id='word_1_93' title='bbox 934 818 984 855; x_wconf 85' lang='lat' dir='ltr'>sit</span> <span class='ocrx_word' id='word_1_94' title='bbox 1006 818 1161 855; x_wconf 88' lang='lat' dir='ltr'>facilius</span> <span class='ocrx_word' id='word_1_95' title='bbox 1184 826 1407 865; x_wconf 88' lang='lat' dir='ltr'>superatus.</span> <span class='ocrx_word' id='word_1_96' title='bbox 1442 819 1534 854; x_wconf 86' lang='lat' dir='ltr'>Ideo</span> <span class='ocrx_word' id='word_1_97' title='bbox 1548 819 1621 854; x_wconf 90' lang='lat' dir='ltr'>Job</span> <span class='ocrx_word' id='word_1_98' title='bbox 1638 819 1687 863; x_wconf 81' lang='lat'>10,</span> <span class='ocrx_word' id='word_1_99' title='bbox 1707 830 1726 864; x_wconf 87' lang='lat'><em>7</em></span> 
     </span>
     <span class='ocr_line' id='line_1_23' title="bbox 423 875 1787 926; baseline -0.001 -14"><span class='ocrx_word' id='word_1_100' title='bbox 423 876 587 913; x_wconf 87' lang='lat' dir='ltr'>dicitur:</span> <span class='ocrx_word' id='word_1_101' title='bbox 627 877 800 913; x_wconf 73' lang='lat' dir='ltr'>Circuivi</span> <span class='ocrx_word' id='word_1_102' title='bbox 829 884 977 913; x_wconf 78' lang='lat' dir='ltr'>terram</span> <span class='ocrx_word' id='word_1_103' title='bbox 1011 884 1046 913; x_wconf 87' lang='lat' dir='ltr'>et</span> <span class='ocrx_word' id='word_1_104' title='bbox 1072 876 1346 926; x_wconf 75' lang='lat' dir='ltr'>perambulavi</span> <span class='ocrx_word' id='word_1_105' title='bbox 1375 888 1480 920; x_wconf 80' lang='lat' dir='ltr'>eam;</span> <span class='ocrx_word' id='word_1_106' title='bbox 1518 884 1555 912; x_wconf 89' lang='lat' dir='ltr'>et</span> <span class='ocrx_word' id='word_1_107' title='bbox 1586 875 1626 911; x_wconf 89' lang='lat' dir='ltr'>in</span> <span class='ocrx_word' id='word_1_108' title='bbox 1659 875 1728 911; x_wconf 88' lang='lat' dir='ltr'>tali</span> <span class='ocrx_word' id='word_1_109' title='bbox 1749 889 1787 911; x_wconf 87' lang='lat'>10</span> 
     </span>
     <span class='ocr_line' id='line_1_24' title="bbox 423 933 1730 983; baseline -0.001 -13"><span class='ocrx_word' id='word_1_110' title='bbox 423 935 591 971; x_wconf 90' lang='lat' dir='ltr'>circuitu</span> <span class='ocrx_word' id='word_1_111' title='bbox 635 934 748 983; x_wconf 89' lang='lat' dir='ltr'>impii</span> <span class='ocrx_word' id='word_1_112' title='bbox 793 935 1013 979; x_wconf 73' lang='lat' dir='ltr'>ambulant,</span> <span class='ocrx_word' id='word_1_113' title='bbox 1058 944 1100 970; x_wconf 92' lang='lat' dir='ltr'>ut</span> <span class='ocrx_word' id='word_1_114' title='bbox 1138 942 1350 982; x_wconf 82' lang='lat' dir='ltr'>prestatur.</span> <span class='ocrx_word' id='word_1_115' title='bbox 1397 934 1510 970; x_wconf 88' lang='lat' dir='ltr'>Unde</span> <span class='ocrx_word' id='word_1_116' title='bbox 1554 933 1730 969; x_wconf 88' lang='lat' dir='ltr'>secundo</span> 
     </span>
     <span class='ocr_line' id='line_1_25' title="bbox 422 991 1730 1041; baseline -0.002 -12"><span class='ocrx_word' id='word_1_117' title='bbox 422 993 527 1041; x_wconf 82' lang='lat' dir='ltr'>rugit</span> <span class='ocrx_word' id='word_1_118' title='bbox 550 993 733 1029; x_wconf 87' lang='lat' dir='ltr'>diabolus</span> <span class='ocrx_word' id='word_1_119' title='bbox 766 1005 837 1040; x_wconf 91' lang='lat' dir='ltr'>per</span> <span class='ocrx_word' id='word_1_120' title='bbox 868 993 1067 1038; x_wconf 72' lang='lat' dir='ltr'>semitam,</span> <span class='ocrx_word' id='word_1_121' title='bbox 1100 1005 1181 1029; x_wconf 90' lang='lat' dir='ltr'>non</span> <span class='ocrx_word' id='word_1_122' title='bbox 1213 1001 1419 1040; x_wconf 80' lang='lat' dir='ltr'>tamquam</span> <span class='ocrx_word' id='word_1_123' title='bbox 1453 992 1514 1028; x_wconf 92' lang='lat' dir='ltr'>leo</span> <span class='ocrx_word' id='word_1_124' title='bbox 1546 992 1593 1027; x_wconf 92' lang='lat' dir='ltr'>de</span> <span class='ocrx_word' id='word_1_125' title='bbox 1624 991 1730 1027; x_wconf 89' lang='lat' dir='ltr'>tribu</span> 
     </span>
     <span class='ocr_line' id='line_1_26' title="bbox 419 1050 1729 1099; baseline -0.002 -12"><span class='ocrx_word' id='word_1_126' title='bbox 419 1052 521 1087; x_wconf 89' lang='lat' dir='ltr'>Juda</span> <span class='ocrx_word' id='word_1_127' title='bbox 573 1050 838 1087; x_wconf 88' lang='lat' dir='ltr'>mortificatos</span> <span class='ocrx_word' id='word_1_128' title='bbox 889 1050 1063 1099; x_wconf 86' lang='lat' dir='ltr'>peccatis</span> <span class='ocrx_word' id='word_1_129' title='bbox 1113 1050 1337 1090; x_wconf 75' lang='lat' dir='ltr'>vivificans2</span> <span class='ocrx_word' id='word_1_130' title='bbox 1391 1062 1464 1086; x_wconf 89' lang='lat' dir='ltr'>nec</span> <span class='ocrx_word' id='word_1_131' title='bbox 1508 1050 1619 1085; x_wconf 89' lang='lat' dir='ltr'>obest</span> <span class='ocrx_word' id='word_1_132' title='bbox 1662 1050 1729 1085; x_wconf 90' lang='lat' dir='ltr'>sed</span> 
     </span>
     <span class='ocr_line' id='line_1_27' title="bbox 421 1106 1730 1158; baseline -0.002 -13"><span class='ocrx_word' id='word_1_133' title='bbox 421 1117 616 1145; x_wconf 89' lang='lat' dir='ltr'>consonat</span> <span class='ocrx_word' id='word_1_134' title='bbox 655 1110 763 1158; x_wconf 90' lang='lat' dir='ltr'>quod</span> <span class='ocrx_word' id='word_1_135' title='bbox 801 1117 883 1145; x_wconf 88' lang='lat' dir='ltr'>tam</span> <span class='ocrx_word' id='word_1_136' title='bbox 918 1108 1098 1145; x_wconf 90' lang='lat' dir='ltr'>Christus</span> <span class='ocrx_word' id='word_1_137' title='bbox 1143 1121 1264 1157; x_wconf 89' lang='lat' dir='ltr'>quam</span> <span class='ocrx_word' id='word_1_138' title='bbox 1310 1107 1493 1144; x_wconf 90' lang='lat' dir='ltr'>diabolus</span> <span class='ocrx_word' id='word_1_139' title='bbox 1537 1107 1587 1143; x_wconf 87' lang='lat' dir='ltr'>sit</span> <span class='ocrx_word' id='word_1_140' title='bbox 1624 1106 1730 1144; x_wconf 89' lang='lat' dir='ltr'>leoni</span> 
     </span>
     <span class='ocr_line' id='line_1_28' title="bbox 426 1165 1786 1215; baseline -0.001 -12"><span class='ocrx_word' id='word_1_141' title='bbox 426 1168 646 1203; x_wconf 87' lang='lat' dir='ltr'>secundum</span> <span class='ocrx_word' id='word_1_142' title='bbox 680 1166 947 1215; x_wconf 86' lang='lat' dir='ltr'>proprietates</span> <span class='ocrx_word' id='word_1_143' title='bbox 981 1166 1159 1215; x_wconf 86' lang='lat' dir='ltr'>dispares</span> <span class='ocrx_word' id='word_1_144' title='bbox 1193 1174 1462 1214; x_wconf 88' lang='lat' dir='ltr'>comparatus.</span> <span class='ocrx_word' id='word_1_145' title='bbox 1497 1166 1572 1201; x_wconf 87' lang='lat' dir='ltr'>Sed</span> <span class='ocrx_word' id='word_1_146' title='bbox 1606 1165 1786 1202; x_wconf 84' lang='lat' dir='ltr'>terci015</span> 
     </span>
     <span class='ocr_line' id='line_1_29' title="bbox 421 1223 1729 1274; baseline -0.002 -13"><span class='ocrx_word' id='word_1_147' title='bbox 421 1225 552 1274; x_wconf 90' lang='lat' dir='ltr'>querit</span> <span class='ocrx_word' id='word_1_148' title='bbox 584 1225 767 1261; x_wconf 89' lang='lat' dir='ltr'>diabolus</span> <span class='ocrx_word' id='word_1_149' title='bbox 800 1224 968 1261; x_wconf 88' lang='lat' dir='ltr'>sollicite</span> <span class='ocrx_word' id='word_1_150' title='bbox 998 1237 1115 1273; x_wconf 86' lang='lat' dir='ltr'>quem</span> <span class='ocrx_word' id='word_1_151' title='bbox 1150 1226 1325 1270; x_wconf 86' lang='lat' dir='ltr'>devoret,</span> <span class='ocrx_word' id='word_1_152' title='bbox 1360 1232 1396 1260; x_wconf 88' lang='lat' dir='ltr'>et</span> <span class='ocrx_word' id='word_1_153' title='bbox 1430 1223 1602 1260; x_wconf 86' lang='lat' dir='ltr'>finaliter</span> <span class='ocrx_word' id='word_1_154' title='bbox 1633 1223 1729 1259; x_wconf 88' lang='lat' dir='ltr'>assi-</span> 
     </span>
     <span class='ocr_line' id='line_1_30' title="bbox 422 1280 1727 1331; baseline -0.002 -12"><span class='ocrx_word' id='word_1_155' title='bbox 422 1283 532 1319; x_wconf 87' lang='lat' dir='ltr'>milet</span> <span class='ocrx_word' id='word_1_156' title='bbox 562 1283 602 1319; x_wconf 91' lang='lat' dir='ltr'>in</span> <span class='ocrx_word' id='word_1_157' title='bbox 631 1284 907 1331; x_wconf 87' lang='lat' dir='ltr'>comparando</span> <span class='ocrx_word' id='word_1_158' title='bbox 935 1295 976 1319; x_wconf 89' lang='lat' dir='ltr'>se</span> <span class='ocrx_word' id='word_1_159' title='bbox 998 1283 1130 1330; x_wconf 87' lang='lat' dir='ltr'>ipsum</span> <span class='ocrx_word' id='word_1_160' title='bbox 1155 1282 1195 1318; x_wconf 91' lang='lat' dir='ltr'>in</span> <span class='ocrx_word' id='word_1_161' title='bbox 1217 1295 1332 1319; x_wconf 87' lang='lat' dir='ltr'>suum</span> <span class='ocrx_word' id='word_1_162' title='bbox 1358 1294 1503 1330; x_wconf 91' lang='lat' dir='ltr'>corpus</span> <span class='ocrx_word' id='word_1_163' title='bbox 1528 1280 1727 1317; x_wconf 87' lang='lat' dir='ltr'>misticum</span> 
     </span>
     <span class='ocr_line' id='line_1_31' title="bbox 421 1340 1729 1389; baseline -0.002 -11"><span class='ocrx_word' id='word_1_164' title='bbox 421 1354 491 1389; x_wconf 89' lang='lat' dir='ltr'>per</span> <span class='ocrx_word' id='word_1_165' title='bbox 524 1350 732 1389; x_wconf 83' lang='lat' dir='ltr'>peccatum</span> <span class='ocrx_word' id='word_1_166' title='bbox 775 1349 914 1377; x_wconf 88' lang='lat' dir='ltr'>contra</span> <span class='ocrx_word' id='word_1_167' title='bbox 954 1340 1097 1389; x_wconf 89' lang='lat' dir='ltr'>ipsum.</span> <span class='ocrx_word' id='word_1_168' title='bbox 1133 1341 1243 1377; x_wconf 84' lang='lat' dir='ltr'>Sicut</span> <span class='ocrx_word' id='word_1_169' title='bbox 1277 1340 1382 1376; x_wconf 88' lang='lat' dir='ltr'>enim</span> <span class='ocrx_word' id='word_1_170' title='bbox 1416 1351 1555 1376; x_wconf 85' lang='lat' dir='ltr'>omnes</span> <span class='ocrx_word' id='word_1_171' title='bbox 1590 1340 1729 1387; x_wconf 85' lang='lat' dir='ltr'>prede-</span> 
     </span>
     <span class='ocr_line' id='line_1_32' title="bbox 421 1397 1729 1443; baseline -0.002 -8"><span class='ocrx_word' id='word_1_172' title='bbox 421 1399 557 1436; x_wconf 86' lang='lat' dir='ltr'>stinati</span> <span class='ocrx_word' id='word_1_173' title='bbox 590 1408 680 1435; x_wconf 89' lang='lat' dir='ltr'>sunt</span> <span class='ocrx_word' id='word_1_174' title='bbox 714 1400 895 1436; x_wconf 88' lang='lat' dir='ltr'>membra</span> <span class='ocrx_word' id='word_1_175' title='bbox 918 1398 1065 1436; x_wconf 88' lang='lat' dir='ltr'>Christi</span> <span class='ocrx_word' id='word_1_176' title='bbox 1099 1398 1270 1435; x_wconf 86' lang='lat' dir='ltr'>finaliter</span> <span class='ocrx_word' id='word_1_177' title='bbox 1293 1397 1469 1443; x_wconf 83' lang='lat' dir='ltr'>similati,</span> <span class='ocrx_word' id='word_1_178' title='bbox 1503 1397 1558 1434; x_wconf 90' lang='lat' dir='ltr'>sic</span> <span class='ocrx_word' id='word_1_179' title='bbox 1591 1409 1729 1433; x_wconf 87' lang='lat' dir='ltr'>omnes</span> 
     </span>
     <span class='ocr_line' id='line_1_33' title="bbox 421 1454 1786 1506; baseline -0.001 -13"><span class='ocrx_word' id='word_1_180' title='bbox 421 1457 582 1506; x_wconf 90' lang='lat' dir='ltr'>presciti</span> <span class='ocrx_word' id='word_1_181' title='bbox 628 1466 719 1493; x_wconf 85' lang='lat' dir='ltr'>sunt</span> <span class='ocrx_word' id='word_1_182' title='bbox 764 1458 944 1493; x_wconf 88' lang='lat' dir='ltr'>membra</span> <span class='ocrx_word' id='word_1_183' title='bbox 990 1456 1139 1492; x_wconf 89' lang='lat' dir='ltr'>diaboli</span> <span class='ocrx_word' id='word_1_184' title='bbox 1184 1455 1259 1492; x_wconf 90' lang='lat' dir='ltr'>sibi</span> <span class='ocrx_word' id='word_1_185' title='bbox 1304 1455 1508 1504; x_wconf 88' lang='lat' dir='ltr'>corporati</span> <span class='ocrx_word' id='word_1_186' title='bbox 1554 1454 1727 1504; x_wconf 86' lang='lat' dir='ltr'>reprobi.</span> <span class='ocrx_word' id='word_1_187' title='bbox 1745 1469 1786 1492; x_wconf 88' lang='lat'>20</span> 
     </span>
     <span class='ocr_line' id='line_1_34' title="bbox 422 1513 1726 1563; baseline -0.002 -11"><span class='ocrx_word' id='word_1_188' title='bbox 422 1518 498 1552; x_wconf 87' lang='lat' dir='ltr'>Ista</span> <span class='ocrx_word' id='word_1_189' title='bbox 539 1528 632 1563; x_wconf 83' lang='lat' dir='ltr'>ergo</span> <span class='ocrx_word' id='word_1_190' title='bbox 672 1515 949 1552; x_wconf 90' lang='lat' dir='ltr'>consideracio</span> <span class='ocrx_word' id='word_1_191' title='bbox 988 1514 1144 1551; x_wconf 86' lang='lat' dir='ltr'>timoris</span> <span class='ocrx_word' id='word_1_192' title='bbox 1189 1514 1505 1562; x_wconf 79' lang='lat' dir='ltr'>expergefaceret</span> <span class='ocrx_word' id='word_1_193' title='bbox 1542 1513 1726 1550; x_wconf 89' lang='lat' dir='ltr'>viatores.</span> 
     </span>
     <span class='ocr_line' id='line_1_35' title="bbox 480 1571 1728 1610; baseline -0.002 -1"><span class='ocrx_word' id='word_1_194' title='bbox 480 1573 713 1609; x_wconf 88' lang='lat' dir='ltr'>Remedium</span> <span class='ocrx_word' id='word_1_195' title='bbox 756 1582 889 1610; x_wconf 88' lang='lat' dir='ltr'>autem</span> <span class='ocrx_word' id='word_1_196' title='bbox 935 1581 1075 1609; x_wconf 91' lang='lat' dir='ltr'>contra</span> <span class='ocrx_word' id='word_1_197' title='bbox 1118 1572 1215 1609; x_wconf 88' lang='lat' dir='ltr'>istos</span> <span class='ocrx_word' id='word_1_198' title='bbox 1260 1572 1429 1608; x_wconf 88' lang='lat' dir='ltr'>insultus</span> <span class='ocrx_word' id='word_1_199' title='bbox 1474 1571 1623 1608; x_wconf 88' lang='lat' dir='ltr'>diaboli</span> <span class='ocrx_word' id='word_1_200' title='bbox 1672 1580 1728 1607; x_wconf 88' lang='lat' dir='ltr'>est</span> 
     </span>
    </p>
   </div>
   <div class='ocr_carea' id='block_1_8' title="bbox 399 1630 1727 1681">
    <p class='ocr_par' dir='ltr' id='par_1_8' title="bbox 399 1630 1727 1681">
     <span class='ocr_line' id='line_1_36' title="bbox 399 1630 1727 1681; baseline -0.002 -14"><span class='ocrx_word' id='word_1_201' title='bbox 399 1631 578 1680; x_wconf 81' lang='lat' dir='ltr'>&#39;sortiter</span> <span class='ocrx_word' id='word_1_202' title='bbox 595 1632 630 1667; x_wconf 84' lang='lat' dir='ltr'>in</span> <span class='ocrx_word' id='word_1_203' title='bbox 642 1632 729 1681; x_wconf 80' lang='lat' dir='ltr'>fide</span> <span class='ocrx_word' id='word_1_204' title='bbox 751 1631 825 1667; x_wconf 89' lang='lat' dir='ltr'>sibi</span> <span class='ocrx_word' id='word_1_205' title='bbox 850 1631 1050 1675; x_wconf 76' lang='lat' dir='ltr'>resistere;</span> <span class='ocrx_word' id='word_1_206' title='bbox 1073 1630 1191 1666; x_wconf 81' lang='lat' dir='ltr'>fidem</span> <span class='ocrx_word' id='word_1_207' title='bbox 1218 1638 1351 1666; x_wconf 86' lang='lat' dir='ltr'>autem</span> <span class='ocrx_word' id='word_1_208' title='bbox 1376 1630 1522 1666; x_wconf 88' lang='lat' dir='ltr'>habere</span> <span class='ocrx_word' id='word_1_209' title='bbox 1538 1631 1727 1666; x_wconf 84' lang='lat' dir='ltr'>debemus</span> 
     </span>
    </p>
   </div>
   <div class='ocr_carea' id='block_1_9' title="bbox 419 1687 1828 2606">
    <p class='ocr_par' dir='ltr' id='par_1_9' title="bbox 419 1687 1828 2433">
     <span class='ocr_line' id='line_1_37' title="bbox 421 1687 1728 1738; baseline -0.002 -13"><span class='ocrx_word' id='word_1_210' title='bbox 421 1691 528 1738; x_wconf 90' lang='lat' dir='ltr'>quod</span> <span class='ocrx_word' id='word_1_211' title='bbox 581 1689 611 1725; x_wconf 89' lang='lat' dir='ltr'>si</span> <span class='ocrx_word' id='word_1_212' title='bbox 664 1690 845 1726; x_wconf 87' lang='lat' dir='ltr'>membra</span> <span class='ocrx_word' id='word_1_213' title='bbox 891 1689 1039 1725; x_wconf 85' lang='lat' dir='ltr'>Christi</span> <span class='ocrx_word' id='word_1_214' title='bbox 1091 1701 1173 1724; x_wconf 87' lang='lat' dir='ltr'>esse</span> <span class='ocrx_word' id='word_1_215' title='bbox 1217 1689 1414 1731; x_wconf 79' lang='lat' dir='ltr'>volumus,</span> <span class='ocrx_word' id='word_1_216' title='bbox 1460 1687 1562 1724; x_wconf 89' lang='lat' dir='ltr'>sicut</span> <span class='ocrx_word' id='word_1_217' title='bbox 1606 1687 1728 1735; x_wconf 80' lang='lat' dir='ltr'>gratis</span> 
     </span>
     <span class='ocr_line' id='line_1_38' title="bbox 420 1745 1785 1796; baseline -0.002 -12"><span class='ocrx_word' id='word_1_218' title='bbox 420 1760 645 1796; x_wconf 79' lang='lat' dir='ltr'>possumus,</span> <span class='ocrx_word' id='word_1_219' title='bbox 685 1747 769 1795; x_wconf 89' lang='lat' dir='ltr'>ipse</span> <span class='ocrx_word' id='word_1_220' title='bbox 809 1760 897 1783; x_wconf 91' lang='lat' dir='ltr'>cum</span> <span class='ocrx_word' id='word_1_221' title='bbox 944 1755 1030 1783; x_wconf 88' lang='lat' dir='ltr'>tota</span> <span class='ocrx_word' id='word_1_222' title='bbox 1068 1746 1342 1794; x_wconf 87' lang='lat' dir='ltr'>triumphante</span> <span class='ocrx_word' id='word_1_223' title='bbox 1382 1745 1548 1782; x_wconf 84' lang='lat' dir='ltr'>ecclesia</span> <span class='ocrx_word' id='word_1_224' title='bbox 1588 1754 1729 1782; x_wconf 86' lang='lat' dir='ltr'>contra</span> <span class='ocrx_word' id='word_1_225' title='bbox 1747 1749 1785 1781; x_wconf 84' lang='lat'>25</span> 
     </span>
     <span class='ocr_line' id='line_1_39' title="bbox 421 1803 1729 1842; baseline -0.002 -1"><span class='ocrx_word' id='word_1_226' title='bbox 421 1805 625 1842; x_wconf 89' lang='lat' dir='ltr'>diabolum</span> <span class='ocrx_word' id='word_1_227' title='bbox 661 1817 752 1841; x_wconf 89' lang='lat' dir='ltr'>cum</span> <span class='ocrx_word' id='word_1_228' title='bbox 785 1814 871 1841; x_wconf 92' lang='lat' dir='ltr'>toto</span> <span class='ocrx_word' id='word_1_229' title='bbox 904 1817 975 1841; x_wconf 86' lang='lat' dir='ltr'>suo</span> <span class='ocrx_word' id='word_1_230' title='bbox 1009 1804 1181 1841; x_wconf 87' lang='lat' dir='ltr'>exercitu</span> <span class='ocrx_word' id='word_1_231' title='bbox 1214 1817 1286 1840; x_wconf 91' lang='lat' dir='ltr'>nos</span> <span class='ocrx_word' id='word_1_232' title='bbox 1321 1803 1483 1840; x_wconf 87' lang='lat' dir='ltr'>iuvabit.</span> <span class='ocrx_word' id='word_1_233' title='bbox 1517 1805 1566 1839; x_wconf 88' lang='lat' dir='ltr'>Et</span> <span class='ocrx_word' id='word_1_234' title='bbox 1598 1803 1654 1840; x_wconf 90' lang='lat' dir='ltr'>sic</span> <span class='ocrx_word' id='word_1_235' title='bbox 1687 1815 1729 1839; x_wconf 84' lang='lat' dir='ltr'>ex</span> 
     </span>
     <span class='ocr_line' id='line_1_40' title="bbox 420 1860 1728 1911; baseline -0.002 -12"><span class='ocrx_word' id='word_1_236' title='bbox 420 1863 497 1900; x_wconf 90' lang='lat' dir='ltr'>fide</span> <span class='ocrx_word' id='word_1_237' title='bbox 537 1865 726 1899; x_wconf 87' lang='lat' dir='ltr'>debemus</span> <span class='ocrx_word' id='word_1_238' title='bbox 766 1875 908 1911; x_wconf 88' lang='lat' dir='ltr'>capere</span> <span class='ocrx_word' id='word_1_239' title='bbox 941 1864 1047 1911; x_wconf 91' lang='lat' dir='ltr'>quod</span> <span class='ocrx_word' id='word_1_240' title='bbox 1087 1862 1118 1898; x_wconf 88' lang='lat' dir='ltr'>si</span> <span class='ocrx_word' id='word_1_241' title='bbox 1151 1875 1233 1898; x_wconf 90' lang='lat' dir='ltr'>non</span> <span class='ocrx_word' id='word_1_242' title='bbox 1266 1861 1361 1898; x_wconf 87' lang='lat' dir='ltr'>assit</span> <span class='ocrx_word' id='word_1_243' title='bbox 1392 1870 1530 1898; x_wconf 88' lang='lat' dir='ltr'>nostra</span> <span class='ocrx_word' id='word_1_244' title='bbox 1564 1860 1728 1905; x_wconf 83' lang='lat' dir='ltr'>desidia,</span> 
     </span>
     <span class='ocr_line' id='line_1_41' title="bbox 420 1918 1727 1969; baseline -0.003 -11"><span class='ocrx_word' id='word_1_245' title='bbox 420 1934 512 1969; x_wconf 88' lang='lat' dir='ltr'>pars</span> <span class='ocrx_word' id='word_1_246' title='bbox 550 1930 689 1958; x_wconf 88' lang='lat' dir='ltr'>nostra</span> <span class='ocrx_word' id='word_1_247' title='bbox 729 1920 802 1957; x_wconf 85' lang='lat' dir='ltr'>erit</span> <span class='ocrx_word' id='word_1_248' title='bbox 835 1920 995 1966; x_wconf 84' lang='lat' dir='ltr'>forcior,</span> <span class='ocrx_word' id='word_1_249' title='bbox 1037 1929 1072 1956; x_wconf 91' lang='lat' dir='ltr'>et</span> <span class='ocrx_word' id='word_1_250' title='bbox 1105 1919 1161 1956; x_wconf 90' lang='lat' dir='ltr'>sic</span> <span class='ocrx_word' id='word_1_251' title='bbox 1192 1932 1273 1956; x_wconf 88' lang='lat' dir='ltr'>non</span> <span class='ocrx_word' id='word_1_252' title='bbox 1305 1919 1499 1956; x_wconf 89' lang='lat' dir='ltr'>fortitudo</span> <span class='ocrx_word' id='word_1_253' title='bbox 1533 1918 1727 1967; x_wconf 88' lang='lat' dir='ltr'>corporis,</span> 
     </span>
     <span class='ocr_line' id='line_1_42' title="bbox 419 1977 1730 2026; baseline -0.002 -11"><span class='ocrx_word' id='word_1_254' title='bbox 419 1981 488 2015; x_wconf 86' lang='lat' dir='ltr'>sed</span> <span class='ocrx_word' id='word_1_255' title='bbox 528 1979 618 2016; x_wconf 86' lang='lat' dir='ltr'>talis</span> <span class='ocrx_word' id='word_1_256' title='bbox 656 1979 850 2015; x_wconf 86' lang='lat' dir='ltr'>fortitudo</span> <span class='ocrx_word' id='word_1_257' title='bbox 889 1979 1059 2015; x_wconf 88' lang='lat' dir='ltr'>formate</span> <span class='ocrx_word' id='word_1_258' title='bbox 1105 1977 1196 2014; x_wconf 82' lang='lat' dir='ltr'>fidei</span> <span class='ocrx_word' id='word_1_259' title='bbox 1240 1989 1310 2026; x_wconf 89' lang='lat' dir='ltr'>per</span> <span class='ocrx_word' id='word_1_260' title='bbox 1353 1990 1393 2014; x_wconf 86' lang='lat' dir='ltr'>se</span> <span class='ocrx_word' id='word_1_261' title='bbox 1440 1978 1547 2014; x_wconf 89' lang='lat' dir='ltr'>iuvat</span> <span class='ocrx_word' id='word_1_262' title='bbox 1591 1985 1730 2013; x_wconf 87' lang='lat' dir='ltr'>contra</span> 
     </span>
     <span class='ocr_line' id='line_1_43' title="bbox 420 2035 1788 2085; baseline -0.004 -12"><span class='ocrx_word' id='word_1_263' title='bbox 420 2037 640 2073; x_wconf 88' lang='lat' dir='ltr'>diabolum.</span> <span class='ocrx_word' id='word_1_264' title='bbox 674 2039 717 2073; x_wconf 87' lang='lat' dir='ltr'>In</span> <span class='ocrx_word' id='word_1_265' title='bbox 749 2036 949 2085; x_wconf 87' lang='lat' dir='ltr'>principio</span> <span class='ocrx_word' id='word_1_266' title='bbox 982 2045 1114 2073; x_wconf 89' lang='lat' dir='ltr'>autem</span> <span class='ocrx_word' id='word_1_267' title='bbox 1150 2035 1247 2072; x_wconf 88' lang='lat' dir='ltr'>aciei</span> <span class='ocrx_word' id='word_1_268' title='bbox 1282 2035 1474 2072; x_wconf 83' lang='lat' dir='ltr'>exercitus</span> <span class='ocrx_word' id='word_1_269' title='bbox 1498 2036 1614 2071; x_wconf 91' lang='lat' dir='ltr'>debet</span> <span class='ocrx_word' id='word_1_270' title='bbox 1647 2047 1729 2072; x_wconf 89' lang='lat' dir='ltr'>esse</span> <span class='ocrx_word' id='word_1_271' title='bbox 1745 2036 1788 2069; x_wconf 85' lang='lat'>30</span> 
     </span>
     <span class='ocr_line' id='line_1_44' title="bbox 420 2085 1828 2146; baseline -0.002 -15"><span class='ocrx_word' id='word_1_272' title='bbox 420 2108 553 2143; x_wconf 82' lang='lat' dir='ltr'>pugna</span> <span class='ocrx_word' id='word_1_273' title='bbox 592 2095 767 2140; x_wconf 82' lang='lat' dir='ltr'>acucior‚</span> <span class='ocrx_word' id='word_1_274' title='bbox 808 2094 901 2143; x_wconf 88' lang='lat' dir='ltr'>quia</span> <span class='ocrx_word' id='word_1_275' title='bbox 939 2107 1073 2142; x_wconf 81' lang='lat' dir='ltr'>pugna</span> <span class='ocrx_word' id='word_1_276' title='bbox 1112 2093 1275 2139; x_wconf 81' lang='lat' dir='ltr'>diaboli,</span> <span class='ocrx_word' id='word_1_277' title='bbox 1309 2093 1411 2130; x_wconf 89' lang='lat' dir='ltr'>sicut</span> <span class='ocrx_word' id='word_1_278' title='bbox 1444 2093 1510 2141; x_wconf 89' lang='lat' dir='ltr'>qui</span> <span class='ocrx_word' id='word_1_279' title='bbox 1539 2090 1544 2146; x_wconf 81' lang='grc' dir='ltr'>Ι</span> <span class='ocrx_word' id='word_1_280' title='bbox 1574 2104 1729 2141; x_wconf 87' lang='lat' dir='ltr'>cunque</span> <span class='ocrx_word' id='word_1_281' title='bbox 1746 2085 1828 2145; x_wconf 42' lang='lat' dir='ltr'>FOl-t,</span> 
     </span>
     <span class='ocr_line' id='line_1_45' title="bbox 421 2141 1808 2200; baseline -0.002 -11"><span class='ocrx_word' id='word_1_282' title='bbox 421 2162 553 2189; x_wconf 91' lang='lat' dir='ltr'>motus</span> <span class='ocrx_word' id='word_1_283' title='bbox 575 2153 772 2190; x_wconf 86' lang='lat' dir='ltr'>violentus</span> <span class='ocrx_word' id='word_1_284' title='bbox 805 2154 1025 2189; x_wconf 84' lang='lat' dir='ltr'>secundum</span> <span class='ocrx_word' id='word_1_285' title='bbox 1059 2151 1321 2200; x_wconf 89' lang='lat' dir='ltr'>philosophos</span> <span class='ocrx_word' id='word_1_286' title='bbox 1353 2164 1487 2187; x_wconf 85' lang='lat' dir='ltr'>versus</span> <span class='ocrx_word' id='word_1_287' title='bbox 1521 2152 1639 2187; x_wconf 87' lang='lat' dir='ltr'>finem</span> <span class='ocrx_word' id='word_1_288' title='bbox 1674 2158 1730 2187; x_wconf 87' lang='lat' dir='ltr'>est</span> <span class='ocrx_word' id='word_1_289' title='bbox 1747 2141 1808 2172; x_wconf 73' lang='lat'>²7²</span> 
     </span>
     <span class='ocr_line' id='line_1_46' title="bbox 419 2208 1730 2258; baseline -0.002 -11"><span class='ocrx_word' id='word_1_290' title='bbox 419 2211 586 2257; x_wconf 79' lang='lat' dir='ltr'>tardior,</span> <span class='ocrx_word' id='word_1_291' title='bbox 627 2219 790 2248; x_wconf 89' lang='lat' dir='ltr'>econtra</span> <span class='ocrx_word' id='word_1_292' title='bbox 829 2218 960 2246; x_wconf 88' lang='lat' dir='ltr'>autem</span> <span class='ocrx_word' id='word_1_293' title='bbox 1002 2209 1221 2258; x_wconf 83' lang='lat' dir='ltr'>spiritualis</span> <span class='ocrx_word' id='word_1_294' title='bbox 1258 2209 1426 2246; x_wconf 89' lang='lat' dir='ltr'>victoria</span> <span class='ocrx_word' id='word_1_295' title='bbox 1466 2218 1605 2246; x_wconf 90' lang='lat' dir='ltr'>contra</span> <span class='ocrx_word' id='word_1_296' title='bbox 1648 2208 1730 2245; x_wconf 89' lang='lat' dir='ltr'>dia-</span> 
     </span>
     <span class='ocr_line' id='line_1_47' title="bbox 421 2266 1731 2305; baseline -0.002 0"><span class='ocrx_word' id='word_1_297' title='bbox 421 2269 556 2305; x_wconf 88' lang='lat' dir='ltr'>bolum</span> <span class='ocrx_word' id='word_1_298' title='bbox 597 2269 698 2305; x_wconf 88' lang='lat' dir='ltr'>sicut</span> <span class='ocrx_word' id='word_1_299' title='bbox 738 2277 870 2304; x_wconf 86' lang='lat' dir='ltr'>motus</span> <span class='ocrx_word' id='word_1_300' title='bbox 909 2267 1103 2304; x_wconf 86' lang='lat' dir='ltr'>naturalis</span> <span class='ocrx_word' id='word_1_301' title='bbox 1142 2276 1199 2304; x_wconf 90' lang='lat' dir='ltr'>est</span> <span class='ocrx_word' id='word_1_302' title='bbox 1237 2279 1372 2303; x_wconf 91' lang='lat' dir='ltr'>versus</span> <span class='ocrx_word' id='word_1_303' title='bbox 1412 2267 1529 2303; x_wconf 87' lang='lat' dir='ltr'>finem</span> <span class='ocrx_word' id='word_1_304' title='bbox 1576 2266 1731 2303; x_wconf 89' lang='lat' dir='ltr'>facilior</span> 
     </span>
     <span class='ocr_line' id='line_1_48' title="bbox 421 2325 1786 2375; baseline -0.003 -12"><span class='ocrx_word' id='word_1_305' title='bbox 421 2335 540 2375; x_wconf 87' lang='lat' dir='ltr'>atque</span> <span class='ocrx_word' id='word_1_306' title='bbox 571 2326 767 2372; x_wconf 77' lang='lat' dir='ltr'>velocior3</span> <span class='ocrx_word' id='word_1_307' title='bbox 801 2326 891 2362; x_wconf 91' lang='lat' dir='ltr'>ideo</span> <span class='ocrx_word' id='word_1_308' title='bbox 925 2325 1144 2374; x_wconf 88' lang='lat' dir='ltr'>prudencia</span> <span class='ocrx_word' id='word_1_309' title='bbox 1179 2325 1355 2361; x_wconf 84' lang='lat' dir='ltr'>fidelium</span> <span class='ocrx_word' id='word_1_310' title='bbox 1392 2334 1448 2361; x_wconf 86' lang='lat' dir='ltr'>est</span> <span class='ocrx_word' id='word_1_311' title='bbox 1481 2325 1629 2362; x_wconf 89' lang='lat' dir='ltr'>forcius</span> <span class='ocrx_word' id='word_1_312' title='bbox 1661 2325 1729 2360; x_wconf 88' lang='lat' dir='ltr'>ob-</span> <span class='ocrx_word' id='word_1_313' title='bbox 1747 2327 1786 2359; x_wconf 76' lang='lat'>35</span> 
     </span>
     <span class='ocr_line' id='line_1_49' title="bbox 421 2384 780 2433; baseline 0 -13"><span class='ocrx_word' id='word_1_314' title='bbox 421 2393 525 2421; x_wconf 87' lang='lat' dir='ltr'>stare</span> <span class='ocrx_word' id='word_1_315' title='bbox 558 2384 780 2433; x_wconf 89' lang='lat' dir='ltr'>principiis.</span> 
     </span>
    </p>

    <p class='ocr_par' dir='ltr' id='par_1_10' title="bbox 421 2439 1728 2606">
     <span class='ocr_line' id='line_1_50' title="bbox 479 2439 1728 2489; baseline -0.002 -11"><span class='ocrx_word' id='word_1_316' title='bbox 479 2442 715 2479; x_wconf 84' lang='lat' dir='ltr'>Remedium</span> <span class='ocrx_word' id='word_1_317' title='bbox 756 2451 896 2478; x_wconf 89' lang='lat' dir='ltr'>contra</span> <span class='ocrx_word' id='word_1_318' title='bbox 935 2441 1138 2478; x_wconf 88' lang='lat' dir='ltr'>diabolum</span> <span class='ocrx_word' id='word_1_319' title='bbox 1184 2442 1245 2477; x_wconf 87' lang='lat' dir='ltr'>vel</span> <span class='ocrx_word' id='word_1_320' title='bbox 1291 2452 1571 2489; x_wconf 87' lang='lat' dir='ltr'>quemcunque</span> <span class='ocrx_word' id='word_1_321' title='bbox 1615 2439 1728 2488; x_wconf 88' lang='lat' dir='ltr'>spiri-</span> 
     </span>
     <span class='ocr_line' id='line_1_51' title="bbox 421 2498 1726 2548; baseline -0.002 -13"><span class='ocrx_word' id='word_1_322' title='bbox 421 2501 568 2536; x_wconf 88' lang='lat' dir='ltr'>tualem</span> <span class='ocrx_word' id='word_1_323' title='bbox 611 2500 743 2537; x_wconf 88' lang='lat' dir='ltr'>anime</span> <span class='ocrx_word' id='word_1_324' title='bbox 781 2509 839 2536; x_wconf 90' lang='lat' dir='ltr'>est</span> <span class='ocrx_word' id='word_1_325' title='bbox 885 2499 1039 2548; x_wconf 82' lang='lat' dir='ltr'>triplex,</span> <span class='ocrx_word' id='word_1_326' title='bbox 1086 2498 1218 2546; x_wconf 89' lang='lat' dir='ltr'>primo</span> <span class='ocrx_word' id='word_1_327' title='bbox 1263 2498 1463 2535; x_wconf 86' lang='lat' dir='ltr'>declinare</span> <span class='ocrx_word' id='word_1_328' title='bbox 1507 2499 1726 2534; x_wconf 88' lang='lat' dir='ltr'>fomentum</span> 
     </span>
     <span class='ocr_line' id='line_1_52' title="bbox 421 2556 1728 2606; baseline -0.002 -12"><span class='ocrx_word' id='word_1_329' title='bbox 421 2557 574 2605; x_wconf 86' lang='lat' dir='ltr'>peccati</span> <span class='ocrx_word' id='word_1_330' title='bbox 626 2558 665 2594; x_wconf 92' lang='lat' dir='ltr'>in</span> <span class='ocrx_word' id='word_1_331' title='bbox 716 2571 794 2606; x_wconf 91' lang='lat' dir='ltr'>quo</span> <span class='ocrx_word' id='word_1_332' title='bbox 846 2557 972 2593; x_wconf 89' lang='lat' dir='ltr'>hostis</span> <span class='ocrx_word' id='word_1_333' title='bbox 1022 2556 1262 2593; x_wconf 85' lang='lat' dir='ltr'>fortificatur</span> <span class='ocrx_word' id='word_1_334' title='bbox 1313 2565 1451 2593; x_wconf 85' lang='lat' dir='ltr'>contra</span> <span class='ocrx_word' id='word_1_335' title='bbox 1503 2556 1728 2597; x_wconf 79' lang='lat' dir='ltr'>hominem;</span> 
     </span>
    </p>
   </div>
   <div class='ocr_carea' id='block_1_10' title="bbox 420 2701 1729 2807">
    <p class='ocr_par' dir='ltr' id='par_1_11' title="bbox 420 2701 1729 2807">
     <span class='ocr_line' id='line_1_53' title="bbox 491 2701 1729 2737; baseline -0.002 -7"><span class='ocrx_word' id='word_1_336' title='bbox 491 2712 510 2731; x_wconf 91' lang='lat'>1.</span> <span class='ocrx_word' id='word_1_337' title='bbox 532 2703 626 2730; x_wconf 85' lang='lat' dir='ltr'>Cod.:</span> <span class='ocrx_word' id='word_1_338' title='bbox 654 2702 771 2730; x_wconf 77' lang='lat' dir='ltr'>amictit</span> <span class='ocrx_word' id='word_1_339' title='bbox 792 2703 961 2730; x_wconf 74' lang='lat' dir='ltr'>stimulum.</span> <span class='ocrx_word' id='word_1_340' title='bbox 1058 2711 1084 2737; x_wconf 83' lang='lat'>7.</span> <span class='ocrx_word' id='word_1_341' title='bbox 1107 2702 1201 2730; x_wconf 89' lang='lat' dir='ltr'>Cod.:</span> <span class='ocrx_word' id='word_1_342' title='bbox 1228 2702 1435 2735; x_wconf 78' lang='lat' dir='ltr'>consciencie;</span> <span class='ocrx_word' id='word_1_343' title='bbox 1463 2702 1503 2729; x_wconf 89' lang='lat' dir='ltr'>ib.</span> <span class='ocrx_word' id='word_1_344' title='bbox 1524 2702 1618 2729; x_wconf 86' lang='lat' dir='ltr'>Cod.:</span> <span class='ocrx_word' id='word_1_345' title='bbox 1646 2701 1729 2728; x_wconf 86' lang='lat' dir='ltr'>insu-</span> 
     </span>
     <span class='ocr_line' id='line_1_54' title="bbox 420 2736 1727 2774; baseline -0.002 -8"><span class='ocrx_word' id='word_1_346' title='bbox 420 2739 533 2767; x_wconf 80' lang='lat' dir='ltr'>liantis.</span> <span class='ocrx_word' id='word_1_347' title='bbox 589 2746 616 2774; x_wconf 85' lang='lat'>9.</span> <span class='ocrx_word' id='word_1_348' title='bbox 633 2737 727 2766; x_wconf 88' lang='lat' dir='ltr'>Cod.:</span> <span class='ocrx_word' id='word_1_349' title='bbox 748 2737 815 2764; x_wconf 87' lang='lat' dir='ltr'>Job.</span> <span class='ocrx_word' id='word_1_350' title='bbox 831 2737 881 2764; x_wconf 83' lang='lat' dir='ltr'>X0.</span> <span class='ocrx_word' id='word_1_351' title='bbox 931 2745 976 2764; x_wconf 78' lang='lat'>20.</span> <span class='ocrx_word' id='word_1_352' title='bbox 994 2736 1088 2773; x_wconf 29' lang='lat' dir='ltr'>Codffi:</span> <span class='ocrx_word' id='word_1_353' title='bbox 1111 2737 1244 2772; x_wconf 80' lang='lat' dir='ltr'>reprohl.</span> <span class='ocrx_word' id='word_1_354' title='bbox 1300 2744 1339 2764; x_wconf 84' lang='lat'>21.</span> <span class='ocrx_word' id='word_1_355' title='bbox 1356 2737 1450 2764; x_wconf 86' lang='lat' dir='ltr'>Cod.:</span> <span class='ocrx_word' id='word_1_356' title='bbox 1472 2736 1727 2763; x_wconf 82' lang='lat' dir='ltr'>consideracioni.</span> 
     </span>
     <span class='ocr_line' id='line_1_55' title="bbox 420 2770 1642 2807; baseline -0.002 -7"><span class='ocrx_word' id='word_1_357' title='bbox 420 2772 463 2801; x_wconf 80' lang='lat'>32.</span> <span class='ocrx_word' id='word_1_358' title='bbox 485 2773 581 2800; x_wconf 86' lang='lat' dir='ltr'>Cod.:</span> <span class='ocrx_word' id='word_1_359' title='bbox 609 2772 777 2799; x_wconf 74' lang='lat' dir='ltr'>secundum</span> <span class='ocrx_word' id='word_1_360' title='bbox 802 2772 971 2807; x_wconf 73' lang='lat' dir='ltr'>phariseos.</span> <span class='ocrx_word' id='word_1_361' title='bbox 1046 2770 1089 2799; x_wconf 68' lang='lat'>38.</span> <span class='ocrx_word' id='word_1_362' title='bbox 1113 2772 1323 2807; x_wconf 78' lang='lat' dir='ltr'>spirit11alern;</span> <span class='ocrx_word' id='word_1_363' title='bbox 1349 2772 1442 2799; x_wconf 77' lang='lat' dir='ltr'>adde:</span> <span class='ocrx_word' id='word_1_364' title='bbox 1470 2771 1642 2798; x_wconf 84' lang='lat' dir='ltr'>inimicum.</span> 
     </span>
    </p>
   </div>
   <div class='ocr_carea' id='block_1_11' title="bbox 492 2867 835 2909">
    <p class='ocr_par' dir='ltr' id='par_1_12' title="bbox 492 2867 835 2909">
     <span class='ocr_line' id='line_1_56' title="bbox 492 2867 835 2909; baseline 0 -11"><span class='ocrx_word' id='word_1_365' title='bbox 492 2867 544 2899; x_wconf 76' lang='lat'>23.</span> <span class='ocrx_word' id='word_1_366' title='bbox 572 2867 595 2898; x_wconf 81' lang='grc' dir='ltr'>Ι.</span> <span class='ocrx_word' id='word_1_367' title='bbox 621 2867 711 2898; x_wconf 86' lang='lat' dir='ltr'>Petri</span> <span class='ocrx_word' id='word_1_368' title='bbox 738 2867 778 2906; x_wconf 91' lang='lat' dir='ltr'>V,</span> <span class='ocrx_word' id='word_1_369' title='bbox 805 2877 835 2909; x_wconf 72' lang='lat'>9.</span> 
     </span>
    </p>
   </div>
  </div>
 </body>
</html>
