1944 3323
165 659 231 686 The
252 658 322 696 king
344 665 412 693 may

219 698 270 720 not
291 701 358 727 give

164 728 293 763 prelates
314 735 419 762 power

181 767 211 790 to
233 766 399 798 persecute.

176 1932 203 1958 Π
223 1929 414 1965 persecutioni

161 1974 239 1992 were
255 1964 368 1994 lawful,
385 1965 433 1990 lhc

163 2000 293 2035 prelatos
315 1998 424 2025 should

208 2035 243 2061 be
263 2034 301 2061 its
322 2034 386 2060 first

238 2068 362 2103 objects.

164 2512 383 2546 Consequcncc
406 2510 440 2537 of

173 2546 277 2581 giving
299 2546 427 2580 prelatos

190 2581 263 2608 such
285 2589 417 2616 powers.

732 251 957 284 JOHANNIS
977 249 1160 282 WYCLIF
1180 248 1438 281 SERMONUM
1463 235 1613 292 [SERMO
1635 245 1742 272 LVIII·

441 359 557 396 fuerit
595 357 847 406 lapidacione
893 355 1025 405 puniri
1064 367 1106 392 ex
1144 355 1266 391 veteri
1311 363 1565 401 testamento,
1610 362 1745 390 tamen

441 430 483 455 ex
521 418 605 465 lege
644 414 776 464 gracie
815 427 895 450 non
928 422 1058 462 potest
1091 412 1222 460 colligi
1266 413 1374 461 quod
1406 411 1549 460 aliquis
1582 412 1746 448 combu-

441 475 582 520 stione,
622 472 924 521 decapitacione
961 472 1021 507 vel
1055 470 1190 519 aliqua
1222 482 1324 518 pena
1358 469 1497 506 mortis
1530 477 1745 518 propterea

441 532 640 581 puniatur.
675 533 843 578 Satrape
869 539 1003 566 tamen
1026 538 1239 577 postquam
1265 527 1519 564 dotacionem
1544 539 1744 564 cesaream

441 591 655 627 induerunt
679 590 728 625 ad
752 587 1090 635 magnificandum
1116 585 1343 634 potenciam
1378 597 1490 621 suam
1523 585 1778 622 secularem5

441 649 545 685 ultra
589 659 780 692 cesarem,
825 645 942 682 istam
988 644 1205 680 stulticiam
1253 643 1494 680 diabolicam
1539 655 1746 691 presump-

441 714 595 750 serunt;
640 717 713 741 nec
757 703 913 740 videtur
945 703 1053 750 quod
1097 701 1214 738 liceat
1254 701 1335 748 regi
1374 700 1626 737 committere
1670 699 1746 736 illis

442 761 720 812 procuratorie
759 769 999 809 potestatem
1040 758 1281 805 huiusmodi,
1315 768 1400 794 tum
1440 758 1532 806 quia
1571 766 1747 806 potestas

442 821 532 858 talis
571 821 611 857 in
650 820 757 856 clero
801 831 881 855 non
921 826 978 854 est
1017 817 1056 854 in
1095 818 1179 865 lege
1218 816 1349 864 gracie
1390 816 1628 864 exemplata,
1662 824 1746 851 turn

445 879 568 916 eciam
604 877 698 926 quia
731 889 800 925 per
833 876 937 912 idem
971 875 1063 912 licet
1087 887 1278 912 coronam
1312 886 1525 922 regnorum
1560 873 1747 921 suspendi
1769 887 1805 907 10

444 947 480 973 et
524 944 763 985 potestatem
815 933 1087 982 cuiuscunque
1130 931 1229 969 liciti
1273 931 1480 968 homicidii
1525 940 1747 980 acceptare,

443 996 551 1044 quod
590 1002 729 1030 notum
769 1001 826 1029 est
864 991 1034 1040 regalias
1067 1003 1203 1039 regum
1244 989 1489 1037 extinguere3
1522 991 1626 1026 unde
1658 988 1750 1025 licet

445 1065 549 1101 papa
581 1052 728 1087 multos
761 1049 962 1097 extinguat
984 1061 1084 1097 quos
1115 1057 1231 1085 vocat
1264 1047 1473 1094 hereticos,
1508 1048 1583 1083 hoc
1615 1056 1750 1083 tamen

443 1124 524 1147 non
567 1109 662 1146 facit
706 1108 781 1145 nisi
825 1120 869 1144 ex
914 1115 1113 1156 potestate
1164 1118 1324 1142 cesarea
1367 1118 1449 1142 non
1495 1117 1536 1141 ex
1577 1104 1749 1142 Christo.

445 1167 627 1204 Christus
673 1166 776 1203 enim
823 1164 879 1216 (ut
913 1167 1017 1201 Luce
1051 1166 1135 1210 lXO,
1173 1165 1235 1209 55,
1282 1165 1333 1200 66
1385 1163 1543 1212 legitur)
1590 1163 1805 1211 quand015

444 1224 618 1274 apostoli
661 1226 873 1261 voluerunt
917 1222 1113 1259 hereticos
1158 1230 1339 1270 patentes
1390 1221 1751 1269 correspondenter

444 1285 493 1320 ad
532 1292 705 1320 veterem
744 1283 872 1330 legem
913 1281 1152 1328 extinguere,
1193 1279 1248 1316 sic
1290 1278 1402 1315 dixit:
1443 1279 1609 1315 Nescitis
1646 1278 1751 1314 cuius

444 1341 604 1391 spiritus
635 1341 735 1377 estis.
768 1340 892 1375 Filius
924 1339 1020 1374 enim
1054 1338 1217 1374 hominis
1248 1349 1320 1373 non
1355 1337 1453 1372 venit
1485 1336 1633 1372 animas
1660 1348 1751 1385 per-

445 1401 536 1435 dere
579 1399 647 1435 sed
688 1398 854 1435 salvare.
910 1397 1010 1432 Cum
1057 1395 1160 1432 enim
1207 1394 1460 1431 dominantes
1505 1393 1627 1430 seculi
1671 1406 1751 1429 non

445 1458 591 1493 habent
631 1455 822 1492 noticiam
863 1455 1099 1502 regularem,
1140 1454 1300 1501 quando
1333 1452 1436 1488 foret
1473 1461 1631 1499 tempus
1663 1452 1751 1499 plus
1767 1461 1808 1483 20

445 1523 690 1563 oportunum
742 1521 784 1549 ut
836 1512 924 1560 plus
976 1511 1148 1548 lucrifiat
1206 1509 1376 1558 spiritui,
1435 1510 1591 1546 videtur
1643 1510 1751 1557 quod

446 1581 640 1621 repugnat
690 1570 765 1618 legi
815 1569 948 1617 gracie
1001 1570 1196 1606 subducta
1247 1567 1495 1604 revelacione
1546 1566 1750 1603 hominem

446 1629 681 1677 regulariter
725 1628 780 1665 sic
820 1627 962 1664 occidi.
1012 1627 1051 1664 Si
1097 1639 1189 1674 ergo
1229 1627 1279 1662 ad
1318 1634 1500 1673 rogatum
1533 1624 1670 1662 Jacobi
1715 1633 1752 1660 et

445 1687 637 1724 johannis
671 1687 766 1723 istos
800 1694 881 1722 tarn
916 1693 1099 1733 patenter
1124 1684 1320 1720 hereticos
1354 1683 1479 1719 eciam
1514 1683 1753 1719 miraculose

447 1747 496 1783 ad
540 1743 844 1781 similitudinem
890 1743 985 1791 legis
1029 1742 1172 1779 veteris
1224 1754 1304 1778 non
1358 1741 1502 1777 licebat
1555 1740 1809 1786 occidere,23

448 1804 573 1839 multo
627 1801 752 1850 magis
801 1814 882 1837 non
937 1800 1028 1837 licet
1072 1799 1252 1848 pontifici
1304 1798 1521 1835 christiano
1567 1810 1610 1834 ex
1654 1798 1752 1834 falso

447 1861 660 1897 testificato
694 1869 731 1896 et
763 1858 977 1895 temeraria
1015 1857 1323 1906 presumpcione
1355 1856 1538 1893 occidere
1572 1855 1754 1892 christia-

447 1932 562 1963 num;
596 1931 677 1954 non
710 1917 814 1954 enim
848 1916 977 1953 sciunt
1010 1915 1105 1964 quid
1139 1924 1196 1952 est
1229 1914 1389 1951 heresis.
1424 1915 1498 1950 Sed
1523 1922 1651 1950 tracta
1680 1913 1754 1949 hac

448 1977 584 2024 regula
622 1975 661 2012 in
702 1974 1034 2023 consequenciam
1076 1974 1205 2009 forent
1238 1972 1398 2020 ipsimet
1432 1976 1488 2017 (ut
1520 1971 1753 2019 plurimum)

448 2033 671 2079 occidendi,
709 2046 798 2069 cum
832 2041 987 2068 tantum
1023 2031 1282 2068 exorbitando
1317 2043 1338 2066 a
1369 2029 1449 2066 vita
1485 2028 1632 2066 Christi
1664 2037 1755 2064 sunt
1772 2031 1812 2062 30

449 2091 610 2128 heretici
662 2090 884 2139 graviore83
929 2102 1021 2126 nam
1062 2090 1132 2125 IV0
1166 2090 1259 2136 Reg.
1300 2090 1334 2123 10
1369 2088 1416 2123 de
1455 2086 1569 2123 Helia
1612 2086 1756 2133 legitur

449 2149 653 2198 quomodo
698 2148 851 2196 rogavit
884 2149 991 2196 quod
1037 2148 1114 2182 duo
1160 2144 1493 2194 quinquagenarii
1538 2157 1628 2181 cum
1675 2143 1755 2180 suis

449 2206 697 2255 principibus
737 2214 902 2254 propter
942 2205 1064 2241 levem
1108 2203 1278 2240 heresim
1313 2204 1613 2248 comburantur,
1648 2203 1755 2249 quod

450 2274 486 2301 et
536 2265 684 2301 factum
738 2271 807 2308 est,
859 2271 901 2298 ut
953 2262 1146 2298 Dominus
1199 2260 1422 2309 imperavit,
1475 2261 1544 2296 sed
1594 2268 1752 2307 satrape

450 2321 684 2359 Antichristi
716 2329 952 2369 presumunt
984 2332 1104 2368 supra
1129 2318 1332 2355 Christum
1366 2327 1402 2354 et
1431 2318 1557 2365 legem
1582 2326 1754 2354 veterem
1772 2319 1810 2350 35

452 2380 588 2416 fideles
636 2379 820 2416 occidere
860 2391 903 2415 ex
940 2378 1039 2415 falso
1078 2376 1309 2414 testimonio
1349 2375 1389 2412 in
1427 2375 1596 2412 materia
1635 2387 1754 2424 quarn

451 2438 649 2485 ignorant.

509 2494 713 2540 Similiter,
766 2494 798 2530 si
848 2493 985 2530 liceret
1035 2492 1091 2530 sic
1140 2491 1325 2529 occidere
1376 2491 1580 2527 hominem
1637 2502 1755 2539 quem
1773 2515 1847 2547 μοι.

451 2554 693 2601 pretendunt
726 2564 810 2588 esse
843 2551 1062 2588 hereticum
1093 2546 1097 2603 ἱ
1126 2550 1262 2587 liceret
1292 2549 1370 2585 illis
1394 2549 1432 2586 in
1456 2561 1549 2585 casu
1572 2547 1755 2584 occidere
1773 2560 1853 2593 351⁸

451 2623 583 2657 regem
634 2623 751 2646 suum
803 2618 839 2646 et
889 2618 1018 2645 totum
1070 2608 1152 2645 eius
1204 2607 1414 2644 consilium
1468 2608 1664 2643 baronum
1719 2614 1813 2649 et4o

452 2668 638 2704 militum.
673 2670 720 2703 Et
754 2679 841 2703 cum
878 2675 1042 2715 possunt
1076 2679 1118 2703 ex
1153 2666 1308 2702 cautela
1341 2664 1490 2701 diaboli
1523 2664 1756 2700 habundare

520 2789 544 2817 3.
568 2790 660 2818 Cod.:
689 2794 840 2825 proptere.
913 2788 957 2817 33.
979 2789 1012 2816 Iu
1034 2797 1146 2823 marg:
1174 2796 1206 2823 ες
1237 2788 1276 2815 ib.
1300 2796 1389 2823 quem
1411 2787 1511 2821 deest3
1538 2785 1652 2813 addidi.

523 2860 575 2893 31.
603 2862 658 2893 IV.
687 2861 771 2902 Reg.
799 2861 823 2900 Ι,
846 2870 989 2892 10—12.
