1944 3323
124 246 173 291 76

150 425 216 452 The
239 430 362 460 severity

142 464 203 486 two
225 460 370 494 disciples

139 503 217 521 were
239 494 381 522 deacons.

116 2048 193 2074 How
210 2050 258 2075 the
275 2049 385 2083 bislwp

142 2083 250 2109 should
274 2083 359 2110 drixe

175 2123 225 2144 0111
248 2118 321 2144 false

175 2152 323 2179 doctrine.

710 252 932 285 JOHANNIS
950 253 1132 285 WYCLIF
1153 253 1408 286 SERMONUM
1511 241 1661 298 [SERMO
1685 253 1718 281 X.

412 362 515 396 Luce
560 361 627 401 XO)
680 358 786 394 misit
830 358 1081 405 septuaginta
1132 360 1232 394 duos
1282 359 1500 407 discipulos
1547 373 1639 397 suos
1684 370 1720 398 et

411 417 518 453 dedit
551 417 628 453 illis
667 424 906 464 potestatem
942 418 990 452 ad
1025 416 1131 452 istud
1164 416 1355 453 officium.
1402 420 1502 454 Cum
1536 431 1630 467 ergo
1663 419 1719 455 illi

410 488 431 512 a
475 474 675 523 probabili
725 486 806 510 non
857 483 968 510 erant
1021 475 1261 519 sacerdotes,
1315 475 1407 523 quia
1453 484 1547 512 tunc
1592 477 1721 513 forent

411 533 587 581 episcopi
635 542 754 581 atque
801 532 987 579 apostoli,
1033 533 1100 568 sed
1147 541 1259 568 erant
1303 533 1462 569 diaconi
1512 533 1720 571 inferiores

410 591 699 636 sacerdotibus,
752 589 853 626 sicut
904 599 1015 626 erant
1063 591 1289 638 Stephanus
1340 600 1377 626 et
1426 604 1490 628 sex
1541 592 1607 628 alii
1657 594 1754 638 (de5

410 649 552 697 quibus
592 650 678 685 Act.
712 650 813 691 VIO),
854 647 1011 684 videtur
1049 649 1157 696 quod
1197 648 1377 685 Christus
1418 649 1615 686 mittendo
1654 663 1720 687 eos

409 709 456 743 ad
494 707 599 743 istud
633 705 810 743 officium
846 705 967 741 mittit
1000 705 1039 741 in
1074 706 1334 742 ordinacione
1366 719 1437 743 sua
1460 720 1720 757 quoscunque

408 764 634 812 superiores
668 773 710 800 ut
742 765 970 800 sacerdotes
1004 765 1052 800 ad
1084 763 1181 799 illud
1215 764 1406 801 officium.
1452 767 1500 801 Et
1532 767 1581 802 ad
1613 766 1718 802 idem

407 831 551 858 sonant
592 823 713 858 verba
755 821 897 870 prelati
943 821 1083 858 cesarii
1122 822 1346 858 ordinantis
1383 823 1587 860 diaconos.
1642 825 1719 860 Sed

408 881 774 929 quomodocunque
810 879 858 915 sit
893 881 940 916 de
975 879 1105 916 verbis
1141 880 1233 925 suis,
1276 889 1427 917 certum
1468 890 1524 918 est
1563 893 1606 918 ex
1642 882 1777 918 fideio

409 940 517 987 quod
540 938 615 974 nisi
633 938 813 975 Christus
837 937 1080 974 ordinaverit
1101 940 1329 975 sacerdotes
1345 951 1444 987 quos
1469 941 1516 975 ad
1542 939 1718 976 officium

407 996 513 1032 istud
543 996 716 1044 elegerit,
741 994 950 1032 ordinacio
975 996 1117 1043 prelati
1148 996 1288 1033 cesarii
1310 996 1434 1032 nichil
1456 998 1599 1034 valeat.
1634 1000 1720 1046 Ipse

408 1055 512 1090 enirn
554 1054 661 1090 iuxta
701 1054 807 1090 dicta
846 1053 1029 1102 superius
1071 1066 1092 1090 a
1133 1053 1292 1090 Christo
1333 1067 1424 1103 sepe
1462 1055 1720 1104 suspenditur

407 1121 443 1148 et
476 1111 654 1148 officium
688 1112 794 1148 istud
827 1111 1096 1148 communiter
1119 1112 1214 1149 false
1247 1121 1418 1161 occupat
1443 1122 1485 1150 ut
1509 1113 1717 1162 prescitus.

465 1172 541 1207 Sed
571 1170 610 1206 in
635 1169 866 1219 oppositum
889 1169 1046 1206 videtur
1070 1172 1191 1218 quod,
1222 1170 1298 1207 nisi
1322 1170 1534 1220 episcopus
1557 1173 1720 1208 haberet
1740 1174 1774 1206 15

406 1237 646 1276 potestatem
680 1227 947 1276 suspendendi
981 1229 1257 1276 presbyterum
1291 1241 1340 1265 ne
1372 1229 1550 1277 predicet
1584 1229 1623 1265 in
1646 1242 1717 1266 sua

406 1286 566 1332 diocesi,
613 1286 762 1334 periret
801 1285 874 1322 sibi
914 1294 1090 1334 potestas
1134 1286 1337 1334 regiminis
1374 1287 1588 1324 necessarii
1627 1288 1718 1323 sub-

405 1343 594 1381 ditorum.
629 1346 763 1381 Potest
796 1343 899 1380 enim
931 1356 1014 1380 esse
1043 1346 1151 1392 quod
1180 1344 1400 1393 presbyteri
1444 1345 1567 1382 idiote
1604 1358 1716 1381 usur-

405 1411 498 1450 pent
536 1402 641 1438 istud
674 1401 851 1439 officium
886 1402 952 1450 qui
992 1410 1082 1438 sunt
1116 1402 1316 1439 manifesti
1354 1403 1518 1440 heretici
1558 1412 1594 1440 et
1632 1403 1715 1451 lupi

405 1473 584 1508 rapaces,
620 1461 836 1506 Quomodo
862 1472 954 1507 ergo
980 1472 1061 1496 non
1085 1469 1295 1497 evacuaret
1319 1469 1455 1508 pastor
1477 1461 1576 1498 tales
1599 1461 1714 1509 lupos
1733 1474 1773 1495 20

405 1519 452 1554 de
485 1531 557 1555 suo
591 1518 684 1554 ovili
717 1518 784 1566 qui
818 1517 950 1554 taliter
983 1517 1191 1554 inficerent
1213 1531 1372 1566 gregem
1396 1520 1536 1555 suum?
1567 1521 1714 1555 Ymmo

404 1576 518 1612 aliter
533 1575 680 1624 periret
704 1575 1040 1612 iurisdiceionalis
1064 1584 1240 1624 potestas
1264 1585 1300 1613 et
1324 1577 1459 1624 regula
1482 1576 1714 1613 obediencie

404 1633 477 1670 nisi
510 1635 711 1680 sacerdos,
746 1635 897 1670 habens
930 1635 979 1670 ab
1009 1634 1199 1683 episcopo
1233 1647 1304 1671 suo
1338 1634 1498 1671 ordines
1531 1644 1567 1671 et
1600 1643 1711 1683 pote-

403 1701 525 1728 states
565 1693 614 1728 ad
655 1693 890 1729 mandatum
925 1704 1054 1737 suum,
1096 1694 1353 1740 supersedeat
1385 1692 1425 1728 in
1458 1705 1529 1729 sua
1563 1692 1711 1729 diocesi

402 1751 450 1786 ab
474 1750 608 1786 officio
633 1749 881 1798 predicandi.
917 1749 981 1786 Sic
1006 1749 1110 1786 enim
1143 1750 1288 1786 virtute
1322 1750 1554 1787 obediencie
1587 1759 1713 1787 cessat
1730 1753 1769 1785 25

401 1807 582 1843 subditus
621 1821 642 1844 a
683 1807 817 1843 multis
857 1807 1011 1844 actibus
1051 1807 1279 1853 meritoriis,
1318 1817 1361 1844 ut
1400 1817 1509 1856 patet
1542 1810 1589 1845 de
1622 1808 1712 1845 reli-

400 1865 584 1912 gionibus
617 1865 794 1914 privatis.
842 1867 974 1910 Quare
1014 1878 1106 1913 ergo
1139 1878 1219 1902 non
1254 1867 1370 1902 debet
1403 1866 1569 1914 simplex
1601 1879 1710 1914 pres-

402 1925 513 1971 byter
546 1936 700 1960 cessare
724 1936 745 1960 a
769 1923 1062 1971 predicacione,
1096 1923 1127 1959 si
1152 1925 1198 1960 de
1221 1936 1406 1972 perverso
1441 1925 1627 1972 dogmate
1661 1924 1710 1960 sit

401 1982 632 2029 suspectus?
664 1983 712 2017 Et
746 1983 795 2018 ad
828 1981 933 2017 idem
967 1991 1111 2018 sonant
1144 1982 1268 2018 multe
1300 1982 1405 2030 leges
1438 1982 1615 2018 ecclesie.

459 2041 535 2076 Sed
558 2039 621 2076 hic
637 2039 782 2076 dicitur
797 2041 904 2088 quod
925 2039 1086 2076 invento
1102 2040 1171 2076 tali
1193 2042 1401 2077 sacerdote
1417 2048 1474 2077 est
1489 2041 1708 2076 secundum
1725 2041 1768 2073 30

400 2097 570 2134 formam
607 2097 799 2144 evangelii
832 2099 1116 2145 precavendus.
1153 2099 1229 2134 Sed
1253 2098 1319 2134 ubi
1343 2101 1496 2146 (queso)
1529 2098 1709 2134 Christus

401 2164 467 2191 aut
518 2155 576 2191 sui
628 2155 800 2203 apostoli
846 2154 1017 2203 aliquem
1072 2156 1292 2192 hereticum
1339 2169 1408 2204 per
1452 2155 1708 2192 coaccionem

401 2214 593 2250 cesariam
628 2215 934 2261 suspenderunt,
973 2226 1108 2261 ymmo
1147 2213 1359 2259 falsitatem
1399 2213 1459 2250 sui
1498 2213 1708 2261 dogmatis,

401 2284 489 2308 cum
525 2280 664 2308 notum
698 2271 815 2307 fuerit
849 2271 886 2306 in
921 2284 1094 2319 persona
1127 2272 1304 2319 propria,
1340 2272 1587 2308 docuerunt?
1620 2274 1709 2308 Non

400 2342 492 2376 ergo
527 2330 641 2365 debet
676 2329 851 2377 prelatus
891 2328 1056 2365 ecclesie
1096 2331 1257 2366 credere
1297 2329 1336 2365 in
1376 2329 1451 2365 isto
1485 2329 1708 2377 cuicunque
1725 2330 1764 2362 35

400 2387 701 2435 pseudoclerico
734 2388 794 2423 vel
828 2387 926 2423 falso
962 2387 1195 2435 nugigerulo
1226 2389 1293 2423 sed
1323 2387 1528 2424 veritatem
1562 2387 1707 2423 erroris

400 2444 488 2481 talis
522 2444 740 2493 presbyteri
774 2446 993 2481 secundum
1028 2445 1313 2493 probacionem
1354 2444 1526 2481 validam
1568 2457 1705 2492 expec—

399 2512 502 2548 tare;
549 2502 663 2539 aliter
708 2502 812 2538 enim
859 2515 901 2538 ex
945 2502 1019 2538 sibi
1059 2502 1180 2539 dubio
1220 2502 1413 2539 incideret
1452 2502 1492 2538 in
1531 2502 1706 2538 infinitas

399 2561 554 2597 hereses
577 2560 812 2597 Antichristi
846 2569 883 2596 et
916 2560 1225 2608 blasphemaret,
1261 2561 1484 2597 extollendo
1517 2572 1557 2596 se
1589 2572 1707 2608 super

468 2713 487 2732 1.
510 2706 552 2732 A:
574 2705 766 2739 septuaginta
787 2706 880 2732 deest.
938 2704 1009 2732 12—3.
1030 2705 1070 2733 F:
1092 2714 1164 2732 suos
1184 2721 1217 2724 —
1238 2705 1412 2732 sacerdotes
1432 2705 1523 2732 deest.
1581 2704 1605 2735 3,
1621 2715 1649 2737 4.
1667 2704 1705 2732 F:

398 2740 495 2766 forent
517 2744 605 2774 atque
627 2740 774 2774 episcopi.
859 2748 886 2774 7.
908 2739 946 2766 F:
971 2740 1048 2767 illos.
1134 2748 1160 2774 7,
1182 2740 1208 2765 8.
1231 2740 1268 2767 F:
1291 2740 1382 2767 mittit
1401 2756 1434 2759 -—
1453 2740 1587 2766 officium
1610 2739 1703 2766 deest.

397 2774 423 2799 S.
446 2773 484 2800 F:
506 2774 542 2800 ad
565 2774 648 2800 illud.
729 2782 765 2800 12.
788 2773 825 2800 F:
848 2774 978 2809 digeri&
1008 2775 1048 2801 ib.
1069 2775 1113 2802 A:
1137 2775 1242 2801 valeat.
1316 2774 1352 2801 15.
1373 2775 1402 2801 A
1422 2774 1452 2801 in
1474 2782 1587 2808 marga
1608 2781 1704 2808 oppo-

398 2809 507 2839 situm:
538 2809 578 2835 ib.
599 2809 627 2835 A
648 2809 676 2835 in
699 2817 811 2842 marja:
834 2817 852 2836 1.
933 2816 974 2843 19.
996 2810 1040 2836 A:
1062 2810 1131 2836 sim.
1204 2816 1243 2836 21.
1264 2809 1293 2836 A
1313 2809 1342 2835 in
1364 2817 1476 2843 marg:
1498 2816 1522 2835 2.
1596 2816 1641 2840 τι.
1663 2807 1702 2835 F:

397 2843 433 2869 ad
455 2843 632 2870 mandatum
654 2859 686 2861 —
707 2843 820 2870 diocesi
843 2843 935 2870 deest.
1008 2842 1054 2871 30.
1076 2844 1103 2871 Α
1124 2843 1153 2870 in
1175 2852 1287 2881 margq
1309 2843 1489 2878 Responsio.
1563 2841 1601 2869 31.
1623 2843 1651 2869 A
1671 2842 1701 2869 in

398 2885 510 2912 marg:
532 2886 553 2905 1.
625 2876 668 2905 33.
688 2879 734 2905 A:
756 2877 903 2905 cesariam
925 2878 1019 2906 deest.
1092 2877 1138 2905 30.
1158 2878 1196 2906 F:
1219 2883 1352 2906 veritate.
1426 2876 1472 2913 39.
1493 2876 1533 2904 F:
1555 2885 1658 2914 supra.
