1944 3323
129 236 210 268 444
710 231 933 263 JOHANNIS
953 232 1134 264 WYCLIF
1153 233 1406 265 sERMONuM
1505 220 1656 278 [semro
1679 231 1725 258 LI.

417 339 591 375 creditur
615 340 721 386 quod
751 351 889 374 omnes
922 348 1083 387 satrape
1106 341 1364 376 'I'erremotus
1398 352 1419 376 a
1452 339 1725 376 stabilimento

417 397 531 433 huius
563 397 719 433 virtutis
753 396 956 436 deficiunt.

128 451 185 477 ‘¹¹¹³
208 451 399 489 osclum-ny),
474 457 521 490 Et
555 456 687 503 quoad
722 454 889 490 terciam
924 464 1079 502 partem
1116 455 1230 491 huius
1270 455 1434 491 funiculi
1474 464 1583 504 patet
1617 458 1724 504 quod

415 523 473 548 est
513 513 657 549 caritas
698 525 773 560 que
815 512 854 548 in
893 512 1055 549 nomine
1100 513 1288 561 baptismi
1334 513 1589 560 exprimitur,
1635 514 1724 550 ideo

186 589 214 609 Αι.
237 580 271 618 1η>
291 589 347 607 olle
415 571 510 607 dicit
534 571 752 618 Apostolus
785 583 858 618 pro
882 580 1026 619 quarta
1059 570 1231 607 unitate:
1266 572 1387 607 L'num
1421 572 1622 620 baptisma.
1657 574 1758 607 Est5

191 615 333 649 bapnsm.
415 629 517 665 enim
553 628 685 665 unitas
717 627 757 664 in
791 629 951 665 Christo
983 628 1260 677 principaliter
1298 628 1553 677 baptismate,
1594 629 1724 666 unitas

414 687 452 722 in
492 700 596 735 aqua
637 688 684 723 de
724 699 795 723 suo
841 686 963 723 latere
1009 687 1194 723 effluente
1240 695 1276 723 et
1320 687 1451 723 unitas
1496 687 1536 722 in
1581 687 1725 724 virtute

414 744 659 793 baptismum
706 744 938 781 huiusmodi
984 753 1260 782 consumante.
1316 746 1364 781 Et
1409 745 1623 794 utrobique
1669 755 1725 782 est

414 803 577 848 caritas;
611 804 716 839 unde
749 802 976 851 baptizatur
1010 804 1321 840 catechumenus
1348 803 1386 838 in
1409 803 1573 840 nomine
1598 803 1724 840 Patris

414 870 450 898 et
483 860 570 897 Filii
606 870 643 897 et
676 860 849 909 Spiritus
883 861 1031 898 Sancti.
1744 874 1781 894 10

136 928 161 955 5.
183 928 214 955 ln
237 937 293 955 (mc
316 928 384 967 (iod
471 919 618 956 Habita
653 932 746 968 ergo
779 919 932 955 unitate
966 919 1119 956 domini
1151 921 1242 955 Jesu
1275 918 1423 955 Christi
1457 919 1523 967 qui
1558 928 1614 955 est
1648 928 1723 956 ter-

138 963 196 990 and
218 964 330 1025 ngltllier
350 966 381 990 ot
414 977 544 1013 minus
568 990 589 1013 a
613 990 692 1026 quo
726 977 866 1013 salutis
899 978 1071 1014 humane
1106 986 1142 1013 et
1175 976 1327 1013 unitate
1360 977 1523 1014 funiculi
1557 977 1724 1025 triplicis

414 1048 483 1083 per
528 1048 644 1084 quem
691 1035 947 1081 attrahimur,
998 1035 1150 1072 scilicet
1195 1034 1266 1070 Dei
1305 1035 1445 1081 Patris,
1494 1035 1584 1071 ideo
1629 1035 1724 1072 dicit

413 1094 648 1141 Apostolus:
700 1095 804 1129 Unus
841 1094 949 1130 Deus
988 1101 1022 1130 et
1055 1101 1171 1143 pater
1210 1093 1375 1128 omnium
1416 1093 1479 1141 qui
1516 1101 1571 1129 est
1608 1106 1725 1142 super

414 1164 542 1187 omnes
580 1159 615 1189 et
653 1165 729 1201 per
767 1152 892 1187 omnia
937 1159 971 1188 et
1016 1151 1050 1187 in
1095 1151 1267 1187 omnibus
1311 1151 1437 1192 nohis,·
1479 1151 1546 1186 ubi
1592 1151 1778 1188 finalisxfi

413 1209 606 1246 terminus
654 1211 703 1246 ad
749 1222 867 1257 quern
913 1218 971 1245 est
1016 1218 1147 1245 motus
1193 1209 1464 1257 cuiuscunque
1509 1209 1722 1246 racionalis

413 1276 595 1304 creature
619 1267 869 1316 exprimitur.
905 1267 1100 1303 Divinitas
1134 1267 1239 1303 enim
1275 1276 1333 1303 est
1367 1275 1479 1315 pater
1512 1267 1722 1303 cuiuslibet

413 1325 646 1361 huiusmodi
683 1334 876 1370 creature,
911 1325 1000 1361 ideo
1033 1325 1107 1361 sibi
1141 1324 1286 1361 dicitur
1322 1327 1414 1372 Sap.
1439 1326 1559 1370 XIVO,
1588 1325 1627 1360 3:
1668 1326 1721 1360 Tu

414 1385 531 1420 Pater
561 1384 759 1434 gubernas
791 1384 931 1430 onznia,
965 1392 1000 1419 et
1034 1386 1151 1428 Deus,
1186 1395 1275 1419 cum
1311 1382 1359 1418 sit
1394 1382 1570 1419 Trinitas
1603 1396 1722 1431 super

412 1441 549 1478 omnia
594 1443 812 1478 secundum
854 1441 1081 1489 potenciam
1131 1441 1346 1477 creativam
1392 1449 1428 1476 et
1471 1453 1542 1488 per
1586 1441 1721 1477 onmia
1739 1454 1779 1475 20

413 1509 544 1536 creata
590 1501 808 1536 secundum
854 1499 1042 1535 virtutem
1088 1498 1343 1535 formativam
1385 1507 1421 1534 et
1459 1498 1497 1534 in
1536 1499 1721 1535 omnibus

415 1557 558 1594 creatis
591 1559 810 1594 secundum
846 1556 1103 1594 concordiam
1141 1557 1313 1593 finaliter
1346 1556 1577 1605 quietivam.

125 1624 202 1650 How
225 1629 254 1651 ts·
277 1633 397 1652 numer
471 1615 586 1652 Circa
620 1617 722 1652 hanc
755 1615 968 1664 epistolam
1004 1615 1222 1660 dubitatur,
1257 1627 1345 1651 cum
1371 1627 1448 1651 una
1474 1616 1615 1651 debeat
1639 1627 1722 1651 esse

161 1661 361 1686 ¹¹¹¹['“'¹“⁸⁷“¹'³'
414 1674 511 1710 fides
545 1675 592 1710 de
621 1683 875 1710 sacramento
900 1673 1048 1719 altaris,
1074 1674 1279 1721 quomodo
1304 1673 1445 1708 debeat
1470 1674 1519 1708 ad
1543 1672 1721 1709 obiectus

413 1741 449 1768 et
473 1731 702 1780 questiones
736 1731 955 1768 infidelium
991 1731 1237 1779 responderi.
1272 1732 1435 1767 Certum
1469 1729 1628 1778 quidem
1665 1740 1721 1767 est
1739 1734 1777 1766 25

413 1791 520 1838 quod
544 1802 622 1826 una
646 1803 738 1838 pars
767 1790 806 1825 in
839 1789 906 1826 illa
941 1789 1108 1825 materia
1141 1801 1162 1825 a
1197 1789 1273 1824 fide
1307 1788 1468 1824 devians
1500 1801 1580 1824 non
1614 1801 1721 1824 com-

415 1847 591 1884 municat
626 1847 833 1884 caritative
867 1860 955 1884 cum
992 1847 1157 1895 reliqua,
1193 1859 1282 1883 cum
1317 1846 1366 1882 sit
1400 1846 1536 1882 Belial.
1581 1846 1721 1894 Arguit

413 1915 545 1942 autem
582 1906 644 1942 hic
678 1906 803 1942 Belial
837 1915 976 1941 contra
1010 1905 1129 1941 fidem
1162 1904 1364 1952 Apostoli:
1407 1903 1447 1940 Si
1481 1905 1556 1940 hoc
1590 1917 1720 1940 sacra-

414 1972 592 1999 mentum
634 1963 682 1999 sit
722 1976 866 2011 corpus
900 1963 1060 2008 Christi,
1102 1971 1159 1998 est
1200 1962 1507 2010 aliquantulum,
1548 1961 1720 2009 aliquale

413 2031 449 2057 et
473 2021 829 2058 alicuiusmodiin
861 2021 938 2057 situ
971 2021 1086 2056 huius
1118 2019 1356 2056 venerabilis
1389 2020 1649 2061 sacramenti;
1684 2029 1720 2056 et
1737 2023 1778 2054 '30

414 2092 455 2116 ex
490 2081 564 2116 hoc
599 2079 920 2127 multiplicantur
953 2078 1112 2126 argucie
1145 2077 1313 2114 infinite.

125 2146 397 2184 1¹1-edic311i0nmay
470 2139 546 2173 Sed
587 2137 650 2174 hic
684 2146 845 2185 oportet
878 2146 959 2173 tam
994 2136 1152 2172 fidelem
1187 2149 1308 2184 quam
1343 2135 1545 2172 infidelem
1580 2144 1721 2172 notare

156 2182 355 2242 ρζξςξζζξῇἶζξῐ
413 2195 719 2232 distinccionem
754 2194 1049 2243 predicacionis
1083 2194 1250 2242 triplicis
1284 2193 1526 2241 supradicte,
1570 2193 1720 2230 scilicet

192 2250 326 2278 relatixe.
412 2253 606 2296 formalis,
650 2253 877 2289 essencialis
917 2261 953 2289 et
999 2251 1300 2290 habitudinalis.
1347 2264 1434 2288 cum
1483 2251 1597 2287 aliter
1640 2264 1720 2288 non

412 2311 460 2347 sit
504 2324 597 2348 vera
641 2310 870 2359 predicacio
914 2312 1020 2358 quod
1067 2311 1142 2346 hoc
1186 2318 1482 2346 sacramentum
1536 2309 1594 2345 vel
1649 2309 1721 2345 iste
1740 2313 1776 2345 35

413 2369 526 2417 panis
566 2378 745 2406 sacratus
785 2378 841 2405 est
882 2381 1026 2416 corpus
1061 2367 1209 2404 Christi
1248 2366 1322 2403 nisi
1364 2367 1402 2402 in
1441 2367 1721 2414 predicacione

415 2427 703 2473 habitudinali,
737 2436 896 2475 oportet
931 2426 1097 2462 ulterius
1130 2435 1270 2462 notare
1291 2425 1563 2461 differenciam
1589 2425 1719 2473 predi-

415 2485 590 2522 cacionis
636 2485 878 2530 essencialis,
925 2493 961 2520 et
1006 2485 1211 2532 quomodo
1257 2495 1403 2531 corpus
1450 2482 1597 2518 Christi
1641 2495 1810 2540 nonFol.

414 2545 533 2579 habet
556 2543 594 2579 in
617 2543 695 2579 situ
719 2543 835 2579 huius
858 2542 1101 2579 sacramenti
1123 2541 1198 2578 nisi
1229 2553 1312 2578 esse
1341 2539 1569 2591 spirituale
1588 2571 1596 2586 ,
1631 2541 1721 2577 licet
1738 2555 1816 2598 287⁶

479 2676 553 2705 3111
576 2685 689 2711 mars-3:
711 2686 739 2710 ιι.
886 2678 926 2703 μ’).
949 2681 1062 2703 motus.
1086 2676 1141 2702 Hic
1163 2675 1278 2709 aliquot
1299 2675 1391 2701 verba
1412 2674 1562 2701 excidisse
1583 2678 1718 2708 apparet.

410 2720 448 2738 21.
472 2712 566 2739 Cod.:
595 2716 777 2738 creaturam.
839 2710 880 2737 213.
902 2711 935 2738 In
958 2718 1071 2744 murga
1100 2710 1246 2737 Dubium.
1303 2709 1344 2736 25.
1366 2710 1398 2736 In
1422 2717 1534 2743 marg:
1557 2709 1599 2735 De
1621 2717 1719 2735 sacra-

412 2751 514 2807 meffuto
536 2746 640 2773 altaris
663 2754 716 2780 per
736 2751 844 2773 totum.
936 2744 977 2771 32.
1000 2745 1031 2771 In
1055 2753 1168 2779 marg:
1190 2744 1372 2779 Responsio.
1397 2752 1416 2777 r,
1438 2751 1462 2770 2.
1548 2742 1593 2776 34.
1616 2743 1718 2770 aliter:

412 2790 461 2808 cot
474 2791 496 2807 ,t
520 2786 630 2807 autem.

483 2852 509 2883 5.
540 2851 626 2895 pr.
655 2853 711 2890 IV,
741 2852 768 2883 5.
871 2862 918 2892 ¹4-
948 2851 991 2883 ib.
1018 2849 1049 2881 6.
