1944 3323
97 888 134 910 10

96 1167 132 1199 15

95 1469 135 1491 20

96 1753 135 1784 25

92 2635 136 2666 40

148 241 284 270 SERMO
307 229 415 287 xm]
641 241 810 273 TERTIA
843 240 968 271 PARS.

148 353 209 389 vel
248 365 268 388 a
309 350 488 389 floribus.
528 351 595 386 sed
635 361 678 385 ex
717 347 911 384 fructibus
952 354 1216 394 cognoscetur
1249 353 1382 380 utrum
1418 344 1466 378 sit

149 409 363 448 laudabilis
387 407 613 457 qualitatis:
647 407 677 443 si
708 418 802 453 ergo
832 405 1058 442 laboriosus
1082 402 1273 440 circuitus
1297 403 1464 438 fratrum

150 479 207 507 est
247 467 382 516 gracia
421 465 614 515 querendi
654 466 811 501 lucrum
851 465 900 501 ab
934 462 1150 507 auditorio,
1184 461 1292 498 laute
1325 473 1467 497 consu-

151 528 297 565 mendo
337 538 558 574 pauperum
600 522 839 560 elemosinas
879 521 1079 558 subtiliter
1118 518 1312 569 spoliatas
1352 528 1388 555 et
1415 514 1468 569 {in

149 584 317 623 edificiis
357 596 403 620 ac
443 583 530 620 aliis
569 595 613 619 ex
653 594 751 630 pure
798 579 1140 624 extraordinariis,
1181 578 1270 626 quis
1311 576 1468 613 dubitat

149 644 245 693 quin
283 642 372 679 talis
411 642 564 678 fructus
604 639 734 677 finalis
774 638 925 676 indicat
959 637 1195 687 qualitatem
1228 636 1397 674 fratrum
1432 643 1469 671 et

151 703 268 739 finem
315 699 445 737 tocius
489 699 622 748 operis
667 697 945 747 precedentis?
991 696 1030 732 Si
1080 695 1185 732 enim
1237 695 1469 732 laborarent

149 759 284 809 gracia
329 758 468 795 salutis
514 757 693 794 fidelium
741 756 844 793 sicut
888 753 1076 804 apostoli,
1122 763 1217 790 tunc
1265 760 1469 789 servarent

150 817 377 855 doctrinam
402 829 540 854 eorum
563 816 739 853 viventes
763 827 869 851 nunc
894 814 932 850 in
956 811 1152 850 laboricio
1176 811 1279 848 sicut
1294 818 1468 859 oportet,

150 878 219 914 sed
252 874 420 913 omnino
453 888 535 912 non
568 875 699 911 forent
735 872 939 910 adiutorio
973 870 1146 907 onerosi.

208 938 290 971 Nec
329 942 489 982 oportet
535 931 744 970 sollicitari
785 931 891 968 circa
938 928 1166 966 soluciones
1212 926 1467 976 arguciarum

149 1006 248 1042 quas
280 993 422 1029 fratres
454 991 651 1029 fabricant
684 1003 758 1039 pro
791 989 872 1026 suis
905 986 1126 1025 mendaciis
1166 984 1468 1023 confirmandis.

151 1052 298 1088 Dicunt
337 1050 441 1088 enim
483 1063 526 1086 ex
566 1047 830 1086 similitudine
869 1045 1030 1092 simiali,
1071 1057 1161 1082 cum
1203 1044 1346 1081 merita
1391 1043 1468 1079 sint

149 1123 233 1155 sua,
268 1118 435 1158 possunt
468 1107 771 1145 communicare
804 1119 850 1143 ea
884 1103 1081 1149 fidelibus,
1115 1102 1345 1152 specialiter
1378 1115 1469 1139 cum

149 1177 293 1205 sonant
321 1167 361 1204 in
395 1166 503 1215 piam
529 1165 791 1203 devocionem
827 1177 902 1213 que
936 1171 1100 1200 resonat
1123 1162 1347 1199 caritatem.
1384 1162 1470 1197 Hoc

149 1226 356 1275 sophisma
390 1224 540 1262 diaboli
575 1238 645 1273 per
678 1224 775 1260 illud
798 1223 952 1259 tollitur
976 1222 1085 1270 quod
1110 1220 1253 1257 fratres
1277 1219 1308 1256 si
1333 1228 1470 1256 sancte

149 1285 327 1322 viverent
360 1293 397 1321 et
421 1283 571 1320 utiliter
595 1281 748 1320 cunctis
782 1281 1013 1318 hominibus
1046 1279 1169 1328 gratis
1203 1279 1471 1316 concederent

151 1342 570 1380 communicacionem
631 1339 862 1377 huiusmodi
924 1338 1009 1376 sine
1068 1337 1209 1384 cartis;
1269 1336 1471 1374 notificari

150 1401 312 1451 quidem
356 1402 473 1438 debet
511 1399 702 1436 fratribus
742 1408 779 1435 et
813 1397 967 1435 cunctis
1002 1395 1187 1433 fidelibus
1220 1396 1328 1444 quod
1363 1405 1471 1432 carte

151 1461 250 1497 tales
284 1459 455 1508 sigillate
489 1471 570 1495 non
603 1459 654 1495 ad
688 1459 794 1494 hunc
829 1457 948 1493 finem
974 1455 1125 1492 directe
1159 1453 1378 1503 proficiunt
1402 1455 1469 1490 sed

151 1518 334 1555 officiunt
369 1519 657 1566 undequaque;
699 1516 1007 1552 fundamentum
1042 1522 1176 1551 autem
1212 1512 1328 1549 huius
1361 1512 1470 1548 simi-

151 1576 332 1613 litudinis
385 1577 432 1613 de
484 1574 860 1612 communicacione
904 1573 994 1609 talis
1041 1571 1173 1608 meriti
1218 1570 1323 1619 sapit
1369 1571 1471 1607 blas-

152 1635 371 1684 phemiam.
419 1636 573 1680 Quarta
611 1642 745 1670 autem
787 1630 955 1669 simialis
987 1630 1211 1667 similitudo
1245 1642 1316 1678 per
1349 1642 1470 1678 quam

153 1694 289 1730 fideles
331 1694 579 1730 seducuntur
624 1700 702 1728 stat
747 1690 786 1726 in
831 1690 906 1726 isto
952 1690 1061 1738 quod
1105 1688 1208 1725 sicut
1252 1689 1302 1724 ad
1347 1701 1469 1725 unam

152 1752 362 1789 candelam
404 1752 603 1787 lucentem
649 1749 815 1786 candele
860 1748 1032 1797 plurime
1078 1747 1368 1786 accenduntur,
1415 1746 1471 1783 sic

151 1812 201 1847 ad
236 1823 355 1846 unam
395 1818 577 1846 sanctam
611 1807 716 1845 viam
756 1816 794 1843 et
835 1805 977 1843 merita
1010 1806 1179 1842 fratrum
1214 1804 1331 1841 unius
1365 1813 1471 1841 secte

154 1867 268 1904 multi
303 1867 464 1904 extincti
498 1867 698 1904 seculares
731 1867 866 1915 quoad
899 1873 1080 1901 sanctam
1115 1862 1469 1901 conversacionem

151 1926 413 1975 spiritualiter
451 1925 717 1962 illustrantur.
763 1925 841 1961 Sed
880 1924 1074 1972 pallescat
1114 1921 1206 1959 talis
1244 1921 1382 1970 ydiota
1415 1921 1471 1958 sic

152 1985 444 2033 proclamando
469 1983 528 2021 sui
552 1982 751 2020 consorcii
775 1981 1045 2028 sanctitatem,
1077 1994 1180 2026 cum,
1206 1980 1338 2029 posito
1362 1981 1470 2029 quod

150 2043 200 2080 sit
232 2051 415 2080 sanctum
449 2045 507 2088 (ut
540 2055 632 2079 raro
666 2041 822 2087 evenit),
856 2052 929 2077 nec
962 2039 1053 2077 talis
1086 2038 1362 2088 proclamacio
1396 2038 1470 2074 sibi

154 2102 361 2150 prodesset
405 2113 477 2137 nec
523 2099 690 2137 ecclesie
735 2100 804 2136 sed
848 2107 1025 2145 noceret,
1078 2111 1168 2135 cum
1214 2096 1469 2134 sanctitatem

125 2159 262 2208 {prius
287 2158 465 2196 habitam
489 2158 710 2207 ypocritice
734 2157 994 2205 extingueret3
1025 2153 1029 2211 Ι
1058 2157 1281 2193 recolerent
1304 2155 1470 2204 inquam

151 2219 199 2254 de
229 2217 414 2254 doctrina
443 2217 592 2254 Christi
621 2217 763 2254 Matth.
787 2218 872 2261 V10‚
901 2216 942 2252 3:
971 2216 1066 2251 Cum
1080 2215 1189 2264 facis
1212 2214 1471 2260 elemosinam,

151 2276 293 2312 nesciat
341 2276 497 2311 sinistra
550 2276 641 2325 quid
672 2275 804 2324 faciat
846 2275 1010 2319 dextra5
1059 2283 1096 2310 et
1140 2272 1197 2310 sic
1242 2274 1289 2309 de
1334 2271 1470 2308 multis

120 2335 129 2338 ’
151 2333 344 2370 doctrinis
378 2343 519 2371 contra
551 2333 754 2382 ypocritas
788 2345 886 2381 quas
910 2331 1107 2369 Dominus
1140 2330 1194 2368 ibi
1227 2332 1357 2367 docet.
1392 2333 1471 2367 No-

151 2401 253 2429 taret
276 2390 473 2443 (inquam)
496 2401 604 2429 secta
627 2392 796 2428 fratrum
822 2392 1029 2439 quomodo
1063 2389 1272 2439 phariseus
1295 2402 1334 2426 se
1358 2401 1472 2438 pom-

151 2449 272 2498 pavit,
312 2451 420 2498 quod
459 2463 541 2487 non
580 2459 665 2487 erat
698 2449 799 2487 sicut
833 2449 954 2486 ceteri
988 2447 1213 2493 hominum,
1248 2457 1285 2484 et
1318 2447 1470 2496 specia-

150 2508 241 2545 liter
282 2507 385 2545 sicut
429 2508 495 2545 ille
539 2508 702 2545 humilis
747 2507 999 2556 publicanus,
1039 2507 1107 2556 qui
1146 2519 1190 2543 ex
1223 2505 1470 2542 diffinicione

152 2565 301 2604 Christi
342 2566 547 2603 descendit
584 2566 824 2603 iustificatus
858 2565 897 2602 in
931 2567 1096 2602 domum
1137 2578 1251 2602 suam
1291 2566 1340 2601 ab
1380 2564 1469 2609 illo;

151 2624 207 2661 sic
253 2624 381 2661 multo
428 2624 554 2672 magis
599 2624 767 2673 simplex
813 2623 1054 2661 christianus
1105 2622 1388 2660 iustificabitur
1434 2632 1469 2659 et

151 2683 293 2731 globus
332 2682 584 2731 pharisaicus
618 2682 918 2731 dampnabitur,
952 2695 1042 2719 cum
1078 2680 1341 2730 multiplicius
1373 2694 1469 2729 ypo-

152 2886 156 2890 -
221 2860 254 2879 11.
271 2851 364 2879 Coa:
388 2852 439 2890 sed
455 2856 586 2887 oportet.
656 2853 696 2879 10.
714 2851 808 2879 Com:
831 2851 854 2879 si
872 2852 966 2879 deest.
1037 2855 1075 2879 ιδ.
1093 2852 1289 2883 lmiusmodi;
1311 2851 1397 2878 cod.:
1421 2846 1467 2884 hs:

151 2887 192 2913 lb.
208 2886 302 2914 Cod.:
323 2887 464 2914 carnahs.
530 2893 572 2913 22.
589 2885 685 2914 Cod.:
707 2886 1042 2914 excommunicacione.
1107 2886 1149 2914 35.
1166 2887 1259 2915 Cod.:
1282 2894 1358 2921 quas
1374 2886 1468 2913 deest.

1515 356 1611 394 Their
1633 355 1722 392 {suits

1499 395 1599 425 testim·
1620 394 1739 423 against

1575 427 1667 452 them.

1501 939 1597 967 Their
1619 939 1742 966 various

1492 975 1565 1002 false
1588 979 1758 1010 pretences.
