1944 3323
215 236 289 270 :3822
792 244 1014 276 ,ιΟΗΛΝΝῐς
1036 243 1216 277 ννγωιπ
1235 246 1489 278 sERMONUM
1522 230 1674 289 [SERMO
1696 243 1802 270 XMV-

223 365 246 384 2.
268 357 316 383 No
338 365 394 383 one
416 365 470 396 can
499 351 616 386 fuerit
650 351 827 398 proderit
862 350 1155 387 elemosinanti.
1204 354 1255 386 Ex
1289 364 1368 399 quo
1402 360 1511 399 patet
1545 364 1663 399 quam
1700 353 1800 388 blas-

209 392 688 462 &22222³}(¹‚¹g{.pheini1ni
739 417 794 444 est
843 408 1081 444 elemosinas
1126 409 1224 445 tales
1269 411 1438 445 vendere
1483 422 1556 456 pro
1602 409 1800 457 corporali

499 466 634 513 precio
652 467 711 502 vel
735 474 902 511 mutare,
920 466 1012 514 quia
1036 475 1175 502 neutra
1199 480 1289 514 pars
1312 466 1441 503 noscit
1466 475 1596 503 utrum
1623 476 1800 515 emptum

498 524 557 561 vel
590 524 795 560 venditum
829 523 1009 571 proderit
1044 524 1300 561 mercenanti.

256 590 391 629 mother
427 624 432 628 ι
558 584 638 618 Nec
676 582 779 617 valet
818 581 948 618 dicere
988 583 1094 629 quod
1134 583 1269 618 oracio
1309 581 1671 630 proporcionaliter
1715 578 1798 634 adl

209 625 481 693 assffsffilgstfflgsst
499 640 581 675 eius
613 640 789 676 valorem
824 641 987 687 prodest
1021 639 1298 676 elemosinanti
1331 640 1538 688 supposita
1571 639 1654 676 eius
1687 652 1803 687 capa-

274 688 279 694 *
498 697 630 743 citate,
654 697 747 745 quia
772 697 1038 734 elemosinans
1061 697 1137 733 iam
1165 707 1345 734 mortuus
1368 711 1448 733 non
1474 699 1593 734 habet
1616 697 1801 733 iuvamen

498 755 537 791 in
570 755 703 791 anima
738 755 936 791 divisibile
968 757 1187 791 secundum
1222 768 1312 792 suas
1351 764 1484 803 partes
1516 755 1803 804 quantitativas

497 822 563 849 aut
587 812 854 861 qualitativas.
889 815 936 849 Et
969 822 1162 861 quantum
1197 815 1246 850 ad
1279 813 1463 849 iuvamen
1496 813 1690 861 corporiS,
1723 826 1801 849 non

497 880 553 907 est
587 871 771 918 fingenda
804 871 912 908 racio
937 884 1060 919 quare
1092 871 1228 907 oracio
1261 884 1380 907 unam
1415 880 1569 919 partem
1604 870 1746 918 premii
1781 884 1802 907 a
1823 884 1860 904 10

496 929 742 976 proprietate
776 930 933 975 habeat,
967 929 1062 978 quin
1094 941 1164 977 per
1197 929 1300 965 idem
1336 938 1702 977 quantumcunque,
1741 930 1801 965 vel

496 1000 618 1034 quare
651 986 877 1034 specialiter
910 986 1089 1034 proderit
1127 987 1194 1022 uni
1237 999 1406 1035 persone
1446 986 1610 1023 ecclesie
1648 995 1685 1023 et
1723 999 1803 1035 non

496 1045 702 1093 supposita
745 1057 845 1093 equa
880 1045 1103 1093 capacitate
1136 1044 1314 1092 proderit
1348 1044 1473 1081 eciam
1508 1046 1608 1081 adeo
1642 1043 1802 1080 cuicun-

496 1115 585 1150 que.
632 1105 679 1138 Et
720 1103 939 1139 conformis
979 1111 1035 1139 est
1075 1102 1184 1139 racio
1218 1104 1266 1138 de
1298 1102 1568 1151 proporcione
1601 1102 1800 1138 oracionis

495 1161 689 1207 generalis
723 1162 771 1197 ad
806 1160 1036 1197 oracionem
1072 1160 1318 1197 individuam
1353 1162 1485 1209 quoad
1521 1173 1665 1196 mores.
1823 1162 1858 1194 ¹5

207 1225 255 1252 All
278 1225 415 1269 dqpequ
435 1233 472 1252 on
555 1221 595 1254 In
628 1218 703 1254 ista
738 1218 906 1254 materia
938 1218 1093 1255 videtur
1127 1218 1247 1254 michi
1272 1220 1379 1266 quod
1412 1231 1491 1254 non
1524 1226 1581 1254 est
1615 1219 1662 1254 de
1695 1217 1802 1266 equi-

248 1261 438 1334 ῃςςῖἷὲἓῃῗω,
494 1276 673 1312 valencia
696 1276 930 1312 oracionum
956 1275 1186 1312 huiusmodi
1210 1276 1537 1322 sompniandum,
1555 1277 1622 1311 sed
1646 1285 1801 1312 tantum

208 1330 416 1391 unffigffl'Jtig
438 1373 475 1391 us
496 1334 650 1382 precise
698 1335 801 1370 valet
847 1346 1083 1382 quecunque
1129 1333 1237 1370 racio
1283 1342 1476 1382 quantum
1524 1335 1629 1369 Deus
1674 1333 1801 1381 ipsam

264 1400 422 1439 gui-dress<
496 1401 677 1439 acceptat
717 1393 764 1427 ad
806 1391 1131 1439 prodessenciam
1172 1400 1208 1428 et
1253 1391 1478 1428 iuvanciam
1524 1391 1656 1436 alicui,
1697 1392 1802 1439 quod

222 1434 465 1496 {xlv'sssssltlhyjnfflsssgss-
495 1453 551 1494 (ut
584 1449 820 1498 plurimum)
858 1458 914 1486 est
947 1449 1062 1485 nobis
1095 1448 1365 1497 incognitum:
1400 1448 1490 1485 ideo
1524 1450 1639 1485 debet
1672 1448 1802 1496 predi-
1820 1460 1861 1481 20

229 1505 278 1530 1¹¹⁶
299 1504 454 1539 recipient.
496 1507 577 1543 cari
612 1507 843 1543 hominibus
876 1520 949 1555 pro
983 1507 1126 1556 quibus
1161 1507 1202 1543 fit
1236 1507 1325 1543 talis
1355 1507 1491 1543 oracio
1516 1508 1623 1555 quod
1647 1515 1801 1542 tantum

495 1565 647 1612 precise
680 1565 826 1601 valebit
859 1565 935 1601 illis
969 1574 1162 1613 quantum
1198 1566 1303 1613 apud
1339 1567 1465 1601 Deum
1507 1577 1547 1600 se
1580 1564 1688 1612 ipsos
1721 1564 1803 1611 dig-

494 1623 673 1669 nificant,
714 1632 750 1659 et
784 1623 839 1659 sic
873 1623 1039 1659 forsitan
1074 1622 1113 1658 in
1145 1624 1256 1658 nullo
1291 1622 1345 1659 eis
1379 1622 1558 1670 proderit
1591 1631 1803 1670 quantum-

495 1693 651 1729 cunque
685 1680 870 1729 specialis
902 1681 1033 1726 fuerit,
1073 1682 1140 1717 sed
1174 1680 1347 1717 nocebit.
1383 1680 1494 1716 Sicut
1526 1679 1631 1716 enim
1666 1679 1803 1716 oracio

493 1739 552 1774 vel
595 1740 864 1787 quodcunque
911 1738 1098 1775 meritum
1149 1737 1314 1775 ecclesie
1367 1739 1531 1786 prodest
1589 1737 1802 1784 capacibus
1821 1740 1860 1771 25

493 1798 713 1833 secundum
749 1796 1078 1833 distribucionern
1104 1798 1187 1832 Deo
1223 1795 1440 1843 cognitam,
1474 1795 1529 1831 sic
1562 1795 1800 1832 demeritum

494 1854 706 1891 iniuriatur
756 1855 816 1891 vel
862 1854 1124 1902 dampnificat
1170 1853 1352 1890 homines
1397 1852 1803 1901 proposcionabiliter

493 1921 534 1948 ut
574 1915 678 1948 Deus
717 1912 936 1948 tardaverit
975 1921 1140 1960 propter
1179 1911 1409 1948 huiusmodi
1450 1911 1690 1947 demeritum
1732 1912 1802 1947 hos

493 1969 640 2007 iuvare.
674 1972 776 2006 Tota
810 1982 903 2017 ergo
937 1969 1046 2006 racio
1079 1969 1291 2006 iuvaminis
1323 1969 1383 2005 vel
1411 1968 1691 2016 impedicionis
1714 1981 1802 2005 ora-

494 2027 618 2064 cionis
651 2028 741 2064 talis
773 2028 833 2065 vel
875 2027 1005 2063 meriti
1044 2036 1121 2063 stat
1160 2027 1200 2063 in
1239 2026 1522 2075 acceptacione
1560 2027 1620 2063 vel
1658 2025 1697 2061 in
1736 2028 1801 2062 de·
1819 2028 1861 2059 30

493 2086 777 2134 acceptacione
811 2085 963 2131 divina3
997 2085 1087 2122 ideo
1120 2085 1225 2121 iuvet
1259 2097 1299 2121 se
1332 2085 1461 2132 ipsum
1497 2085 1619 2120 homo
1652 2083 1691 2120 in
1723 2084 1802 2120 vita

493 2143 658 2191 propria
692 2145 837 2180 stando
870 2156 942 2191 pro
976 2142 1237 2179 ordinacione
1267 2151 1303 2179 et
1326 2143 1411 2190 lege
1436 2141 1583 2178 Christi
1607 2151 1799 2190 quantum

492 2201 637 2238 sufficit
671 2211 708 2238 et
740 2214 860 2249 penes
894 2202 969 2237 hoc
991 2210 1072 2237 tam
1098 2200 1293 2248 generalis
1317 2213 1435 2248 quam
1461 2199 1643 2247 specialis
1666 2199 1802 2236 oracio

492 2259 657 2295 ecclesie
701 2272 741 2295 se
786 2258 948 2295 iuvabit.
994 2261 1042 2294 Et
1087 2258 1179 2295 hinc
1223 2270 1315 2306 sepe
1356 2257 1552 2305 contingit
1591 2258 1696 2305 quod
1738 2258 1802 2293 de-

493 2318 683 2353 struendo
717 2317 894 2365 privatos
928 2316 1102 2362 ordines,
1137 2315 1293 2364 privata
1316 2316 1418 2360 loca,
1453 2315 1608 2363 privata
1633 2314 1802 2362 collegia
1819 2316 1858 2347 35

459 2368 466 2375 ¹
493 2383 528 2410 et
551 2387 786 2423 quecunque
810 2374 887 2411 alia
910 2387 932 2411 a
955 2375 1039 2422 lege
1061 2374 1132 2410 Dei
1166 2372 1465 2410 exhorbitancia
1494 2373 1582 2420 plus
1611 2372 1719 2409 iuvat
1742 2373 1801 2408 vel

492 2432 650 2479 proficit
683 2432 844 2468 cuilibet
868 2433 915 2468 de
939 2432 1106 2468 ecclesia
1130 2444 1248 2480 quam
1273 2431 1381 2467 iuvat
1405 2443 1640 2478 quecunque
1665 2430 1801 2466 oracio

492 2499 848 2538 quantumcunque
882 2490 1079 2538 specialis.
1114 2491 1228 2526 Unde
1251 2488 1466 2525 videndum
1493 2497 1548 2524 est
1572 2489 1620 2524 ad
1645 2487 1800 2535 quanti-

492 2556 614 2584 tatem
650 2547 861 2584 iuvaminis
884 2548 943 2584 vel
967 2546 1247 2595 prodessencie
1270 2547 1319 2582 ad
1343 2545 1576 2595 qualitatem
1602 2544 1800 2581 oracionis

491 2604 550 2642 vel
590 2607 638 2642 ad
678 2605 913 2653 qualitatem
955 2617 1124 2653 persone
1163 2618 1236 2653 pro
1277 2617 1354 2652 qua
1394 2612 1543 2647 oratur,
1584 2611 1625 2638 ut
1664 2602 1800 2639 oracio
1815 2615 1859 2646 40

492 2664 579 2710 plus
624 2665 787 2711 prodest
827 2663 992 2699 ecclesie
1033 2675 1152 2710 quam
1194 2662 1256 2698 isti
1298 2673 1467 2709 persone
1507 2662 1538 2696 A
1577 2661 1636 2696 vel
1675 2660 1796 2695 nichil

491 2721 657 2757 forsitan
691 2721 762 2756 sibi
798 2722 972 2768 prodest.

1820 562 1893 593 Foi.

1821 607 1899 640 280c

491 2866 498 2893 l
560 2832 586 2859 ὁ.
603 2832 704 2871 tend..-
733 2840 786 2858 cns
807 2832 952 2857 valorem.
1063 2836 1104 2860 10,
1127 2839 1165 2864 ¹5-
1187 2831 1280 2857 Lod:
1310 2830 1534 2864 cquavaiencia.
1644 2837 1681 2855 ει.
1704 2828 1797 2855 (ζωὰς

500 2875 635 2893 iomims.
