<?xml version="1.0" encoding="UTF-8"?>
<!DOCTYPE html PUBLIC "-//W3C//DTD XHTML 1.0 Transitional//EN"
    "http://www.w3.org/TR/xhtml1/DTD/xhtml1-transitional.dtd">
<html xmlns="http://www.w3.org/1999/xhtml" xml:lang="en" lang="en">
 <head>
  <title>
</title>
<meta http-equiv="Content-Type" content="text/html;charset=utf-8" />
  <meta name='ocr-system' content='tesseract 3.04.00' />
  <meta name='ocr-capabilities' content='ocr_page ocr_carea ocr_par ocr_line ocrx_word'/>
</head>
<body>
  <div class='ocr_page' id='page_1' title='image "./iohanniswyclifse0703wycl_0210.png"; bbox 0 0 1944 3323; ppageno 0'>
   <div class='ocr_carea' id='block_1_1' title="bbox 110 275 181 311">
    <p class='ocr_par' dir='ltr' id='par_1_1' title="bbox 110 275 181 311">
     <span class='ocr_line' id='line_1_1' title="bbox 110 275 181 311; baseline -0.028 0"><span class='ocrx_word' id='word_1_1' title='bbox 110 275 181 311; x_wconf 78' lang='lat'>188</span> 
     </span>
    </p>
   </div>
   <div class='ocr_carea' id='block_1_2' title="bbox 113 572 363 607">
    <p class='ocr_par' dir='ltr' id='par_1_2' title="bbox 113 572 363 607">
     <span class='ocr_line' id='line_1_2' title="bbox 113 572 363 607; baseline 0 -9"><span class='ocrx_word' id='word_1_2' title='bbox 113 572 245 599; x_wconf 65' lang='lat' dir='ltr'>Christ&#39;s</span> <span class='ocrx_word' id='word_1_3' title='bbox 266 572 363 607; x_wconf 64' lang='lat' dir='ltr'>glory.</span> 
     </span>
    </p>
   </div>
   <div class='ocr_carea' id='block_1_3' title="bbox 117 1209 365 1418">
    <p class='ocr_par' dir='ltr' id='par_1_3' title="bbox 117 1209 365 1418">
     <span class='ocr_line' id='line_1_3' title="bbox 145 1209 337 1236; baseline -0.005 0"><span class='ocrx_word' id='word_1_4' title='bbox 145 1209 205 1236; x_wconf 56' lang='lat' dir='ltr'>We</span> <span class='ocrx_word' id='word_1_5' title='bbox 227 1213 337 1235; x_wconf 72' lang='lat' dir='ltr'>cannot</span> 
     </span>
     <span class='ocr_line' id='line_1_4' title="bbox 140 1243 347 1278; baseline -0.01 -7"><span class='ocrx_word' id='word_1_6' title='bbox 140 1243 293 1278; x_wconf 75' lang='lat' dir='ltr'>predicate</span> <span class='ocrx_word' id='word_1_7' title='bbox 314 1244 347 1270; x_wconf 53' lang='lat' dir='ltr'>ot*</span> 
     </span>
     <span class='ocr_line' id='line_1_5' title="bbox 117 1278 365 1306; baseline -0.008 0"><span class='ocrx_word' id='word_1_8' title='bbox 117 1279 222 1306; x_wconf 77' lang='lat' dir='ltr'>Christ</span> <span class='ocrx_word' id='word_1_9' title='bbox 243 1287 275 1305; x_wconf 82' lang='lat' dir='ltr'>as</span> <span class='ocrx_word' id='word_1_10' title='bbox 297 1278 365 1305; x_wconf 82' lang='lat' dir='ltr'>God</span> 
     </span>
     <span class='ocr_line' id='line_1_6' title="bbox 123 1315 361 1341; baseline 0.004 -2"><span class='ocrx_word' id='word_1_11' title='bbox 123 1315 205 1341; x_wconf 72' lang='lat' dir='ltr'>what</span> <span class='ocrx_word' id='word_1_12' title='bbox 226 1322 271 1340; x_wconf 72' lang='lat' dir='ltr'>wc</span> <span class='ocrx_word' id='word_1_13' title='bbox 292 1321 361 1340; x_wconf 76' lang='lat' dir='ltr'>mav</span> 
     </span>
     <span class='ocr_line' id='line_1_7' title="bbox 143 1345 350 1383; baseline -0.005 -8"><span class='ocrx_word' id='word_1_14' title='bbox 143 1349 295 1383; x_wconf 73' lang='lat' dir='ltr'>predicate</span> <span class='ocrx_word' id='word_1_15' title='bbox 316 1345 350 1375; x_wconf 81' lang='lat' dir='ltr'>of</span> 
     </span>
     <span class='ocr_line' id='line_1_8' title="bbox 117 1383 365 1418; baseline -0.008 -7"><span class='ocrx_word' id='word_1_16' title='bbox 117 1384 174 1411; x_wconf 73' lang='lat' dir='ltr'>His</span> <span class='ocrx_word' id='word_1_17' title='bbox 195 1383 365 1418; x_wconf 73' lang='lat' dir='ltr'>humauity.</span> 
     </span>
    </p>
   </div>
   <div class='ocr_carea' id='block_1_4' title="bbox 112 2016 386 2257">
    <p class='ocr_par' dir='ltr' id='par_1_4' title="bbox 112 2016 386 2257">
     <span class='ocr_line' id='line_1_9' title="bbox 140 2016 350 2051; baseline -0.014 -6"><span class='ocrx_word' id='word_1_18' title='bbox 140 2018 219 2045; x_wconf 76' lang='lat' dir='ltr'>How</span> <span class='ocrx_word' id='word_1_19' title='bbox 242 2016 350 2051; x_wconf 78' lang='lat' dir='ltr'>pcoplc</span> 
     </span>
     <span class='ocr_line' id='line_1_10' title="bbox 140 2052 359 2087; baseline -0.014 -8"><span class='ocrx_word' id='word_1_20' title='bbox 140 2052 359 2087; x_wconf 76' lang='lat' dir='ltr'>misrcprescut</span> 
     </span>
     <span class='ocr_line' id='line_1_11' title="bbox 130 2086 361 2121; baseline -0.004 -8"><span class='ocrx_word' id='word_1_21' title='bbox 130 2088 211 2114; x_wconf 76' lang='lat' dir='ltr'>what</span> <span class='ocrx_word' id='word_1_22' title='bbox 230 2087 300 2121; x_wconf 70' lang='lat' dir='ltr'>they</span> <span class='ocrx_word' id='word_1_23' title='bbox 322 2086 361 2112; x_wconf 79' lang='lat' dir='ltr'>do</span> 
     </span>
     <span class='ocr_line' id='line_1_12' title="bbox 114 2120 384 2149; baseline -0.007 -1"><span class='ocrx_word' id='word_1_24' title='bbox 114 2127 165 2149; x_wconf 78' lang='lat' dir='ltr'>not</span> <span class='ocrx_word' id='word_1_25' title='bbox 184 2120 384 2148; x_wconf 61' lang='lat' dir='ltr'>understand.</span> 
     </span>
     <span class='ocr_line' id='line_1_13' title="bbox 112 2155 386 2191; baseline -0.011 -7"><span class='ocrx_word' id='word_1_26' title='bbox 112 2157 259 2191; x_wconf 79' lang='lat' dir='ltr'>Example</span> <span class='ocrx_word' id='word_1_27' title='bbox 278 2156 312 2182; x_wconf 59' lang='grc' dir='ltr'>οἱ</span> <span class='ocrx_word' id='word_1_28' title='bbox 326 2155 386 2181; x_wconf 78' lang='lat' dir='ltr'>this</span> 
     </span>
     <span class='ocr_line' id='line_1_14' title="bbox 149 2190 350 2218; baseline -0.01 0"><span class='ocrx_word' id='word_1_29' title='bbox 149 2192 178 2218; x_wconf 85' lang='lat' dir='ltr'>in</span> <span class='ocrx_word' id='word_1_30' title='bbox 200 2200 215 2218; x_wconf 84' lang='lat' dir='ltr'>a</span> <span class='ocrx_word' id='word_1_31' title='bbox 237 2190 350 2217; x_wconf 75' lang='lat' dir='ltr'>certain</span> 
     </span>
     <span class='ocr_line' id='line_1_15' title="bbox 200 2226 306 2257; baseline -0.009 -5"><span class='ocrx_word' id='word_1_32' title='bbox 200 2226 306 2257; x_wconf 68' lang='lat' dir='ltr'>monk,</span> 
     </span>
    </p>
   </div>
   <div class='ocr_carea' id='block_1_5' title="bbox 683 264 1700 323">
    <p class='ocr_par' dir='ltr' id='par_1_5' title="bbox 683 264 1700 323">
     <span class='ocr_line' id='line_1_16' title="bbox 683 264 1700 323; baseline -0.008 -12"><span class='ocrx_word' id='word_1_33' title='bbox 683 279 907 312; x_wconf 80' lang='lat' dir='ltr'><strong>JOHANNIS</strong></span> <span class='ocrx_word' id='word_1_34' title='bbox 927 279 1111 311; x_wconf 81' lang='lat' dir='ltr'>WYCLIF</span> <span class='ocrx_word' id='word_1_35' title='bbox 1132 278 1387 310; x_wconf 79' lang='lat' dir='ltr'>SERMONUM</span> <span class='ocrx_word' id='word_1_36' title='bbox 1414 264 1566 323; x_wconf 83' lang='lat' dir='ltr'>[SERMO</span> <span class='ocrx_word' id='word_1_37' title='bbox 1590 274 1700 302; x_wconf 83' lang='lat' dir='ltr'>XXIV.</span> 
     </span>
    </p>
   </div>
   <div class='ocr_carea' id='block_1_6' title="bbox 389 384 1771 2691">
    <p class='ocr_par' dir='ltr' id='par_1_6' title="bbox 389 384 1762 1177">
     <span class='ocr_line' id='line_1_17' title="bbox 389 384 1701 432; baseline -0.004 -8"><span class='ocrx_word' id='word_1_38' title='bbox 389 400 461 424; x_wconf 87' lang='lat' dir='ltr'>nec</span> <span class='ocrx_word' id='word_1_39' title='bbox 492 396 600 424; x_wconf 88' lang='lat' dir='ltr'>caret</span> <span class='ocrx_word' id='word_1_40' title='bbox 623 387 719 422; x_wconf 91' lang='lat' dir='ltr'>illud</span> <span class='ocrx_word' id='word_1_41' title='bbox 750 398 898 422; x_wconf 89' lang='lat' dir='ltr'>nomen</span> <span class='ocrx_word' id='word_1_42' title='bbox 921 385 1065 422; x_wconf 76' lang='lat' dir='ltr'>virtute</span> <span class='ocrx_word' id='word_1_43' title='bbox 1093 398 1249 422; x_wconf 89' lang='lat' dir='ltr'>summe</span> <span class='ocrx_word' id='word_1_44' title='bbox 1278 384 1509 421; x_wconf 81' lang='lat' dir='ltr'>obediencie</span> <span class='ocrx_word' id='word_1_45' title='bbox 1534 396 1701 432; x_wconf 82' lang='lat' dir='ltr'>persone</span> 
     </span>
     <span class='ocr_line' id='line_1_18' title="bbox 390 442 1701 493; baseline -0.005 -11"><span class='ocrx_word' id='word_1_46' title='bbox 390 445 551 491; x_wconf 74' lang='lat' dir='ltr'>Christi,</span> <span class='ocrx_word' id='word_1_47' title='bbox 586 458 669 481; x_wconf 76' lang='lat' dir='ltr'>cum</span> <span class='ocrx_word' id='word_1_48' title='bbox 703 445 739 479; x_wconf 85' lang='lat' dir='ltr'>in</span> <span class='ocrx_word' id='word_1_49' title='bbox 773 444 922 479; x_wconf 81' lang='lat' dir='ltr'>nomine</span> <span class='ocrx_word' id='word_1_50' title='bbox 943 444 1032 479; x_wconf 77' lang='lat' dir='ltr'>Jeszt</span> <span class='ocrx_word' id='word_1_51' title='bbox 1066 444 1188 479; x_wconf 80' lang='lat' dir='ltr'>omnis</span> <span class='ocrx_word' id='word_1_52' title='bbox 1207 451 1379 492; x_wconf 77' lang='lat' dir='ltr'>potestas</span> <span class='ocrx_word' id='word_1_53' title='bbox 1392 442 1582 493; x_wconf 77' lang='lat' dir='ltr'>flexibilis</span> <span class='ocrx_word' id='word_1_54' title='bbox 1604 449 1701 477; x_wconf 78' lang='lat' dir='ltr'>tam-</span> 
     </span>
     <span class='ocr_line' id='line_1_19' title="bbox 389 500 1700 554; baseline -0.003 -15"><span class='ocrx_word' id='word_1_55' title='bbox 389 516 503 552; x_wconf 76' lang='lat' dir='ltr'>quam</span> <span class='ocrx_word' id='word_1_56' title='bbox 537 516 638 554; x_wconf 64' lang='lat' dir='ltr'>genu</span> <span class='ocrx_word' id='word_1_57' title='bbox 672 503 842 538; x_wconf 71' lang='lat' dir='ltr'>obediat:</span> <span class='ocrx_word' id='word_1_58' title='bbox 874 502 1066 537; x_wconf 78' lang='lat' dir='ltr'>celestium</span> <span class='ocrx_word' id='word_1_59' title='bbox 1091 514 1166 549; x_wconf 90' lang='lat' dir='ltr'>que</span> <span class='ocrx_word' id='word_1_60' title='bbox 1200 500 1392 549; x_wconf 84' lang='lat' dir='ltr'>implevit,</span> <span class='ocrx_word' id='word_1_61' title='bbox 1428 500 1561 536; x_wconf 79' lang='lat' dir='ltr'>mzmdi</span> <span class='ocrx_word' id='word_1_62' title='bbox 1583 512 1700 548; x_wconf 87' lang='lat' dir='ltr'>quem</span> 
     </span>
     <span class='ocr_line' id='line_1_20' title="bbox 390 558 1702 609; baseline -0.003 -12"><span class='ocrx_word' id='word_1_63' title='bbox 390 561 572 606; x_wconf 77' lang='lat' dir='ltr'>redemit,</span> <span class='ocrx_word' id='word_1_64' title='bbox 619 569 653 597; x_wconf 83' lang='lat' dir='ltr'>et</span> <span class='ocrx_word' id='word_1_65' title='bbox 697 560 842 609; x_wconf 72' lang='lat' dir='ltr'>inferni</span> <span class='ocrx_word' id='word_1_66' title='bbox 883 572 1000 608; x_wconf 89' lang='lat' dir='ltr'>quem</span> <span class='ocrx_word' id='word_1_67' title='bbox 1048 558 1252 607; x_wconf 80' lang='lat' dir='ltr'>spoliavit3</span> <span class='ocrx_word' id='word_1_68' title='bbox 1298 560 1405 607; x_wconf 91' lang='lat' dir='ltr'>quod</span> <span class='ocrx_word' id='word_1_69' title='bbox 1451 559 1599 594; x_wconf 87' lang='lat' dir='ltr'>factum</span> <span class='ocrx_word' id='word_1_70' title='bbox 1646 566 1702 593; x_wconf 87' lang='lat' dir='ltr'>est</span> 
     </span>
     <span class='ocr_line' id='line_1_21' title="bbox 390 616 1736 668; baseline -0.004 -13"><span class='ocrx_word' id='word_1_71' title='bbox 390 628 479 668; x_wconf 87' lang='lat' dir='ltr'>post</span> <span class='ocrx_word' id='word_1_72' title='bbox 503 618 648 655; x_wconf 82' lang='lat' dir='ltr'>Christi</span> <span class='ocrx_word' id='word_1_73' title='bbox 682 617 970 654; x_wconf 77' lang='lat' dir='ltr'>ascensionem.</span> <span class='ocrx_word' id='word_1_74' title='bbox 1006 619 1053 653; x_wconf 82' lang='lat' dir='ltr'>Et</span> <span class='ocrx_word' id='word_1_75' title='bbox 1077 616 1132 653; x_wconf 88' lang='lat' dir='ltr'>ita</span> <span class='ocrx_word' id='word_1_76' title='bbox 1165 624 1315 666; x_wconf 81' lang='lat' dir='ltr'>oportet</span> <span class='ocrx_word' id='word_1_77' title='bbox 1348 624 1386 652; x_wconf 83' lang='lat' dir='ltr'>ut</span> <span class='ocrx_word' id='word_1_78' title='bbox 1415 616 1537 652; x_wconf 75' lang='lat' dir='ltr'>omnis</span> <span class='ocrx_word' id='word_1_79' title='bbox 1569 616 1736 665; x_wconf 71' lang='lat' dir='ltr'>linguaS</span> 
     </span>
     <span class='ocr_line' id='line_1_22' title="bbox 389 674 1703 727; baseline -0.002 -15"><span class='ocrx_word' id='word_1_80' title='bbox 389 678 627 727; x_wconf 70' lang='lat' dir='ltr'>cotfiteatztr‚</span> <span class='ocrx_word' id='word_1_81' title='bbox 666 689 747 712; x_wconf 90' lang='lat' dir='ltr'>non</span> <span class='ocrx_word' id='word_1_82' title='bbox 780 677 920 721; x_wconf 85' lang='lat' dir='ltr'>Ebrea‚</span> <span class='ocrx_word' id='word_1_83' title='bbox 955 676 1081 711; x_wconf 86' lang='lat' dir='ltr'>Greca</span> <span class='ocrx_word' id='word_1_84' title='bbox 1114 683 1150 710; x_wconf 89' lang='lat' dir='ltr'>et</span> <span class='ocrx_word' id='word_1_85' title='bbox 1185 674 1325 711; x_wconf 88' lang='lat' dir='ltr'>Latina</span> <span class='ocrx_word' id='word_1_86' title='bbox 1364 676 1432 711; x_wconf 88' lang='lat' dir='ltr'>sed</span> <span class='ocrx_word' id='word_1_87' title='bbox 1466 685 1703 723; x_wconf 84' lang='lat' dir='ltr'>quecunque</span> 
     </span>
     <span class='ocr_line' id='line_1_23' title="bbox 391 732 1702 782; baseline -0.004 -11"><span class='ocrx_word' id='word_1_88' title='bbox 391 735 469 772; x_wconf 82' lang='lat' dir='ltr'>alia</span> <span class='ocrx_word' id='word_1_89' title='bbox 509 736 693 779; x_wconf 85' lang='lat' dir='ltr'>barbara,</span> <span class='ocrx_word' id='word_1_90' title='bbox 734 734 819 782; x_wconf 73' lang='lat' dir='ltr'>quia</span> <span class='ocrx_word' id='word_1_91' title='bbox 861 733 1036 769; x_wconf 81' lang='lat' dir='ltr'>dominus</span> <span class='ocrx_word' id='word_1_92' title='bbox 1080 740 1211 768; x_wconf 79' lang='lat' dir='ltr'>noster</span> <span class='ocrx_word' id='word_1_93' title='bbox 1240 733 1350 769; x_wconf 81' lang='lat' dir='ltr'>Jesus</span> <span class='ocrx_word' id='word_1_94' title='bbox 1394 739 1449 768; x_wconf 80' lang='lat' dir='ltr'>est</span> <span class='ocrx_word' id='word_1_95' title='bbox 1489 732 1524 768; x_wconf 86' lang='lat' dir='ltr'>in</span> <span class='ocrx_word' id='word_1_96' title='bbox 1570 732 1702 767; x_wconf 79' lang='lat' dir='ltr'>eadem</span> 
     </span>
     <span class='ocr_line' id='line_1_24' title="bbox 389 789 1702 843; baseline -0.002 -15"><span class='ocrx_word' id='word_1_97' title='bbox 389 793 519 843; x_wconf 70' lang='lat' dir='ltr'>gloria</span> <span class='ocrx_word' id='word_1_98' title='bbox 560 792 636 828; x_wconf 75' lang='lat' dir='ltr'>Dei</span> <span class='ocrx_word' id='word_1_99' title='bbox 665 792 808 841; x_wconf 72' lang='lat' dir='ltr'>patris,</span> <span class='ocrx_word' id='word_1_100' title='bbox 848 804 937 828; x_wconf 87' lang='lat' dir='ltr'>cum</span> <span class='ocrx_word' id='word_1_101' title='bbox 980 790 1207 826; x_wconf 88' lang='lat' dir='ltr'>humanitas</span> <span class='ocrx_word' id='word_1_102' title='bbox 1248 799 1456 838; x_wconf 88' lang='lat' dir='ltr'>assumpta</span> <span class='ocrx_word' id='word_1_103' title='bbox 1495 789 1544 826; x_wconf 89' lang='lat' dir='ltr'>sit</span> <span class='ocrx_word' id='word_1_104' title='bbox 1582 790 1702 826; x_wconf 87' lang='lat' dir='ltr'>verbo</span> 
     </span>
     <span class='ocr_line' id='line_1_25' title="bbox 391 847 1704 897; baseline -0.002 -11"><span class='ocrx_word' id='word_1_105' title='bbox 391 851 462 887; x_wconf 87' lang='lat' dir='ltr'>Dei</span> <span class='ocrx_word' id='word_1_106' title='bbox 495 850 673 886; x_wconf 86' lang='lat' dir='ltr'>eiusdem</span> <span class='ocrx_word' id='word_1_107' title='bbox 706 858 848 886; x_wconf 89' lang='lat' dir='ltr'>nature</span> <span class='ocrx_word' id='word_1_108' title='bbox 882 862 970 885; x_wconf 90' lang='lat' dir='ltr'>cum</span> <span class='ocrx_word' id='word_1_109' title='bbox 1006 857 1120 897; x_wconf 85' lang='lat' dir='ltr'>patre</span> <span class='ocrx_word' id='word_1_110' title='bbox 1152 847 1374 896; x_wconf 89' lang='lat' dir='ltr'>ypostatice</span> <span class='ocrx_word' id='word_1_111' title='bbox 1408 848 1607 896; x_wconf 87' lang='lat' dir='ltr'>copulata.</span> <span class='ocrx_word' id='word_1_112' title='bbox 1654 848 1704 882; x_wconf 84' lang='lat' dir='ltr'>Et</span> 
     </span>
     <span class='ocr_line' id='line_1_26' title="bbox 392 904 1762 955; baseline -0.004 -11"><span class='ocrx_word' id='word_1_113' title='bbox 392 910 466 944; x_wconf 85' lang='lat' dir='ltr'>hoc</span> <span class='ocrx_word' id='word_1_114' title='bbox 513 908 695 955; x_wconf 68' lang='lat' dir='ltr'>figuravit</span> <span class='ocrx_word' id='word_1_115' title='bbox 741 907 939 955; x_wconf 85' lang='lat' dir='ltr'>scriptura</span> <span class='ocrx_word' id='word_1_116' title='bbox 986 919 1105 955; x_wconf 89' lang='lat' dir='ltr'>quam</span> <span class='ocrx_word' id='word_1_117' title='bbox 1151 906 1310 954; x_wconf 87' lang='lat' dir='ltr'>scripsit</span> <span class='ocrx_word' id='word_1_118' title='bbox 1350 905 1500 942; x_wconf 83' lang='lat' dir='ltr'>Pilatus</span> <span class='ocrx_word' id='word_1_119' title='bbox 1544 905 1584 940; x_wconf 91' lang='lat' dir='ltr'>in</span> <span class='ocrx_word' id='word_1_120' title='bbox 1628 904 1703 940; x_wconf 88' lang='lat' dir='ltr'>hiis</span> <span class='ocrx_word' id='word_1_121' title='bbox 1724 916 1762 938; x_wconf 93' lang='lat'>10</span> 
     </span>
     <span class='ocr_line' id='line_1_27' title="bbox 390 962 1705 1014; baseline -0.003 -12"><span class='ocrx_word' id='word_1_122' title='bbox 390 966 516 1002; x_wconf 87' lang='lat' dir='ltr'>tribus</span> <span class='ocrx_word' id='word_1_123' title='bbox 546 966 690 1014; x_wconf 76' lang='lat' dir='ltr'>linguis</span> <span class='ocrx_word' id='word_1_124' title='bbox 720 978 838 1013; x_wconf 90' lang='lat' dir='ltr'>super</span> <span class='ocrx_word' id='word_1_125' title='bbox 862 977 1019 1001; x_wconf 89' lang='lat' dir='ltr'>crucem</span> <span class='ocrx_word' id='word_1_126' title='bbox 1045 963 1194 1000; x_wconf 85' lang='lat' dir='ltr'>Christi</span> <span class='ocrx_word' id='word_1_127' title='bbox 1222 963 1262 1000; x_wconf 90' lang='lat' dir='ltr'>in</span> <span class='ocrx_word' id='word_1_128' title='bbox 1291 963 1476 1012; x_wconf 85' lang='lat' dir='ltr'>passione</span> <span class='ocrx_word' id='word_1_129' title='bbox 1508 976 1530 999; x_wconf 90' lang='lat' dir='ltr'>a</span> <span class='ocrx_word' id='word_1_130' title='bbox 1553 962 1705 1010; x_wconf 89' lang='lat' dir='ltr'>Spiritu</span> 
     </span>
     <span class='ocr_line' id='line_1_28' title="bbox 392 1020 1702 1072; baseline -0.002 -12"><span class='ocrx_word' id='word_1_131' title='bbox 392 1026 540 1060; x_wconf 83' lang='lat' dir='ltr'>Sancto</span> <span class='ocrx_word' id='word_1_132' title='bbox 577 1023 734 1060; x_wconf 87' lang='lat' dir='ltr'>nescius</span> <span class='ocrx_word' id='word_1_133' title='bbox 774 1023 965 1071; x_wconf 78' lang='lat' dir='ltr'>agitatus:</span> <span class='ocrx_word' id='word_1_134' title='bbox 1012 1023 1139 1072; x_wconf 78' lang='lat' dir='ltr'>Quod,</span> <span class='ocrx_word' id='word_1_135' title='bbox 1178 1021 1321 1070; x_wconf 77' lang='lat' dir='ltr'>inquit,</span> <span class='ocrx_word' id='word_1_136' title='bbox 1360 1021 1510 1070; x_wconf 74' lang='lat' dir='ltr'>scripsi,</span> <span class='ocrx_word' id='word_1_137' title='bbox 1551 1020 1702 1069; x_wconf 80' lang='lat' dir='ltr'>scripsi.</span> 
     </span>
     <span class='ocr_line' id='line_1_29' title="bbox 392 1078 1703 1129; baseline -0.003 -11"><span class='ocrx_word' id='word_1_138' title='bbox 392 1085 439 1118; x_wconf 83' lang='lat' dir='ltr'>Et</span> <span class='ocrx_word' id='word_1_139' title='bbox 463 1082 502 1118; x_wconf 89' lang='lat' dir='ltr'>in</span> <span class='ocrx_word' id='word_1_140' title='bbox 527 1082 601 1118; x_wconf 80' lang='lat' dir='ltr'>hiis</span> <span class='ocrx_word' id='word_1_141' title='bbox 625 1082 751 1118; x_wconf 88' lang='lat' dir='ltr'>tribus</span> <span class='ocrx_word' id='word_1_142' title='bbox 775 1081 919 1129; x_wconf 78' lang='lat' dir='ltr'>linguis</span> <span class='ocrx_word' id='word_1_143' title='bbox 942 1080 1176 1128; x_wconf 80' lang='lat' dir='ltr'>intelligitur</span> <span class='ocrx_word' id='word_1_144' title='bbox 1199 1092 1318 1116; x_wconf 89' lang='lat' dir='ltr'>omne</span> <span class='ocrx_word' id='word_1_145' title='bbox 1348 1092 1470 1127; x_wconf 83' lang='lat' dir='ltr'>genus</span> <span class='ocrx_word' id='word_1_146' title='bbox 1494 1078 1703 1115; x_wconf 87' lang='lat' dir='ltr'>hominurn</span> 
     </span>
     <span class='ocr_line' id='line_1_30' title="bbox 392 1141 690 1177; baseline -0.003 -1"><span class='ocrx_word' id='word_1_147' title='bbox 392 1141 690 1177; x_wconf 81' lang='lat' dir='ltr'>salvandorum.</span> 
     </span>
    </p>

    <p class='ocr_par' dir='ltr' id='par_1_7' title="bbox 393 1193 1771 2691">
     <span class='ocr_line' id='line_1_31' title="bbox 451 1193 1760 1242; baseline -0.005 -8"><span class='ocrx_word' id='word_1_148' title='bbox 451 1201 497 1234; x_wconf 85' lang='lat' dir='ltr'>Et</span> <span class='ocrx_word' id='word_1_149' title='bbox 538 1198 577 1234; x_wconf 94' lang='lat' dir='ltr'>in</span> <span class='ocrx_word' id='word_1_150' title='bbox 614 1198 689 1234; x_wconf 88' lang='lat' dir='ltr'>ista</span> <span class='ocrx_word' id='word_1_151' title='bbox 728 1197 897 1233; x_wconf 83' lang='lat' dir='ltr'>materia</span> <span class='ocrx_word' id='word_1_152' title='bbox 931 1198 977 1233; x_wconf 92' lang='lat' dir='ltr'>de</span> <span class='ocrx_word' id='word_1_153' title='bbox 1016 1195 1298 1232; x_wconf 86' lang='lat' dir='ltr'>incarnacione</span> <span class='ocrx_word' id='word_1_154' title='bbox 1337 1203 1496 1242; x_wconf 85' lang='lat' dir='ltr'>oportet</span> <span class='ocrx_word' id='word_1_155' title='bbox 1529 1193 1701 1241; x_wconf 80' lang='lat' dir='ltr'>logicum</span> <span class='ocrx_word' id='word_1_156' title='bbox 1725 1194 1760 1227; x_wconf 81' lang='lat'>15</span> 
     </span>
     <span class='ocr_line' id='line_1_32' title="bbox 393 1251 1703 1304; baseline -0.004 -12"><span class='ocrx_word' id='word_1_157' title='bbox 393 1266 533 1292; x_wconf 84' lang='lat' dir='ltr'>notare</span> <span class='ocrx_word' id='word_1_158' title='bbox 567 1256 661 1304; x_wconf 89' lang='lat' dir='ltr'>quid</span> <span class='ocrx_word' id='word_1_159' title='bbox 696 1255 884 1291; x_wconf 76' lang='lat' dir='ltr'>divinitus</span> <span class='ocrx_word' id='word_1_160' title='bbox 918 1264 954 1290; x_wconf 91' lang='lat' dir='ltr'>et</span> <span class='ocrx_word' id='word_1_161' title='bbox 978 1254 1073 1302; x_wconf 89' lang='lat' dir='ltr'>quid</span> <span class='ocrx_word' id='word_1_162' title='bbox 1106 1253 1337 1289; x_wconf 82' lang='lat' dir='ltr'>humanitus</span> <span class='ocrx_word' id='word_1_163' title='bbox 1371 1261 1428 1288; x_wconf 86' lang='lat' dir='ltr'>est</span> <span class='ocrx_word' id='word_1_164' title='bbox 1461 1251 1500 1287; x_wconf 89' lang='lat' dir='ltr'>in</span> <span class='ocrx_word' id='word_1_165' title='bbox 1530 1251 1703 1295; x_wconf 87' lang='lat' dir='ltr'>Christo,</span> 
     </span>
     <span class='ocr_line' id='line_1_33' title="bbox 395 1309 1705 1362; baseline -0.005 -12"><span class='ocrx_word' id='word_1_166' title='bbox 395 1324 431 1350; x_wconf 86' lang='lat' dir='ltr'>et</span> <span class='ocrx_word' id='word_1_167' title='bbox 474 1315 680 1362; x_wconf 90' lang='lat' dir='ltr'>quomodo</span> <span class='ocrx_word' id='word_1_168' title='bbox 723 1313 1012 1361; x_wconf 85' lang='lat' dir='ltr'>reduplicativa</span> <span class='ocrx_word' id='word_1_169' title='bbox 1055 1311 1208 1360; x_wconf 87' lang='lat' dir='ltr'>posicio</span> <span class='ocrx_word' id='word_1_170' title='bbox 1253 1309 1532 1358; x_wconf 85' lang='lat' dir='ltr'>multiplicitur</span> <span class='ocrx_word' id='word_1_171' title='bbox 1574 1318 1705 1357; x_wconf 87' lang='lat' dir='ltr'>potest</span> 
     </span>
     <span class='ocr_line' id='line_1_34' title="bbox 395 1367 1704 1419; baseline -0.005 -11"><span class='ocrx_word' id='word_1_172' title='bbox 395 1371 575 1419; x_wconf 78' lang='lat' dir='ltr'>intelligi,</span> <span class='ocrx_word' id='word_1_173' title='bbox 616 1381 658 1407; x_wconf 86' lang='lat' dir='ltr'>ut</span> <span class='ocrx_word' id='word_1_174' title='bbox 696 1371 789 1407; x_wconf 89' lang='lat' dir='ltr'>licet</span> <span class='ocrx_word' id='word_1_175' title='bbox 822 1371 948 1407; x_wconf 84' lang='lat' dir='ltr'>deitas</span> <span class='ocrx_word' id='word_1_176' title='bbox 982 1369 1130 1407; x_wconf 86' lang='lat' dir='ltr'>Christi</span> <span class='ocrx_word' id='word_1_177' title='bbox 1168 1368 1240 1405; x_wconf 86' lang='lat' dir='ltr'>fuit</span> <span class='ocrx_word' id='word_1_178' title='bbox 1274 1381 1393 1405; x_wconf 88' lang='lat' dir='ltr'>causa</span> <span class='ocrx_word' id='word_1_179' title='bbox 1432 1367 1704 1415; x_wconf 88' lang='lat' dir='ltr'>cuiuscunque</span> 
     </span>
     <span class='ocr_line' id='line_1_35' title="bbox 394 1426 1706 1478; baseline -0.005 -12"><span class='ocrx_word' id='word_1_180' title='bbox 394 1429 686 1478; x_wconf 81' lang='lat' dir='ltr'>predicacionis</span> <span class='ocrx_word' id='word_1_181' title='bbox 732 1427 997 1476; x_wconf 85' lang='lat' dir='ltr'>competentis</span> <span class='ocrx_word' id='word_1_182' title='bbox 1042 1427 1115 1463; x_wconf 86' lang='lat' dir='ltr'>sibi</span> <span class='ocrx_word' id='word_1_183' title='bbox 1161 1426 1406 1469; x_wconf 79' lang='lat' dir='ltr'>humanitus,</span> <span class='ocrx_word' id='word_1_184' title='bbox 1451 1438 1532 1461; x_wconf 91' lang='lat' dir='ltr'>non</span> <span class='ocrx_word' id='word_1_185' title='bbox 1570 1434 1706 1461; x_wconf 87' lang='lat' dir='ltr'>tamen</span> 
     </span>
     <span class='ocr_line' id='line_1_36' title="bbox 396 1483 1764 1535; baseline -0.005 -11"><span class='ocrx_word' id='word_1_186' title='bbox 396 1488 629 1524; x_wconf 86' lang='lat' dir='ltr'>conceditur</span> <span class='ocrx_word' id='word_1_187' title='bbox 663 1488 770 1535; x_wconf 90' lang='lat' dir='ltr'>quod</span> <span class='ocrx_word' id='word_1_188' title='bbox 803 1487 1020 1522; x_wconf 87' lang='lat' dir='ltr'>secundum</span> <span class='ocrx_word' id='word_1_189' title='bbox 1057 1485 1304 1521; x_wconf 88' lang='lat' dir='ltr'>divinitatem</span> <span class='ocrx_word' id='word_1_190' title='bbox 1338 1484 1398 1520; x_wconf 90' lang='lat' dir='ltr'>vel</span> <span class='ocrx_word' id='word_1_191' title='bbox 1437 1483 1477 1519; x_wconf 88' lang='lat' dir='ltr'>in</span> <span class='ocrx_word' id='word_1_192' title='bbox 1511 1491 1704 1531; x_wconf 88' lang='lat' dir='ltr'>quantum</span> <span class='ocrx_word' id='word_1_193' title='bbox 1722 1494 1764 1516; x_wconf 87' lang='lat'>20</span> 
     </span>
     <span class='ocr_line' id='line_1_37' title="bbox 396 1541 1706 1592; baseline -0.005 -10"><span class='ocrx_word' id='word_1_194' title='bbox 396 1548 501 1582; x_wconf 89' lang='lat' dir='ltr'>Deus</span> <span class='ocrx_word' id='word_1_195' title='bbox 541 1546 660 1582; x_wconf 87' lang='lat' dir='ltr'>habet</span> <span class='ocrx_word' id='word_1_196' title='bbox 691 1546 790 1581; x_wconf 84' lang='lat' dir='ltr'>tales</span> <span class='ocrx_word' id='word_1_197' title='bbox 828 1543 1130 1592; x_wconf 88' lang='lat' dir='ltr'>predicaciones</span> <span class='ocrx_word' id='word_1_198' title='bbox 1163 1544 1373 1587; x_wconf 60' lang='lat' dir='ltr'>humanam,</span> <span class='ocrx_word' id='word_1_199' title='bbox 1407 1541 1500 1590; x_wconf 89' lang='lat' dir='ltr'>quia</span> <span class='ocrx_word' id='word_1_200' title='bbox 1532 1550 1627 1577; x_wconf 88' lang='lat' dir='ltr'>tunc</span> <span class='ocrx_word' id='word_1_201' title='bbox 1660 1553 1706 1576; x_wconf 94' lang='lat' dir='ltr'>eo</span> 
     </span>
     <span class='ocr_line' id='line_1_38' title="bbox 396 1598 1707 1652; baseline -0.005 -12"><span class='ocrx_word' id='word_1_202' title='bbox 396 1604 483 1652; x_wconf 88' lang='lat' dir='ltr'>ipso</span> <span class='ocrx_word' id='word_1_203' title='bbox 522 1604 628 1651; x_wconf 89' lang='lat' dir='ltr'>quod</span> <span class='ocrx_word' id='word_1_204' title='bbox 669 1602 803 1651; x_wconf 88' lang='lat' dir='ltr'>aliqua</span> <span class='ocrx_word' id='word_1_205' title='bbox 842 1614 1013 1650; x_wconf 85' lang='lat' dir='ltr'>persona</span> <span class='ocrx_word' id='word_1_206' title='bbox 1052 1610 1110 1637; x_wconf 88' lang='lat' dir='ltr'>est</span> <span class='ocrx_word' id='word_1_207' title='bbox 1143 1603 1248 1637; x_wconf 90' lang='lat' dir='ltr'>Deus</span> <span class='ocrx_word' id='word_1_208' title='bbox 1281 1609 1338 1636; x_wconf 92' lang='lat' dir='ltr'>est</span> <span class='ocrx_word' id='word_1_209' title='bbox 1372 1612 1495 1647; x_wconf 85' lang='lat' dir='ltr'>capax</span> <span class='ocrx_word' id='word_1_210' title='bbox 1527 1598 1707 1647; x_wconf 90' lang='lat' dir='ltr'>predica-</span> 
     </span>
     <span class='ocr_line' id='line_1_39' title="bbox 398 1656 1707 1705; baseline -0.004 -8"><span class='ocrx_word' id='word_1_211' title='bbox 398 1662 558 1698; x_wconf 91' lang='lat' dir='ltr'>cionum</span> <span class='ocrx_word' id='word_1_212' title='bbox 605 1660 836 1697; x_wconf 88' lang='lat' dir='ltr'>huiusmodi</span> <span class='ocrx_word' id='word_1_213' title='bbox 879 1660 939 1696; x_wconf 91' lang='lat' dir='ltr'>vel</span> <span class='ocrx_word' id='word_1_214' title='bbox 984 1660 1220 1703; x_wconf 88' lang='lat' dir='ltr'>formarum,</span> <span class='ocrx_word' id='word_1_215' title='bbox 1265 1666 1574 1705; x_wconf 85' lang='lat' dir='ltr'>verumptamen</span> <span class='ocrx_word' id='word_1_216' title='bbox 1614 1656 1707 1705; x_wconf 89' lang='lat' dir='ltr'>quia</span> 
     </span>
     <span class='ocr_line' id='line_1_40' title="bbox 398 1708 1709 1766; baseline -0.005 -10"><span class='ocrx_word' id='word_1_217' title='bbox 398 1719 639 1756; x_wconf 87' lang='lat' dir='ltr'>humanitati</span> <span class='ocrx_word' id='word_1_218' title='bbox 690 1731 758 1755; x_wconf 90' lang='lat' dir='ltr'>sue</span> <span class='ocrx_word' id='word_1_219' title='bbox 814 1727 981 1766; x_wconf 87' lang='lat' dir='ltr'>possunt</span> <span class='ocrx_word' id='word_1_220' title='bbox 1029 1716 1331 1765; x_wconf 87' lang='lat' dir='ltr'>predicaciones</span> <span class='ocrx_word' id='word_1_221' title='bbox 1376 1708 1506 1751; x_wconf 85' lang='lat' dir='ltr'>divine</span> <span class='ocrx_word' id='word_1_222' title='bbox 1551 1727 1594 1751; x_wconf 89' lang='lat' dir='ltr'>ex</span> <span class='ocrx_word' id='word_1_223' title='bbox 1639 1726 1709 1750; x_wconf 86' lang='lat' dir='ltr'>sua</span> 
     </span>
     <span class='ocr_line' id='line_1_41' title="bbox 399 1772 1766 1824; baseline -0.006 -10"><span class='ocrx_word' id='word_1_224' title='bbox 399 1778 604 1814; x_wconf 69' lang='lat' dir='ltr'>divinitate</span> <span class='ocrx_word' id='word_1_225' title='bbox 644 1785 885 1824; x_wconf 84' lang='lat' dir='ltr'>competere.</span> <span class='ocrx_word' id='word_1_226' title='bbox 937 1776 1171 1811; x_wconf 89' lang='lat' dir='ltr'>Concedunt</span> <span class='ocrx_word' id='word_1_227' title='bbox 1211 1773 1372 1822; x_wconf 90' lang='lat' dir='ltr'>quidem</span> <span class='ocrx_word' id='word_1_228' title='bbox 1407 1774 1515 1821; x_wconf 91' lang='lat' dir='ltr'>quod</span> <span class='ocrx_word' id='word_1_229' title='bbox 1549 1772 1708 1808; x_wconf 82' lang='lat' dir='ltr'>Christo</span> <span class='ocrx_word' id='word_1_230' title='bbox 1727 1773 1766 1804; x_wconf 82' lang='lat'>25</span> 
     </span>
     <span class='ocr_line' id='line_1_42' title="bbox 400 1831 1708 1880; baseline -0.005 -9"><span class='ocrx_word' id='word_1_231' title='bbox 400 1838 592 1872; x_wconf 88' lang='lat' dir='ltr'>donatum</span> <span class='ocrx_word' id='word_1_232' title='bbox 646 1844 702 1871; x_wconf 90' lang='lat' dir='ltr'>est</span> <span class='ocrx_word' id='word_1_233' title='bbox 756 1846 904 1870; x_wconf 88' lang='lat' dir='ltr'>nomen</span> <span class='ocrx_word' id='word_1_234' title='bbox 955 1834 1148 1869; x_wconf 79' lang='lat' dir='ltr'>excellens</span> <span class='ocrx_word' id='word_1_235' title='bbox 1202 1831 1422 1880; x_wconf 86' lang='lat' dir='ltr'>quamlibet</span> <span class='ocrx_word' id='word_1_236' title='bbox 1468 1839 1708 1874; x_wconf 77' lang='lat' dir='ltr'>creaturam,</span> 
     </span>
     <span class='ocr_line' id='line_1_43' title="bbox 400 1887 1710 1942; baseline -0.005 -13"><span class='ocrx_word' id='word_1_237' title='bbox 400 1894 494 1942; x_wconf 90' lang='lat' dir='ltr'>quia</span> <span class='ocrx_word' id='word_1_238' title='bbox 528 1892 583 1928; x_wconf 88' lang='lat' dir='ltr'>illi</span> <span class='ocrx_word' id='word_1_239' title='bbox 617 1892 770 1929; x_wconf 89' lang='lat' dir='ltr'>homini</span> <span class='ocrx_word' id='word_1_240' title='bbox 804 1904 846 1927; x_wconf 82' lang='lat' dir='ltr'>ex</span> <span class='ocrx_word' id='word_1_241' title='bbox 869 1891 1017 1927; x_wconf 87' lang='lat' dir='ltr'>unione</span> <span class='ocrx_word' id='word_1_242' title='bbox 1040 1889 1264 1938; x_wconf 85' lang='lat' dir='ltr'>ypostatica</span> <span class='ocrx_word' id='word_1_243' title='bbox 1297 1897 1427 1936; x_wconf 90' lang='lat' dir='ltr'>potest</span> <span class='ocrx_word' id='word_1_244' title='bbox 1456 1887 1710 1935; x_wconf 80' lang='lat' dir='ltr'>singulariter</span> 
     </span>
     <span class='ocr_line' id='line_1_44' title="bbox 400 1946 1711 1997; baseline -0.005 -10"><span class='ocrx_word' id='word_1_245' title='bbox 400 1952 477 1987; x_wconf 88' lang='lat' dir='ltr'>tale</span> <span class='ocrx_word' id='word_1_246' title='bbox 528 1962 675 1987; x_wconf 88' lang='lat' dir='ltr'>nomen</span> <span class='ocrx_word' id='word_1_247' title='bbox 727 1958 968 1997; x_wconf 81' lang='lat' dir='ltr'>competere,</span> <span class='ocrx_word' id='word_1_248' title='bbox 1021 1957 1057 1984; x_wconf 87' lang='lat' dir='ltr'>et</span> <span class='ocrx_word' id='word_1_249' title='bbox 1109 1947 1310 1984; x_wconf 86' lang='lat' dir='ltr'>mediante</span> <span class='ocrx_word' id='word_1_250' title='bbox 1363 1946 1521 1982; x_wconf 90' lang='lat' dir='ltr'>Christo</span> <span class='ocrx_word' id='word_1_251' title='bbox 1578 1953 1711 1994; x_wconf 88' lang='lat' dir='ltr'>potest</span> 
     </span>
     <span class='ocr_line' id='line_1_45' title="bbox 400 2004 1711 2057; baseline -0.005 -12"><span class='ocrx_word' id='word_1_252' title='bbox 400 2008 664 2057; x_wconf 83' lang='lat' dir='ltr'>participacio</span> <span class='ocrx_word' id='word_1_253' title='bbox 703 2007 793 2043; x_wconf 83' lang='lat' dir='ltr'>talis</span> <span class='ocrx_word' id='word_1_254' title='bbox 831 2006 1005 2043; x_wconf 90' lang='lat' dir='ltr'>nominis</span> <span class='ocrx_word' id='word_1_255' title='bbox 1046 2007 1095 2042; x_wconf 87' lang='lat' dir='ltr'>ad</span> <span class='ocrx_word' id='word_1_256' title='bbox 1136 2005 1234 2042; x_wconf 90' lang='lat' dir='ltr'>alios</span> <span class='ocrx_word' id='word_1_257' title='bbox 1273 2004 1456 2040; x_wconf 86' lang='lat' dir='ltr'>derivari.</span> <span class='ocrx_word' id='word_1_258' title='bbox 1510 2006 1557 2039; x_wconf 82' lang='lat' dir='ltr'>Et</span> <span class='ocrx_word' id='word_1_259' title='bbox 1602 2012 1711 2051; x_wconf 89' lang='lat' dir='ltr'>patet</span> 
     </span>
     <span class='ocr_line' id='line_1_46' title="bbox 402 2061 1768 2115; baseline -0.005 -12"><span class='ocrx_word' id='word_1_260' title='bbox 402 2080 521 2115; x_wconf 87' lang='lat' dir='ltr'>quam</span> <span class='ocrx_word' id='word_1_261' title='bbox 563 2065 752 2114; x_wconf 87' lang='lat' dir='ltr'>equivoce</span> <span class='ocrx_word' id='word_1_262' title='bbox 793 2074 828 2101; x_wconf 88' lang='lat' dir='ltr'>et</span> <span class='ocrx_word' id='word_1_263' title='bbox 862 2064 1032 2112; x_wconf 84' lang='lat' dir='ltr'>turpiter</span> <span class='ocrx_word' id='word_1_264' title='bbox 1064 2065 1249 2100; x_wconf 86' lang='lat' dir='ltr'>laborant</span> <span class='ocrx_word' id='word_1_265' title='bbox 1280 2062 1414 2110; x_wconf 87' lang='lat' dir='ltr'>ydiote</span> <span class='ocrx_word' id='word_1_266' title='bbox 1447 2061 1513 2110; x_wconf 91' lang='lat' dir='ltr'>qui</span> <span class='ocrx_word' id='word_1_267' title='bbox 1546 2061 1585 2097; x_wconf 92' lang='lat' dir='ltr'>in</span> <span class='ocrx_word' id='word_1_268' title='bbox 1619 2062 1711 2097; x_wconf 89' lang='lat' dir='ltr'>doc-</span> <span class='ocrx_word' id='word_1_269' title='bbox 1728 2061 1768 2093; x_wconf 86' lang='lat'>30</span> 
     </span>
     <span class='ocr_line' id='line_1_47' title="bbox 401 2120 1712 2168; baseline -0.005 -8"><span class='ocrx_word' id='word_1_270' title='bbox 401 2134 534 2161; x_wconf 89' lang='lat' dir='ltr'>torum</span> <span class='ocrx_word' id='word_1_271' title='bbox 575 2123 761 2160; x_wconf 86' lang='lat' dir='ltr'>absencia</span> <span class='ocrx_word' id='word_1_272' title='bbox 802 2124 988 2159; x_wconf 89' lang='lat' dir='ltr'>mordent</span> <span class='ocrx_word' id='word_1_273' title='bbox 1026 2131 1068 2158; x_wconf 87' lang='lat' dir='ltr'>ut</span> <span class='ocrx_word' id='word_1_274' title='bbox 1108 2134 1224 2158; x_wconf 90' lang='lat' dir='ltr'>canes</span> <span class='ocrx_word' id='word_1_275' title='bbox 1263 2120 1411 2168; x_wconf 88' lang='lat' dir='ltr'>scripta</span> <span class='ocrx_word' id='word_1_276' title='bbox 1451 2132 1588 2155; x_wconf 87' lang='lat' dir='ltr'>eorum</span> <span class='ocrx_word' id='word_1_277' title='bbox 1635 2130 1712 2166; x_wconf 92' lang='lat' dir='ltr'>que</span> 
     </span>
     <span class='ocr_line' id='line_1_48' title="bbox 402 2175 1712 2229; baseline -0.006 -10"><span class='ocrx_word' id='word_1_278' title='bbox 402 2183 462 2219; x_wconf 81' lang='lat' dir='ltr'>vix</span> <span class='ocrx_word' id='word_1_279' title='bbox 507 2181 836 2229; x_wconf 85' lang='lat' dir='ltr'>superficietenus</span> <span class='ocrx_word' id='word_1_280' title='bbox 883 2179 1128 2227; x_wconf 77' lang='lat' dir='ltr'>intelligunt3</span> <span class='ocrx_word' id='word_1_281' title='bbox 1181 2187 1348 2215; x_wconf 87' lang='lat' dir='ltr'>utuntur</span> <span class='ocrx_word' id='word_1_282' title='bbox 1396 2186 1529 2214; x_wconf 89' lang='lat' dir='ltr'>autem</span> <span class='ocrx_word' id='word_1_283' title='bbox 1573 2175 1712 2212; x_wconf 88' lang='lat' dir='ltr'>infami</span> 
     </span>
     <span class='ocr_line' id='line_1_49' title="bbox 403 2234 1713 2286; baseline -0.005 -10"><span class='ocrx_word' id='word_1_284' title='bbox 403 2240 536 2276; x_wconf 90' lang='lat' dir='ltr'>medio</span> <span class='ocrx_word' id='word_1_285' title='bbox 576 2241 625 2276; x_wconf 88' lang='lat' dir='ltr'>ad</span> <span class='ocrx_word' id='word_1_286' title='bbox 665 2240 739 2276; x_wconf 89' lang='lat' dir='ltr'>hoc</span> <span class='ocrx_word' id='word_1_287' title='bbox 774 2251 886 2286; x_wconf 85' lang='lat' dir='ltr'>opus,</span> <span class='ocrx_word' id='word_1_288' title='bbox 928 2237 1079 2274; x_wconf 87' lang='lat' dir='ltr'>scilicet</span> <span class='ocrx_word' id='word_1_289' title='bbox 1113 2236 1325 2273; x_wconf 88' lang='lat' dir='ltr'>mendacio</span> <span class='ocrx_word' id='word_1_290' title='bbox 1359 2244 1395 2272; x_wconf 90' lang='lat' dir='ltr'>et</span> <span class='ocrx_word' id='word_1_291' title='bbox 1428 2234 1713 2271; x_wconf 87' lang='lat' dir='ltr'>falsificacione</span> 
     </span>
     <span class='ocr_line' id='line_1_50' title="bbox 403 2291 1712 2346; baseline -0.005 -12"><span class='ocrx_word' id='word_1_292' title='bbox 403 2298 612 2346; x_wconf 84' lang='lat' dir='ltr'>scripture.</span> <span class='ocrx_word' id='word_1_293' title='bbox 663 2296 835 2342; x_wconf 87' lang='lat' dir='ltr'>Quidam</span> <span class='ocrx_word' id='word_1_294' title='bbox 883 2304 1015 2332; x_wconf 86' lang='lat' dir='ltr'>autem</span> <span class='ocrx_word' id='word_1_295' title='bbox 1062 2294 1171 2331; x_wconf 85' lang='lat' dir='ltr'>canis</span> <span class='ocrx_word' id='word_1_296' title='bbox 1218 2294 1329 2341; x_wconf 84' lang='lat' dir='ltr'>niger</span> <span class='ocrx_word' id='word_1_297' title='bbox 1377 2294 1534 2329; x_wconf 89' lang='lat' dir='ltr'>mordet</span> <span class='ocrx_word' id='word_1_298' title='bbox 1579 2291 1712 2328; x_wconf 89' lang='lat' dir='ltr'>medio</span> 
     </span>
     <span class='ocr_line' id='line_1_51' title="bbox 403 2350 1768 2403; baseline -0.005 -12"><span class='ocrx_word' id='word_1_299' title='bbox 403 2356 479 2391; x_wconf 89' lang='lat' dir='ltr'>isto</span> <span class='ocrx_word' id='word_1_300' title='bbox 514 2355 663 2403; x_wconf 88' lang='lat' dir='ltr'>duplici</span> <span class='ocrx_word' id='word_1_301' title='bbox 697 2355 866 2391; x_wconf 87' lang='lat' dir='ltr'>aliorum</span> <span class='ocrx_word' id='word_1_302' title='bbox 901 2354 1051 2401; x_wconf 87' lang='lat' dir='ltr'>scripta</span> <span class='ocrx_word' id='word_1_303' title='bbox 1084 2361 1120 2388; x_wconf 86' lang='lat' dir='ltr'>et</span> <span class='ocrx_word' id='word_1_304' title='bbox 1153 2351 1379 2400; x_wconf 85' lang='lat' dir='ltr'>specialiter</span> <span class='ocrx_word' id='word_1_305' title='bbox 1418 2350 1458 2386; x_wconf 92' lang='lat' dir='ltr'>in</span> <span class='ocrx_word' id='word_1_306' title='bbox 1497 2351 1571 2386; x_wconf 88' lang='lat' dir='ltr'>hoc</span> <span class='ocrx_word' id='word_1_307' title='bbox 1605 2350 1713 2398; x_wconf 92' lang='lat' dir='ltr'>quod</span> <span class='ocrx_word' id='word_1_308' title='bbox 1729 2351 1768 2384; x_wconf 82' lang='lat'>35</span> 
     </span>
     <span class='ocr_line' id='line_1_52' title="bbox 403 2407 1713 2460; baseline -0.005 -11"><span class='ocrx_word' id='word_1_309' title='bbox 403 2413 533 2449; x_wconf 82' lang='lat' dir='ltr'>scriba</span> <span class='ocrx_word' id='word_1_310' title='bbox 565 2426 658 2449; x_wconf 87' lang='lat' dir='ltr'>suus</span> <span class='ocrx_word' id='word_1_311' title='bbox 691 2412 849 2460; x_wconf 87' lang='lat' dir='ltr'>scripsit</span> <span class='ocrx_word' id='word_1_312' title='bbox 873 2410 1119 2447; x_wconf 88' lang='lat' dir='ltr'>mendaciter</span> <span class='ocrx_word' id='word_1_313' title='bbox 1152 2410 1275 2446; x_wconf 88' lang='lat' dir='ltr'>alium</span> <span class='ocrx_word' id='word_1_314' title='bbox 1297 2410 1503 2445; x_wconf 89' lang='lat' dir='ltr'>doctorem</span> <span class='ocrx_word' id='word_1_315' title='bbox 1536 2407 1713 2456; x_wconf 86' lang='lat' dir='ltr'>priorem</span> 
     </span>
     <span class='ocr_line' id='line_1_53' title="bbox 404 2468 1711 2518; baseline -0.005 -11"><span class='ocrx_word' id='word_1_316' title='bbox 404 2470 677 2518; x_wconf 86' lang='lat' dir='ltr'>interpolatim</span> <span class='ocrx_word' id='word_1_317' title='bbox 725 2470 868 2505; x_wconf 81' lang='lat' dir='ltr'>dixisse</span> <span class='ocrx_word' id='word_1_318' title='bbox 907 2470 1013 2517; x_wconf 86' lang='lat' dir='ltr'>quod</span> <span class='ocrx_word' id='word_1_319' title='bbox 1058 2468 1187 2504; x_wconf 86' lang='lat' dir='ltr'>omnis</span> <span class='ocrx_word' id='word_1_320' title='bbox 1227 2468 1285 2503; x_wconf 84' lang='lat' dir='ltr'>lex</span> <span class='ocrx_word' id='word_1_321' title='bbox 1325 2475 1381 2503; x_wconf 90' lang='lat' dir='ltr'>est</span> <span class='ocrx_word' id='word_1_322' title='bbox 1413 2468 1519 2502; x_wconf 87' lang='lat' dir='ltr'>Deus</span> <span class='ocrx_word' id='word_1_323' title='bbox 1552 2474 1588 2501; x_wconf 89' lang='lat' dir='ltr'>et</span> <span class='ocrx_word' id='word_1_324' title='bbox 1622 2478 1711 2501; x_wconf 88' lang='lat' dir='ltr'>curn</span> 
     </span>
     <span class='ocr_line' id='line_1_54' title="bbox 404 2523 1711 2576; baseline -0.005 -12"><span class='ocrx_word' id='word_1_325' title='bbox 404 2530 479 2564; x_wconf 92' lang='lat' dir='ltr'>hoc</span> <span class='ocrx_word' id='word_1_326' title='bbox 512 2528 606 2564; x_wconf 87' lang='lat' dir='ltr'>alibi</span> <span class='ocrx_word' id='word_1_327' title='bbox 640 2529 746 2576; x_wconf 89' lang='lat' dir='ltr'>quod</span> <span class='ocrx_word' id='word_1_328' title='bbox 771 2527 945 2575; x_wconf 89' lang='lat' dir='ltr'>quelibet</span> <span class='ocrx_word' id='word_1_329' title='bbox 978 2535 1161 2563; x_wconf 86' lang='lat' dir='ltr'>creatura</span> <span class='ocrx_word' id='word_1_330' title='bbox 1194 2526 1312 2561; x_wconf 89' lang='lat' dir='ltr'>habet</span> <span class='ocrx_word' id='word_1_331' title='bbox 1345 2523 1551 2572; x_wconf 87' lang='lat' dir='ltr'>propriam</span> <span class='ocrx_word' id='word_1_332' title='bbox 1584 2523 1711 2570; x_wconf 85' lang='lat' dir='ltr'>legem</span> 
     </span>
     <span class='ocr_line' id='line_1_55' title="bbox 405 2580 1713 2632; baseline -0.005 -10"><span class='ocrx_word' id='word_1_333' title='bbox 405 2599 531 2622; x_wconf 89' lang='lat' dir='ltr'>suam.</span> <span class='ocrx_word' id='word_1_334' title='bbox 571 2589 653 2622; x_wconf 90' lang='lat' dir='ltr'>Nec</span> <span class='ocrx_word' id='word_1_335' title='bbox 687 2585 832 2621; x_wconf 89' lang='lat' dir='ltr'>mirum</span> <span class='ocrx_word' id='word_1_336' title='bbox 865 2585 896 2620; x_wconf 86' lang='lat' dir='ltr'>si</span> <span class='ocrx_word' id='word_1_337' title='bbox 937 2584 1001 2620; x_wconf 90' lang='lat' dir='ltr'>isti</span> <span class='ocrx_word' id='word_1_338' title='bbox 1033 2582 1264 2632; x_wconf 86' lang='lat' dir='ltr'>philosophi</span> <span class='ocrx_word' id='word_1_339' title='bbox 1304 2594 1422 2630; x_wconf 89' lang='lat' dir='ltr'>super</span> <span class='ocrx_word' id='word_1_340' title='bbox 1455 2580 1613 2629; x_wconf 89' lang='lat' dir='ltr'>scriptis</span> <span class='ocrx_word' id='word_1_341' title='bbox 1646 2581 1713 2616; x_wconf 80' lang='lat' dir='ltr'>ab·</span> 
     </span>
     <span class='ocr_line' id='line_1_56' title="bbox 405 2637 1771 2691; baseline -0.005 -12"><span class='ocrx_word' id='word_1_342' title='bbox 405 2644 584 2680; x_wconf 88' lang='lat' dir='ltr'>sencium</span> <span class='ocrx_word' id='word_1_343' title='bbox 619 2644 861 2691; x_wconf 79' lang='lat' dir='ltr'>conglobant</span> <span class='ocrx_word' id='word_1_344' title='bbox 895 2641 1118 2687; x_wconf 80' lang='lat' dir='ltr'>mendacia,</span> <span class='ocrx_word' id='word_1_345' title='bbox 1150 2640 1244 2689; x_wconf 88' lang='lat' dir='ltr'>quia</span> <span class='ocrx_word' id='word_1_346' title='bbox 1274 2652 1392 2688; x_wconf 87' lang='lat' dir='ltr'>super</span> <span class='ocrx_word' id='word_1_347' title='bbox 1414 2638 1543 2675; x_wconf 89' lang='lat' dir='ltr'>verbis</span> <span class='ocrx_word' id='word_1_348' title='bbox 1567 2637 1713 2674; x_wconf 87' lang='lat' dir='ltr'>Christi</span> <span class='ocrx_word' id='word_1_349' title='bbox 1726 2650 1771 2681; x_wconf 90' lang='lat'>40</span> 
     </span>
    </p>
   </div>
   <div class='ocr_carea' id='block_1_7' title="bbox 405 2771 1711 2847">
    <p class='ocr_par' dir='ltr' id='par_1_8' title="bbox 405 2771 1711 2847">
     <span class='ocr_line' id='line_1_57' title="bbox 476 2771 1711 2812; baseline -0.005 -8"><span class='ocrx_word' id='word_1_350' title='bbox 476 2786 513 2812; x_wconf 87' lang='lat'>17.</span> <span class='ocrx_word' id='word_1_351' title='bbox 537 2777 669 2811; x_wconf 73' lang='lat' dir='ltr'>posici03</span> <span class='ocrx_word' id='word_1_352' title='bbox 694 2776 787 2803; x_wconf 84' lang='lat' dir='ltr'>Cod.:</span> <span class='ocrx_word' id='word_1_353' title='bbox 810 2785 881 2811; x_wconf 83' lang='lat' dir='ltr'>ppo.</span> <span class='ocrx_word' id='word_1_354' title='bbox 981 2782 1026 2809; x_wconf 78' lang='lat'>29.</span> <span class='ocrx_word' id='word_1_355' title='bbox 1049 2774 1191 2802; x_wconf 82' lang='lat' dir='ltr'>derivari.</span> <span class='ocrx_word' id='word_1_356' title='bbox 1214 2774 1309 2801; x_wconf 85' lang='lat' dir='ltr'>Cod.:</span> <span class='ocrx_word' id='word_1_357' title='bbox 1331 2773 1461 2800; x_wconf 79' lang='lat' dir='ltr'>divinari</span> <span class='ocrx_word' id='word_1_358' title='bbox 1551 2771 1595 2799; x_wconf 70' lang='lat'>38.</span> <span class='ocrx_word' id='word_1_359' title='bbox 1618 2771 1711 2799; x_wconf 88' lang='lat' dir='ltr'>Cod.:</span> 
     </span>
     <span class='ocr_line' id='line_1_58' title="bbox 405 2811 777 2847; baseline -0.008 -8"><span class='ocrx_word' id='word_1_360' title='bbox 405 2812 475 2840; x_wconf 85' lang='lat' dir='ltr'>alibi</span> <span class='ocrx_word' id='word_1_361' title='bbox 497 2812 619 2847; x_wconf 85' lang='lat' dir='ltr'>quidem</span> <span class='ocrx_word' id='word_1_362' title='bbox 641 2811 777 2846; x_wconf 83' lang='lat' dir='ltr'>quilibet.</span> 
     </span>
    </p>
   </div>
   <div class='ocr_carea' id='block_1_8' title="bbox 478 2893 1296 2936">
    <p class='ocr_par' dir='ltr' id='par_1_9' title="bbox 478 2893 1296 2936">
     <span class='ocr_line' id='line_1_59' title="bbox 478 2893 1296 2936; baseline -0.004 -10"><span class='ocrx_word' id='word_1_363' title='bbox 478 2905 576 2936; x_wconf 86' lang='lat'>2—4.</span> <span class='ocrx_word' id='word_1_364' title='bbox 606 2894 693 2927; x_wconf 80' lang='lat' dir='ltr'>Phil.</span> <span class='ocrx_word' id='word_1_365' title='bbox 720 2894 760 2933; x_wconf 94' lang='lat' dir='ltr'>II,</span> <span class='ocrx_word' id='word_1_366' title='bbox 791 2905 839 2926; x_wconf 88' lang='lat'>10.</span> <span class='ocrx_word' id='word_1_367' title='bbox 942 2904 990 2926; x_wconf 89' lang='lat'>12.</span> <span class='ocrx_word' id='word_1_368' title='bbox 1016 2893 1096 2925; x_wconf 89' lang='lat' dir='ltr'>Joh.</span> <span class='ocrx_word' id='word_1_369' title='bbox 1124 2893 1214 2933; x_wconf 90' lang='lat' dir='ltr'>XIX,</span> <span class='ocrx_word' id='word_1_370' title='bbox 1245 2902 1296 2924; x_wconf 90' lang='lat'>22.</span> 
     </span>
    </p>
   </div>
  </div>
 </body>
</html>
