1944 3323
141 325 277 355 SERMO
293 315 448 372 XXXIX.]
635 328 810 360 TERTIA
837 327 962 359 mas.
1673 319 1746 355 323

142 435 203 472 vel
248 434 548 484 particulariter
592 435 653 471 vel
704 434 867 471 confuse
920 433 1017 470 mihi
1063 433 1180 470 fuerit
1225 434 1459 479 revelatum,

143 493 237 542 quia
283 495 409 530 debeo
455 505 538 530 esse
583 492 623 529 in
668 492 803 541 gracia
849 501 886 529 et
930 492 971 529 in
1016 492 1203 529 omnibus
1247 492 1460 540 agibilibus

144 551 241 588 meis
264 551 407 600 spiritu
425 551 495 588 Dei
519 550 631 597 duci3
665 550 705 587 in
730 551 950 587 elemosina
971 550 1170 599 spirituali
1194 550 1460 599 prestanciori

143 610 362 647 elemosina
396 609 598 658 corporali
630 622 712 645 non
746 618 803 646 est
837 609 1084 658 periculum3
1125 618 1162 645 et
1196 609 1362 657 planum
1404 617 1461 645 est

108 671 124 703 5
142 669 250 717 quod
275 677 412 705 tenens
436 669 539 705 hanc
564 667 722 704 fidelem
747 668 994 704 sentenciam
1019 680 1102 704 non
1127 680 1194 704 ero
1219 676 1460 716 procurator

142 726 324 774 placidus
365 726 622 771 mendicanti,
663 725 756 775 quia
796 735 1037 774 procurator
1074 725 1165 763 talis
1210 725 1460 774 improvidus

140 797 234 833 sepe
275 785 476 821 malefacit
515 784 571 821 illi
613 784 673 821 cui
715 785 950 821 benefacere
987 785 1072 821 vult
1112 793 1148 821 et
1189 793 1308 821 nocet
1342 783 1459 821 matri

141 842 327 888 ecclesie;
368 843 435 892 qui
477 852 611 880 autem
653 852 709 880 est
749 843 958 880 mendicus
993 856 1036 880 ex
1069 843 1318 891 impotencia
1352 843 1459 891 quod
1475 847 1751 897 Arbesthemkes

140 903 246 937 Deus
270 901 309 937 in
332 901 463 950 ipsum
488 901 634 947 intulit,
666 901 805 950 populi
837 901 998 938 malicia
1022 910 1059 938 et
1083 902 1250 938 fratrum
1275 900 1461 949 nequicia
1477 889 1751 952 ζζᾚιρἶζῆᾎζῂὲζῗ

86 971 125 993 10
141 968 200 996 est
233 972 354 996 causa
388 973 512 1009 quare
546 961 720 1008 populus
754 959 1002 997 sufficienter
1035 959 1106 996 tali
1141 959 1181 995 in
1213 959 1291 996 vite
1324 971 1461 996 neces-

140 1017 255 1054 sariis
288 1030 371 1054 non
403 1018 592 1067 providit,
617 1027 654 1055 et
677 1018 733 1055 sic
757 1018 826 1055 illa
859 1019 1089 1055 clamorosa
1124 1017 1376 1054 mendicacio
1410 1018 1459 1054 ad

142 1075 353 1112 minimum
387 1086 445 1113 est
469 1090 490 1113 a
525 1077 645 1115 malo.
680 1078 839 1113 Fratres
873 1085 1006 1113 autem
1042 1085 1215 1124 arguunt
1239 1089 1283 1113 ex
1308 1076 1459 1112 mendi-

140 1133 304 1171 cacione
344 1135 460 1171 huius
501 1134 657 1183 decepti
697 1134 737 1171 in
776 1135 875 1172 falsa
915 1143 1209 1183 consequenter
1243 1144 1280 1172 et
1312 1134 1459 1171 talibus

140 1191 394 1230 illusionibus
428 1193 636 1242 decipiunt
669 1192 822 1231 activos
856 1193 1039 1230 ecclesie.

87 1334 122 1366 15
592 1330 786 1372 SERMO
819 1331 1008 1371 XXXIX.

205 1426 346 1463 Omnes
390 1426 588 1463 unanimes
626 1427 662 1462 in
710 1426 890 1463 oracione
933 1433 1062 1462 estote.
1098 1427 1130 1462 Ιίι
1160 1424 1267 1462 Petri
1300 1428 1384 1471 1110,
1421 1426 1457 1462 8.

199 1486 299 1522 Cum
338 1497 458 1522 nerno
496 1484 716 1522 salvabitur
755 1484 830 1521 nisi
865 1486 972 1521 dona
1005 1483 1180 1533 Spiritus
1214 1483 1351 1521 Sancti
1391 1484 1459 1521 ha-

141 1544 284 1589 buerit,
318 1556 437 1580 nemo
470 1552 604 1580 autem
638 1542 781 1591 recipit
813 1544 885 1579 hec
909 1544 1014 1579 dona
1045 1542 1121 1578 nisi
1146 1542 1458 1590 disposicionem

141 1602 319 1650 priorem
360 1603 519 1648 habeat,
554 1610 664 1650 patet
698 1602 807 1650 quod
840 1602 891 1638 ad
924 1602 1154 1638 habendum
1190 1601 1292 1637 hanc
1325 1600 1459 1649 dispo-

83 1671 126 1693 20
140 1659 334 1697 sicionem
367 1659 497 1697 viator
529 1660 664 1696 sedule
696 1660 912 1696 laboraret.
954 1661 1037 1696 Hec
1071 1668 1206 1696 autem
1240 1658 1458 1707 disposicio

142 1718 325 1756 consistit
367 1718 407 1755 in
446 1718 514 1754 illo
553 1718 764 1767 potissime
803 1719 912 1766 quod
949 1717 1124 1755 viatores
1165 1717 1244 1754 sint
1278 1717 1457 1754 eiusdem

141 1777 367 1813 intellectus
426 1785 463 1813 et
522 1776 702 1813 eiusdem
762 1776 927 1813 affectus
989 1776 1028 1812 in
1087 1776 1276 1812 Domino.
1345 1777 1459 1812 Unde

140 1837 227 1872 Act.
263 1836 347 1881 IV0‚
385 1834 433 1871 32
469 1834 635 1871 dicitur:
676 1834 940 1871 Multitudinis
979 1834 1223 1871 credencium
1263 1841 1348 1870 erat
1392 1846 1460 1870 cor

141 1906 255 1930 unum
295 1901 331 1930 et
368 1893 496 1929 anima
535 1906 621 1929 una.
668 1894 717 1929 Et
750 1894 799 1929 ad
840 1892 953 1929 illum
995 1905 1155 1929 sensum
1190 1892 1287 1928 dicit
1320 1894 1459 1928 Petrus

84 1952 123 1985 25
140 1953 249 2000 quod
283 1964 412 1988 omnes
435 1952 616 1988 debemus
648 1963 729 1987 esse
761 1952 959 1988 unanimes
991 1951 1026 1987 in
1060 1951 1253 1997 oracione,
1287 1951 1363 1987 hoc
1387 1959 1458 1996 est,

139 2009 256 2046 unius
309 2009 536 2047 intellectus
590 2010 726 2058 quoad
780 2009 899 2046 fidem
955 2010 1197 2046 credendam
1253 2018 1289 2045 et
1341 2009 1459 2045 unius

140 2068 305 2105 affectus
325 2070 459 2116 quoad
475 2067 789 2105 retribucionem
812 2068 853 2104 in
876 2067 1134 2104 oracionibus
1158 2068 1457 2115 postulandam.

140 2126 255 2163 Fides
293 2135 427 2163 autern
468 2126 507 2162 in
546 2125 803 2163 oracionibus
838 2127 956 2163 debet
995 2138 1091 2172 esse,
1133 2125 1325 2174 quicquid
1358 2125 1459 2162 iuste

140 2184 490 2233 postulaverimus,
530 2184 561 2221 si
606 2197 687 2220 non
732 2197 930 2232 ponamus
969 2184 1140 2230 obicem,
1182 2186 1287 2220 Deus
1329 2184 1458 2229 dabit3

84 2243 124 2275 30
141 2243 209 2279 sed
242 2251 403 2291 oportet
436 2254 575 2279 cavere
608 2242 649 2278 in
670 2242 817 2279 talibus
851 2242 1109 2280 oracionibus
1133 2243 1242 2291 quod
1275 2251 1459 2290 petamus
1515 2246 1575 2274 We
1597 2248 1707 2287 shoulql

66 2338 74 2343 ,
142 2300 303 2337 finalem
338 2300 629 2337 beatitudinem
661 2301 722 2337 vel
755 2300 833 2337 alia
857 2313 934 2349 que
969 2300 1100 2337 media
1133 2309 1225 2337 sunt
1249 2301 1298 2337 ad
1332 2300 1457 2337 illam.
1498 2284 1734 2345 pffiffxsvsogliysstssr

43 2338 124 2415 ,50ιῇ
141 2360 233 2395 ldeo
266 2360 352 2397 Joh.
387 2360 476 2395 XV0
510 2358 674 2395 dicitur:
709 2359 843 2404 Petite,
876 2366 916 2395 ut
947 2359 1137 2409 gaudimn
1167 2357 1170 2409 Ι
1202 2366 1371 2394 vestrum
1412 2359 1460 2395 sit
1510 2360 1616 2379 means
1637 2358 1667 2380 to
1688 2354 1719 2380 it.

66 2395 108 2427 74
135 2418 308 2466 plenum,
332 2425 366 2453 et
389 2417 593 2466 accipietis.
625 2418 797 2465 Oportet
820 2419 997 2454 secundo
1022 2419 1128 2465 quod
1154 2418 1203 2453 ad
1228 2417 1458 2453 habendum
1490 2433 1549 2460 We
1571 2439 1653 2460 must
1675 2434 1732 2461 lix-e

139 2475 310 2523 petitum
344 2487 414 2523 per
445 2475 567 2512 vitam
601 2484 782 2512 nostram
818 2475 1067 2512 meritoriam
1102 2475 1226 2511 simus
1261 2474 1387 2522 digni3
1423 2484 1460 2511 et
1518 2470 1713 2531 {Zdsslffxs'tljf

83 2536 122 2568 35
141 2542 250 2581 patet
279 2534 386 2582 quod
421 2533 607 2570 radicalis
642 2533 896 2581 dignificacio
930 2533 969 2569 in
1003 2532 1262 2570 oracionibus
1295 2545 1338 2568 ex
1371 2546 1458 2581 pre·
1550 2536 1676 2565 recen-c.

141 2591 417 2628 destinacione
451 2590 639 2628 exoritur.
685 2594 733 2628 Et
773 2600 935 2640 oportet
973 2590 1099 2628 tercio
1139 2592 1247 2639 quod
1287 2590 1456 2638 petitum

140 2649 179 2686 in
212 2649 471 2687 oracionibus
505 2649 719 2697 dignorum
761 2649 811 2686 sit
851 2649 904 2686 eis
938 2649 1054 2694 utile3
1100 2650 1206 2686 unde
1239 2650 1458 2697 Apostolus

208 2805 236 2829 4.
259 2796 355 2823 Coei:
377 2796 477 2831 plane.
539 2794 562 2822 5.
585 2794 679 2822 Cod.:
703 2803 763 2822 uon
785 2803 841 2830 ego
861 2800 1056 2830 procurator.
1113 2803 1138 2830 7.
1161 2795 1256 2822 Cod.:
1278 2795 1342 2822 vult
1363 2795 1459 2821 deest.

139 2830 166 2858 S.
189 2831 285 2858 Cod.:
305 2831 354 2866 qui
378 2836 457 2858 ante.
532 2838 565 2857 ιι.
587 2830 684 2858 Cod.:
705 2831 852 2857 clamosa.
926 2829 967 2858 35.
989 2830 1084 2858 Cod.:
1107 2830 1189 2865 quod
1211 2830 1306 2857 deest.

215 2915 265 2946 15.
298 2914 485 2946 Dominica
511 2914 633 2956 quinta
664 2922 743 2956 post
769 2914 989 2946 Trinitatem.
1016 2914 1067 2946 Cf.
1089 2912 1250 2957 Wyclif's
1276 2914 1458 2953 Sermons,

50 2980 77 2999 χ
140 2961 194 2992 ed.
220 2961 265 3003 by
291 2962 438 2998 Arnold,
466 2961 504 3000 11,
532 2971 609 3003 pag.
637 2959 712 2992 325.
811 2960 864 2993 32.
889 2960 965 2992 Joh.
994 2961 1087 2999 XVI,
1115 2971 1167 3001 24.

1255 3025 1327 3049 21*
