1944 3323
211 230 288 265 320
743 242 970 273 JOHANNIS
989 244 1171 276 WYCLIF
1190 246 1445 279 SERMONUM
1467 232 1617 290 [SERMO
1633 247 1799 276 XXXVIII-

242 353 268 378 11>
286 353 334 378 ηις
355 353 444 379 nini-s
553 349 647 383 Item
689 348 736 383 de
775 348 949 393 racione,
989 348 1019 384 si
1061 350 1310 388 mendicacio
1343 353 1432 389 talis
1464 353 1513 389 sit
1546 355 1665 400 licita,
1704 364 1799 394 tunc

236 387 401 449 ¹¹¹‘q15{,1¹J⁶{1'1
415 396 448 414 ⁵⁰
493 404 629 440 liceret
664 404 887 455 cuicunque
911 406 1015 453 parti
1039 408 1204 445 ecclesie
1227 418 1586 460 quantumcunque
1609 413 1798 462 inoppor-

252 453 430 483 christinus.
493 470 586 498 tune
631 462 735 498 circa
779 462 875 499 talia
914 465 1116 512 occupari.
1162 469 1248 503 Non
1289 468 1392 504 enim
1434 478 1490 505 est
1529 471 1637 507 racio
1676 485 1799 520 quare

493 519 632 556 divites
665 520 806 556 fratres
839 529 875 557 et
907 522 1027 558 validi
1060 524 1290 561 mendicant
1323 526 1429 563 licite
1462 527 1557 575 quin
1590 541 1660 576 per
1693 530 1795 566 idem

492 577 583 613 licet
616 578 921 625 possessionatis
955 589 1312 631 quantumcunque
1336 585 1530 631 placuerit
1555 587 1796 624 mendicare.
1815 591 1830 622 5

492 635 531 671 Si
574 635 677 671 enim
718 635 828 672 racio
868 638 984 673 debet
1024 651 1108 675 esse
1153 640 1343 677 fratribus
1387 643 1557 691 frenum,
1601 645 1699 681 nulli
1738 647 1798 682 vel

491 693 608 740 pauci
641 705 779 729 eorum
814 693 1062 743 aliquociens
1096 698 1383 745 mendicarent,
1424 710 1466 737 ut
1505 701 1535 737 si
1576 715 1656 738 non
1695 702 1797 739 indi-

489 750 627 798 gencia
660 751 777 787 fuerit
810 752 1012 790 racionale
1044 755 1310 803 obstaculum,
1345 771 1434 794 cum
1469 759 1635 807 quilibet
1658 773 1794 797 eorum

490 809 609 845 habet
649 809 785 845 onmia
818 809 857 845 in
891 812 1097 848 communi
1132 827 1207 862 que
1239 824 1346 851 totus
1379 818 1480 853 ordo
1514 818 1664 864 habuit,
1699 832 1796 867 quo-

490 868 611 902 modo
643 880 724 903 non
758 867 885 904 dicior
918 881 1090 916 persona
1122 873 1260 919 populi
1294 874 1341 909 de
1364 887 1442 922 qua
1465 874 1520 911 sic
1546 876 1855 923 mendicant31o

488 937 624 972 ymmo
658 938 748 961 cum
782 925 822 961 in
855 927 1051 975 ambiguis
1084 937 1218 966 utrum
1261 930 1338 967 sint
1377 933 1579 970 contraria
1612 933 1704 970 ritui
1737 936 1797 971 vel

489 995 667 1019 consona
720 984 837 1019 debet
890 984 1016 1021 fidelis
1061 986 1263 1024 racionem
1311 991 1533 1037 consulere,
1580 1000 1794 1040 antequam

488 1040 691 1077 racionem
731 1043 1019 1090 presumpserit
1058 1045 1231 1092 obviare,
1271 1046 1426 1084 videtur
1459 1050 1566 1097 quod
1599 1051 1796 1086 seculares

488 1108 679 1146 negarent
712 1099 1058 1138 mendicacionem
1093 1102 1133 1139 in
1166 1104 1355 1141 fratribus
1378 1107 1439 1142 vel
1470 1107 1610 1143 saltem
1646 1109 1795 1144 habens

488 1156 815 1204 probabilitatem
857 1159 905 1194 de
943 1161 1170 1207 prestancia
1214 1175 1376 1199 suarum
1423 1164 1657 1201 diviciarum
1705 1170 1850 1202 cumi5

488 1214 583 1262 ipsis
615 1216 790 1263 quodam
825 1215 1032 1254 involucro
1064 1220 1292 1257 calcularet.
1327 1221 1367 1257 Si
1402 1221 1504 1258 enim
1540 1222 1579 1260 in
1612 1224 1793 1272 pecunia,

488 1272 527 1308 in
561 1272 776 1309 domiciliis
811 1282 847 1310 et
880 1275 1134 1313 vescibilibus
1174 1290 1262 1314 cum
1303 1280 1550 1316 ornamentis
1588 1281 1793 1329 corporeis

488 1331 720 1367 habundent
758 1332 847 1379 plus
887 1346 1007 1381 quam
1047 1343 1185 1371 tenens
1224 1336 1390 1384 simplex
1422 1339 1482 1374 vel
1515 1352 1680 1387 pauper,
1715 1353 1792 1387 qua

488 1388 650 1425 racione
684 1390 732 1425 ab
765 1389 852 1437 ipso
885 1391 1019 1428 taliter
1052 1393 1350 1431 mendicarent?

228 1459 311 1495 Why
333 1459 442 1486 should
546 1445 751 1492 Similiter,
785 1447 815 1483 si
848 1450 1046 1486 seculares
1070 1452 1213 1487 debent
1248 1452 1590 1490 mendicacionem
1624 1455 1790 1491 fratrum
1810 1470 1850 1490 20

202 1495 251 1520 ¹¹¹2
273 1494 378 1521 ments
399 1494 434 1521 of
450 1503 465 1521 ²¹
487 1505 534 1539 de
578 1505 661 1552 lege
701 1505 863 1542 Domini
908 1520 1138 1555 procurare,
1182 1523 1305 1557 quare
1343 1524 1424 1547 non
1463 1511 1563 1548 alius
1602 1513 1792 1549 secularis

307 1540 311 1545 .
375 1537 386 1552 ,
425 1548 432 1555 .

204 1530 466 1598 tlcssndisniiossfflgf
486 1562 696 1609 potencior
727 1563 909 1600 veniente
942 1566 1021 1602 alio
1055 1567 1320 1615 mendicante,
1346 1570 1404 1605 vel
1435 1582 1557 1617 quare
1589 1579 1673 1607 tota
1705 1583 1791 1618 per-

260 1600 408 1661 ιῗῃῗῑιῐῗξζὶξ,
486 1620 610 1656 feccio
645 1621 909 1658 mendicantis
943 1624 1017 1660 erit
1039 1626 1089 1661 ad
1123 1638 1241 1661 unam
1277 1639 1488 1674 personam
1515 1629 1562 1664 de
1594 1637 1792 1665 conventu

486 1678 574 1725 plus
614 1681 827 1726 reprobam
866 1680 1041 1718 limitata
1082 1692 1118 1719 et
1150 1696 1230 1719 non
1273 1685 1570 1722 communicata
1603 1686 1791 1723 fratribus

486 1735 572 1772 aliis
606 1737 693 1784 plus
727 1738 1005 1785 perficiendis?
1038 1741 1077 1777 Si
1111 1741 1215 1777 enim
1251 1743 1355 1779 bona
1388 1744 1615 1791 corporalia
1648 1745 1791 1781 debent
1809 1749 1847 1779 25

486 1806 569 1830 esse
607 1795 852 1841 communia,
895 1798 1021 1834 multo
1056 1799 1182 1847 magis
1215 1812 1257 1835 ex
1290 1800 1325 1836 vi
1359 1801 1654 1838 communionis
1687 1804 1791 1838 bona

485 1851 723 1900 spiritualia,
763 1862 799 1889 et
838 1853 869 1889 si
908 1854 947 1890 in
988 1856 1207 1893 limitatore
1248 1858 1434 1894 mendico
1474 1859 1675 1896 mendicat
1708 1869 1792 1896 tota

485 1910 755 1946 communitas
790 1911 965 1949 eiusdem
1012 1914 1176 1958 ordinis,
1220 1928 1309 1951 cum
1347 1916 1461 1952 multi
1497 1918 1544 1953 de
1578 1917 1647 1953 tali
1683 1930 1791 1953 com-

486 1968 680 2004 munitate
703 1981 723 2004 a
747 1969 908 2006 racione
930 1972 1244 2009 mendicacionis
1260 1982 1425 2021 propter
1441 1987 1580 2011 causas
1596 1975 1790 2023 plurimas

484 2026 758 2076 excluduntur,
796 2026 951 2064 videtur
984 2032 1090 2077 quod
1124 2030 1299 2078 quelibet
1330 2032 1421 2068 talis
1453 2032 1701 2069 mendicacio
1735 2034 1792 2069 in-
1807 2036 1849 2068 30

484 2083 650 2131 iquitate
669 2084 896 2133 participat,
916 2095 952 2122 et
971 2097 1164 2136 quantum
1189 2090 1238 2125 ad
1262 2088 1477 2126 instancias
1505 2091 1629 2127 factas
1652 2100 1791 2128 contra

484 2140 558 2177 ista
591 2151 826 2189 argumenta
856 2156 926 2191 per
954 2145 1087 2182 locum
1122 2159 1144 2182 a
1176 2146 1321 2183 simiali
1355 2147 1615 2185 similitudine
1649 2151 1789 2186 doceat

483 2198 661 2235 obiciens
700 2200 831 2247 primo
876 2201 1181 2240 similitudinem
1228 2213 1264 2240 et
1310 2206 1374 2241 det
1419 2208 1595 2242 secundo
1640 2207 1788 2243 claram

483 2257 685 2294 racionem
718 2258 972 2307 diversitatis,
1004 2270 1041 2297 et
1068 2261 1124 2298 sic
1153 2261 1366 2298 rimabitur
1398 2263 1474 2299 illis
1509 2264 1787 2301 mendicantis.

211 2315 297 2354 They
322 2316 444 2351 besssffl·
541 2314 745 2361 Similiter,
787 2316 817 2352 si
856 2326 938 2353 tam
978 2319 1174 2356 instanter
1216 2320 1309 2356 licet
1354 2321 1582 2358 mendicare
1627 2324 1675 2359 ab
1721 2324 1844 2359 lio-35

212 2351 454 2386 iltgotmoney.
484 2371 656 2409 minibus
702 2382 739 2409 et
783 2374 1011 2422 specialiter
1057 2376 1257 2423 divitibus,
1304 2391 1391 2414 cum
1441 2379 1581 2416 divites
1626 2380 1788 2416 racione

482 2430 634 2477 peccati
674 2440 793 2479 atque
832 2432 975 2470 iniurie
1014 2434 1159 2482 prioris
1204 2437 1344 2472 darent
1388 2437 1532 2473 iniuste
1576 2437 1788 2474 tribuendo

483 2488 671 2524 fratribus
704 2489 848 2536 aliena,
872 2491 1029 2528 videtur
1052 2494 1159 2541 quod
1182 2493 1324 2529 fratres
1358 2495 1529 2531 excitant
1553 2504 1594 2531 ut
1617 2495 1787 2543 proximi

483 2555 649 2592 peccent
690 2547 967 2585 distribuendo
1008 2549 1137 2587 aliena
1176 2550 1405 2598 inprovide3
1449 2554 1515 2588 sed
1562 2566 1650 2589 cum
1696 2553 1786 2589 talis

483 2615 698 2640 consensus
743 2605 792 2641 sit
835 2609 1096 2655 reputandus,
1142 2609 1316 2656 perfecte
1354 2609 1511 2646 videtur
1550 2612 1656 2659 quod
1701 2619 1844 2654 tota40

551 2768 591 2786 10.
614 2760 707 2787 Cod.:
731 2761 787 2788 sibi
809 2763 995 2790 mendicant.
1095 2772 1128 2791 11.
1150 2764 1244 2792 Cod.:
1266 2765 1439 2799 ambiguus.
1541 2766 1580 2793 18.
1601 2767 1696 2794 Cod.:
1720 2768 1788 2800 pius

481 2794 574 2821 deest.
661 2803 700 2830 ις).
723 2795 817 2823 Cod.:
845 2798 1042 2825 mendicaret.
1132 2806 1175 2826 22.
1198 2799 1292 2827 Cod.:
1320 2800 1387 2826 alia.
1472 2800 1513 2828 25.
1535 2801 1629 2828 Cod.:
1658 2803 1789 2836 perficis.

481 2828 525 2855 30.
548 2828 641 2856 Cod.:
669 2831 848 2858 excluditur.
945 2831 987 2860 32.
1010 2833 1105 2860 Cod.:
1133 2842 1147 2860 a
1169 2834 1272 2861 simili.
1369 2834 1414 2869 34.
1436 2835 1530 2862 Cod.:
1557 2836 1598 2869 i³;
1628 2836 1669 2863 ib.
1692 2836 1786 2864 Cod.:

480 2863 651 2890 mendicais.
