1944 3323
148 235 221 278 146

173 703 277 730 Those
299 705 368 731 who

139 738 229 768 reject
249 748 337 773 grace
358 748 408 766 :irc

161 775 218 801 like
239 775 287 801 the
308 776 382 802 dead

242 812 308 838 Sca⁴

131 1510 178 1536 All
203 1509 278 1536 have
301 1518 405 1549 power

184 1550 213 1571 10
236 1553 351 1571 secelvc

160 1579 258 1606 God's
279 1588 378 1613 grace.

143 2378 167 2405 lt
188 2378 213 2403 is
235 2377 330 2403 better
351 2380 380 2403 to

162 2416 283 2451 present
303 2419 360 2438 0111·

161 2452 306 2482 petitious
327 2451 357 2472 to

136 2482 239 2509 Christ
260 2482 333 2508 thau
356 2486 385 2507 to

173 2525 231 2552 :luy
253 2525 344 2551 pope.

715 241 938 272 JOHANNJs
959 240 1141 272 WYCLIF
1160 240 1415 272 SERMONUM
1476 225 1629 283 [SERMO
1651 237 1730 265 XIX·

427 345 564 391 abicit3
609 355 760 382 veteres
806 346 966 394 quidem
1013 345 1159 391 caligas
1204 358 1283 380 non
1329 345 1506 381 abiciunt
1551 344 1733 381 homines

427 405 520 439 dum
554 413 645 451 apte
683 413 792 446 sunt;
841 403 964 450 magis
1005 416 1097 449 ergo
1135 403 1288 439 vilescit
1328 402 1531 450 peccatori
1570 403 1732 451 spiritus

426 463 541 498 datus
574 475 693 510 quam
735 462 1050 497 calceamentum
1092 469 1202 497 vetus
1243 473 1332 497 cum
1373 462 1522 497 donum
1563 461 1612 496 sit
1651 474 1731 497 ma-

424 519 573 555 ximum
619 528 655 555 et
691 521 795 555 Deus
833 531 915 554 non
953 518 1068 555 offert
1107 519 1240 566 tepide
1278 520 1347 554 sed
1386 518 1554 555 liberam
1593 519 1732 555 volun-

424 586 546 613 tatem
581 586 617 613 et
651 576 846 612 instancia
881 576 1065 613 maxima.
1113 578 1244 622 Quare
1278 589 1371 624 ergo
1403 576 1605 624 respuitur
1637 577 1732 612 stul-

423 634 576 671 tissime
616 647 703 670 cum
747 633 920 670 maximo
961 635 1137 682 dampno
1177 643 1214 671 et
1253 634 1471 670 iustissimo
1504 633 1726 682 supplicio?

422 693 538 728 Tales
571 692 677 728 enim
711 691 859 728 similes
892 701 982 728 sunt
1017 693 1117 729 mari
1142 700 1301 728 mortuo
1324 693 1432 741 quod
1454 691 1578 728 nichil
1599 692 1729 728 vivum

424 750 529 786 intus
562 750 704 797 recipit
736 751 805 786 sed
838 749 1028 786 iniectum
1062 749 1276 786 casualiter
1298 749 1431 786 statim
1456 750 1581 786 reicit.
1614 750 1731 786 Tales

424 807 526 843 enim
570 807 718 844 mortui
756 816 846 843 sunt
880 820 949 855 per
983 809 1155 856 culpam,
1196 807 1309 843 fluidi
1342 820 1412 856 per
1444 807 1730 856 concupiscen—

424 865 540 910 ciam,
586 865 713 902 amari
757 878 827 913 per
871 865 986 911 iram,
1034 865 1171 902 mundi
1216 864 1493 902 solicitudines
1533 874 1569 902 et
1608 865 1730 901 seculi

422 923 646 960 tristiciam.

480 980 674 1017 Similiter
705 982 791 1029 'hoc
830 993 940 1017 mare
978 981 1083 1017 faces
1121 993 1308 1018 accensas
1346 993 1428 1017 non
1471 980 1563 1017 sinit
1607 981 1647 1016 in
1691 993 1730 1017 se

422 1038 623 1087 immergi:
672 1038 727 1075 sic
777 1048 813 1075 et
858 1038 911 1074 hii
957 1040 1141 1075 ardentes
1185 1048 1222 1075 et
1266 1039 1443 1075 lucentes
1488 1038 1655 1075 caritate
1694 1047 1730 1075 et

421 1096 593 1133 sciencia
632 1097 779 1133 Christi
826 1096 1096 1144 cogitaciones
1134 1097 1174 1133 in
1214 1097 1458 1144 profundum
1498 1096 1730 1133 dileccionis

421 1154 480 1190 sui
520 1154 672 1202 iniungi
716 1168 798 1191 non
841 1154 988 1201 sinunt,
1035 1156 1103 1191 sed
1149 1163 1329 1191 mortuas
1374 1154 1636 1203 spiritualiter
1680 1155 1729 1190 ad

421 1213 624 1249 carnalem
670 1212 932 1249 dileccionem
979 1213 1209 1249 admittunt.
1255 1212 1399 1249 Tercio
1438 1224 1530 1260 sepe
1574 1212 1614 1248 in
1654 1213 1729 1248 hoc

422 1270 521 1306 mari
555 1269 742 1306 accidunt
774 1270 943 1307 fulmina
976 1279 1012 1307 et
1046 1271 1121 1307 alie
1154 1279 1430 1319 tempestate&
1465 1270 1520 1307 sic
1554 1279 1590 1306 et
1624 1273 1728 1306 Deus

420 1327 604 1364 fulminat
637 1340 755 1376 super
788 1329 886 1365 tales
919 1328 1096 1376 ingratos
1128 1328 1345 1365 vindictam
1379 1328 1435 1364 ire
1468 1341 1536 1364 sue
1569 1337 1605 1364 et
1638 1327 1727 1364 talis

420 1385 653 1422 fulminacio
687 1387 775 1434 plus
809 1399 928 1434 quam
964 1388 1250 1423 modernorum
1285 1395 1538 1435 satraparum
1572 1398 1727 1422 excom-

421 1443 646 1480 municacio
680 1453 736 1480 est
768 1443 960 1480 timenda.

476 1504 557 1537 Nec
604 1510 695 1538 sunt
742 1501 953 1538 excusandi
1002 1502 1069 1550 qui
1116 1502 1252 1538 dicunt
1297 1503 1404 1550 quod
1451 1514 1532 1538 non
1582 1510 1639 1537 est
1686 1501 1726 1537 in

419 1568 617 1606 potestate
650 1572 720 1596 sua
753 1559 929 1608 graciam
955 1560 1026 1596 Dei
1060 1560 1249 1608 recipere,
1285 1560 1378 1608 quia
1402 1559 1500 1596 Isaie
1522 1561 1677 1601 XL1X0,
1704 1560 1724 1595 8

420 1616 515 1653 dicit
550 1619 653 1653 Deus
688 1617 755 1666 qui
789 1617 948 1654 mentiri
981 1631 1061 1654 non
1100 1626 1232 1666 potest
1265 1619 1373 1666 quod
1411 1626 1592 1665 tempore
1631 1617 1726 1665 legis

417 1687 518 1711 nove
553 1684 718 1723 accepto
750 1678 832 1711 Deo
868 1677 917 1712 ad
952 1675 1179 1712 faciendum
1213 1676 1389 1724 graciam
1422 1675 1608 1711 exaudivi
1638 1688 1726 1711 ora-

419 1732 553 1769 ciones
586 1733 761 1769 fidelium
797 1742 834 1769 et
867 1733 905 1768 in
939 1733 1001 1769 die
1034 1747 1113 1782 quo
1147 1733 1328 1770 Christus
1360 1732 1453 1770 fecit
1484 1733 1654 1769 salutem
1687 1732 1726 1769 in

419 1790 551 1826 medio
590 1799 694 1827 terre
737 1790 868 1827 audivi
913 1799 950 1827 te
990 1793 1190 1828 monendo
1230 1800 1266 1827 et
1306 1792 1567 1839 acceptando.
1615 1790 1725 1827 Sicut

418 1860 512 1895 ergo
544 1848 667 1884 nichil
701 1848 940 1896 accepcione
973 1849 1167 1897 temporis
1200 1858 1257 1885 est
1290 1848 1413 1885 vianti
1452 1848 1628 1893 liberius,
1669 1848 1724 1884 sic

417 1918 489 1941 nec
522 1905 598 1942 ista
629 1906 763 1953 gracia
796 1915 927 1954 potest
960 1906 1111 1955 aliquid
1150 1906 1312 1943 liberius
1350 1905 1585 1954 presentari.
1632 1907 1724 1942 Ideo

418 1963 553 1999 dicunt
587 1963 722 2000 fideles
756 1965 864 2012 quod
903 1964 1008 2000 idem
1050 1973 1106 2001 est
1146 1978 1226 2001 non
1265 1964 1475 2012 cooperari
1515 1977 1603 2000 cum
1640 1966 1723 2000 Deo

417 2021 455 2056 in
489 2021 564 2057 isto
598 2030 779 2069 tempore
818 2023 868 2058 ad
908 2024 1143 2058 merendum
1186 2031 1222 2059 et
1262 2022 1386 2058 ociari
1424 2022 1464 2057 in
1502 2022 1591 2058 loco
1631 2021 1754 2058 insi-T·

417 2079 586 2124 diarum,
632 2079 672 2115 in
709 2081 811 2116 vado
851 2089 918 2116 aut
956 2090 1076 2127 portu
1114 2080 1353 2128 periculoso,
1392 2079 1459 2115 ubi
1501 2091 1722 2127 cooperans

416 2136 541 2184 possit
581 2138 727 2173 habere
766 2137 1067 2185 paratissimum
1109 2138 1349 2174 adiutorem.
1395 2136 1577 2173 Christus
1617 2137 1720 2173 enim

416 2193 563 2230 assistit
601 2195 656 2230 sic
693 2195 892 2231 viantibus
932 2196 997 2244 qui
1036 2196 1174 2232 volunt
1219 2195 1434 2232 efficaciter
1477 2207 1517 2231 se
1559 2195 1721 2236 salvari;

415 2251 504 2287 ideo
544 2252 740 2300 sequitur:
782 2253 883 2289 Ecce
915 2266 1012 2290 nunc
1044 2261 1193 2303 tempus
1225 2253 1470 2302 acceptabile,
1510 2265 1594 2289 ecce
1625 2265 1722 2288 nunc

415 2310 494 2345 dies
525 2311 671 2346 salutis.

472 2369 668 2404 Instanter
707 2367 811 2404 enim
852 2369 1040 2405 laborant
1073 2368 1284 2417 Romipete
1322 2377 1364 2404 ut
1403 2376 1605 2416 presentes
1644 2367 1720 2404 sint

414 2437 516 2472 pape
549 2426 599 2460 ad
633 2425 918 2473 porrigendum
952 2426 1172 2474 peticiones
1205 2439 1296 2463 suas
1329 2439 1402 2474 pro
1435 2434 1616 2473 tempore
1641 2438 1719 2473 quo

415 2481 548 2529 gracia
582 2492 638 2518 est
671 2492 848 2531 accepta.
884 2485 961 2520 Sed
996 2497 1100 2532 papa
1130 2493 1264 2521 noster
1288 2484 1470 2520 Christus
1500 2483 1718 2530 graciosius

414 2540 596 2575 concedit
620 2541 837 2588 ampliores
861 2541 1014 2589 gracias
1038 2542 1077 2577 in
1102 2542 1178 2578 hoc
1201 2551 1396 2590 tempore,
1431 2553 1521 2577 cum
1544 2541 1717 2581 viamus:

412 2609 484 2633 nec
518 2607 678 2645 oportet
711 2611 871 2635 currere
903 2599 1156 2645 Avinionam,
1192 2600 1285 2648 quia
1324 2600 1435 2636 locus
1475 2606 1531 2634 est
1570 2598 1717 2646 ubique

479 2752 504 2780 3.
527 2753 622 2781 coa:
644 2762 712 2781 cum
735 2763 816 2782 cum.
891 2764 918 2788 9.
942 2757 1037 2784 Cod.:
1059 2757 1160 2784 lluedi.
1235 2765 1277 2792 19.
1300 2757 1395 2784 Cod.:
1418 2762 1593 2792 postquam.

480 2848 531 2887 34.
558 2849 596 2879 ΙΙ.
625 2849 703 2879 Cor.
727 2849 787 2890 VI„
810 2860 838 2880 2.
938 2848 990 2881 3¹3.
1018 2850 1070 2882 Cf.
1098 2852 1222 2889 Serm„
1249 2851 1331 2882 Par<
1360 2852 1397 2889 H,
1424 2861 1500 2893 pag.
1530 2851 1608 2891 341.

1752 884 1788 904 10

1750 1161 1785 1192 15

1744 1738 1782 1769 25

1738 2317 1776 2349 35

1736 2615 1775 2645 40
