1944 3323
136 254 210 299 148
714 257 936 290 JOHANle
956 258 1137 290 WYCLIF
1156 258 1414 291 SERMONUM
1469 244 1621 303 [SERMO
1643 256 1725 285 X1x.

418 364 599 401 Christus
637 365 713 400 hoc
751 376 831 400 non
871 372 1004 412 posset
1044 364 1185 410 facere,
1227 364 1482 401 manifestum
1523 374 1580 401 est
1618 368 1725 414 quod

418 422 472 458 hii
505 423 560 459 sic
593 421 776 458 faciendo
808 434 888 457 non
921 421 1105 458 exhibent
1138 434 1177 458 se
1212 422 1358 458 Christi
1399 422 1616 468 ministros,
1657 425 1725 459 sed

418 480 510 517 elati
543 493 661 529 super
692 492 801 515 omne
833 480 933 527 quod
965 480 1106 515 dicitur
1137 479 1245 516 Deus
1276 480 1489 528 precipuos
1523 480 1726 517 ministros

152 550 222 588 who
243 551 379 589 endu-red
419 537 582 574 diaboli.
617 540 812 585 Respectu
846 536 1006 585 quidem
1032 536 1179 574 Christi
1204 546 1261 574 est
1293 550 1374 574 non
1407 538 1462 574 sic
1496 551 1725 575 excommu-

175 585 364 655 Ηὲῗξζῑὶὲηᾚῖὴ
419 595 554 632 nicare
586 597 655 631 sed
688 594 892 631 humiliter
933 595 1104 631 tolerare
1143 594 1322 642 iniurias,
1363 605 1400 632 et
1436 609 1570 632 nonne
1609 598 1759 633 docet5

418 655 634 702 Apostolus
667 654 768 702 quod
799 653 1048 689 exhibeamus
1079 661 1226 689 nosmet
1257 654 1360 703 ipsos
1390 654 1487 690 sicut
1509 654 1585 690 Dei
1615 655 1723 690 mini-

416 720 519 748 stros
541 712 576 747 in
601 712 721 747 multa
738 711 966 760 paciencia?
985 711 1164 747 Christus
1186 711 1283 747 enim
1306 724 1391 747 cum
1416 712 1725 759 malediceretur,

418 782 489 805 non
523 769 775 805 maledicebat
812 772 869 813 (ut
909 768 1005 805 dicit
1045 769 1183 805 beatus
1217 771 1371 814 Petrus)
1411 778 1449 806 et
1488 770 1726 817 generaliter

417 826 500 863 sine
532 827 708 863 vindicta
741 825 920 874 appetita
952 827 1012 862 vel
1046 835 1164 874 capta
1198 826 1428 863 humanitus
1461 840 1617 864 summe
1656 841 1725 876 pa-

418 885 569 921 cienter
601 884 691 921 tulit
724 897 861 920 omnes
894 883 1079 929 iniurias;
1113 885 1162 920 acl
1195 883 1499 921 similitudinem
1533 885 1593 921 sui
1627 898 1723 934 apo·
1746 900 1783 922 ιο

417 942 508 978 stoli
527 943 769 979 sufferebant
792 954 935 979 novem
960 943 1058 978 tales
1082 941 1320 990 penalitates
1346 955 1419 990 pro
1443 942 1526 979 eius
1548 943 1723 979 nomine.

417 1002 464 1036 Et
498 1000 591 1048 quia
620 1000 685 1037 ille
709 999 914 1048 paciencie
936 1000 1093 1036 fuerant
1114 1000 1314 1047 geminate
1337 1002 1555 1036 secundum
1581 1013 1726 1049 corpus

417 1067 454 1094 et
478 1058 668 1104 animam,
703 1058 793 1094 ideo
815 1058 1034 1106 Apostolus
1056 1067 1173 1094 vocat
1197 1070 1283 1094 eam
1309 1059 1468 1094 multam
1487 1058 1724 1108 pacienciam

417 1117 550 1165 quoad
582 1129 794 1152 numerum
829 1125 866 1152 et
899 1117 948 1152 ad
981 1125 1152 1164 tempus.
1187 1116 1332 1152 Paulus
1366 1115 1471 1152 enim
1505 1129 1645 1165 passus
1670 1126 1726 1153 est

416 1175 451 1210 in
484 1174 799 1210 tribulacionibus
838 1178 895 1218 (ut
936 1183 1044 1222 patet
1086 1176 1138 1210 11³¹
1174 1175 1264 1210 Cor.
1299 1175 1389 1210 ΧΙΙΟ
1430 1183 1467 1210 et
1506 1187 1626 1222 supra
1665 1179 1782 1211 ex-15

415 1232 578 1280 ponitur
611 1234 804 1269 Sermone
835 1233 943 1268 XIXO
978 1231 1093 1268 huius
1126 1232 1173 1268 de
1204 1231 1341 1279 viginti
1374 1240 1526 1280 septem
1560 1232 1726 1269 tribula-

416 1289 597 1326 cionibus
630 1289 738 1335 suis).

152 1345 376 1415 Tffgljst‘fgjssss
474 1348 659 1385 Secundo
697 1347 878 1384 tribulati
917 1356 1006 1384 sunt
1040 1346 1213 1396 apostoli
1245 1347 1281 1382 in
1315 1348 1615 1393 necessitatibus,
1650 1349 1724 1383 hoc

313 1402 334 1406 „.
416 1414 485 1451 est,
531 1406 571 1442 in
615 1405 792 1454 penuriis
830 1405 1149 1442 necessariorum
1189 1404 1278 1451 vite,
1324 1404 1425 1442 sicut
1466 1414 1503 1441 et
1543 1405 1724 1442 Christus

415 1477 553 1511 passus
592 1473 661 1509 est,
703 1476 791 1499 cum
832 1463 970 1499 esuriit
1009 1472 1204 1512 quantum
1236 1463 1360 1499 voluit
1393 1466 1450 1507 (ut
1483 1471 1592 1511 patet
1625 1465 1724 1499 Mat·
1742 1477 1783 1499 20

414 1521 493 1558 thei
528 1523 599 1558 IV0
633 1530 669 1558 et
700 1522 837 1566 XXIO).

470 1579 613 1616 Tercio
646 1578 826 1615 tribulati
858 1588 949 1614 sunt
982 1579 1017 1614 in
1049 1578 1240 1629 angustiis
1272 1578 1415 1627 quibus
1455 1591 1498 1615 ex
1531 1578 1724 1615 evadendi

414 1637 650 1674 difficultate
682 1636 814 1685 sepius
848 1646 937 1673 sunt
971 1636 1135 1673 astricti.

472 1697 626 1742 Quarto
658 1694 839 1731 tribulati
872 1703 963 1731 sunt
995 1695 1030 1730 in
1058 1694 1194 1744 plagis
1227 1697 1283 1739 (ut
1316 1703 1425 1742 patet
1459 1695 1506 1730 de
1528 1695 1725 1742 Apostolo

415 1754 608 1790 Sermone
640 1761 683 1789 ut
715 1756 863 1801 supra).
1743 1757 1781 1789 25

473 1811 623 1856 Quinto
655 1810 691 1846 in
725 1810 945 1846 carceribus
977 1809 1121 1858 quibus
1153 1809 1478 1857 impediebantur
1501 1809 1725 1846 discurrere

414 1871 463 1905 ad
503 1869 772 1905 edificandum
811 1866 1021 1904 ecclesiam
1067 1876 1103 1903 et
1147 1866 1188 1902 in
1233 1879 1402 1915 corpore
1451 1867 1725 1915 multipliciter

415 1935 504 1963 sunt
536 1926 679 1975 puniti.

473 1987 590 2021 Sexto
635 1983 814 2020 tribulati
860 1992 950 2019 sunt
999 1983 1033 2018 in
1078 1982 1344 2029 sedicionibus,
1398 1991 1440 2019 ut
1486 1995 1565 2019 una
1610 1991 1723 2030 parte

414 2042 553 2091 populi
582 2051 742 2078 tenente
772 2054 861 2078 cum
887 2040 1034 2078 Christi
1064 2040 1255 2088 apostolis
1286 2049 1322 2076 et
1352 2040 1429 2077 alia
1454 2049 1594 2077 contra
1617 2040 1721 2076 illos.
1741 2046 1782 2078 30

472 2099 652 2149 Septimo
685 2101 720 2135 in
755 2099 949 2135 laboribus
982 2097 1261 2146 corporalibus
1294 2099 1501 2146 operando
1526 2097 1721 2144 manibus,

413 2168 456 2194 ut
488 2158 580 2195 fecit
612 2156 828 2205 Apostolus
867 2166 963 2204 aput
996 2155 1210 2193 Corinthos
1252 2156 1310 2202 (ut
1342 2164 1451 2204 patet
1485 2158 1571 2192 Act.
1604 2157 1722 2200 XXO).

472 2217 624 2252 Octavo
663 2214 844 2251 tribulati
884 2223 973 2251 sunt
1013 2214 1047 2250 in
1088 2214 1243 2264 vigiliis,
1282 2226 1363 2249 non
1396 2214 1525 2250 solum
1559 2222 1724 2262 propter

415 2273 614 2310 iusticiam
655 2272 891 2310 oracionum
934 2280 970 2308 et
1005 2271 1258 2319 diligenciam
1292 2271 1621 2319 predicacionum
1655 2272 1723 2307 sed

413 2341 578 2379 propter
610 2331 797 2367 timorem
830 2329 1173 2378 persecucionum.
1740 2333 1779 2365 35

471 2392 586 2425 Nono
618 2388 798 2425 tribulati
832 2397 923 2424 sunt
956 2388 991 2423 iu
1025 2387 1172 2423 ieiuniis
1206 2398 1280 2434 que
1314 2386 1436 2433 gratis
1470 2394 1721 2434 acceperant,

413 2456 455 2482 ut
488 2459 633 2495 corpus
666 2445 812 2482 serviat
834 2445 966 2482 anime
990 2444 1231 2481 meritorius.
1267 2446 1314 2480 Et
1338 2445 1409 2480 hec
1441 2456 1585 2480 novem
1619 2455 1724 2479 exer-

413 2505 536 2541 citant
575 2503 780 2541 ministros
813 2502 959 2540 Christi
1000 2504 1049 2539 ad
1083 2515 1197 2538 suum
1238 2501 1416 2537 officium
1451 2501 1655 2537 humiliter
1688 2510 1723 2537 et

481 2639 504 2667 5.
527 2638 622 2666 Coa:
644 2647 714 2665 non.
798 2646 823 2665 ”.
845 2637 879 2664 In
900 2644 1013 2671 marg:
1037 2644 1053 2663 1.
1139 2644 1171 2662 11.
1194 2635 1290 2662 (ἐθὰς
1312 2635 1473 2670 penalitas.
1554 2634 1596 2662 16.
1617 2634 1721 2662 Recte:

413 2674 562 2701 Sermone
582 2672 706 2700 XVIII-³.
781 2654 820 2700 Ιέ.
840 2673 874 2700 111
896 2679 1009 2706 marg.:
1031 2678 1055 2696 2.
1130 2677 1172 2696 22.
1195 2670 1228 2696 In
1250 2677 1364 2704 marg:
1386 2669 1418 2703 33
1447 2669 1488 2696 ib.
1509 2669 1539 2696 in
1561 2669 1647 2696 cod.:
1671 2678 1723 2707 aui-

412 2713 530 2741 gustus.
637 2715 683 2740 24.
704 2708 737 2734 In
760 2715 873 2742 marga:
894 2715 922 2738 4.
1037 2711 1082 2732 20.
1105 2705 1136 2731 ln
1160 2712 1273 2739 marga
1294 2704 1318 2732 5.
1434 2711 1480 2738 29.
1502 2704 1534 2731 In
1556 2712 1670 2739 marg:
1694 2710 1720 2731 ω.

411 2742 451 2770 31.
472 2744 505 2770 In
526 2750 640 2777 marg:
662 2750 687 2776 7.
772 2741 815 2769 33.
836 2742 869 2770 In
891 2748 1004 2774 marg.:
1025 2739 1051 2766 ὃ,
1138 2738 1178 2765 35.
1202 2738 1296 2765 Cod.:
1317 2738 1438 2765 timoris
1459 2738 1721 2772 persecucionem.

412 2777 457 2805 36.
479 2778 511 2804 In
534 2785 646 2812 marg:
669 2785 696 2811 9.

482 2872 513 2901 7.
539 2861 562 2892 l.
588 2860 678 2891 Petri
706 2860 745 2898 11,
774 2861 826 2891 23.
928 2861 963 2892 13
992 2868 1025 2891 et
1051 2870 1140 2902 seq.:
1170 2861 1208 2891 ll.
1234 2860 1315 2891 Cor.
1339 2860 1393 2899 Vl,
1418 2857 1519 2900 4—6.
