1944 3323
151 263 232 296 404
733 261 952 293 JOHANNIS
974 260 1155 293 WYCLIF
1175 261 1428 294 SERMONUM
1452 247 1604 306 [SERMO
1625 258 1745 287 XLVII-

436 367 492 404 sic
535 369 641 416 quod
692 367 777 415 ipsa
828 367 997 415 originet
1042 367 1274 404 hereditatis
1326 367 1537 404 dacionem
1584 377 1621 404 et
1666 381 1745 404 non

437 425 548 474 prior
586 425 815 474 promissio.
850 426 1026 462 Vocatur
1060 434 1192 462 autem
1227 426 1285 462 lex
1318 425 1496 462 Mosaica
1530 425 1569 462 in
1601 439 1747 474 propo-

437 483 512 520 sito
541 483 777 520 universitas
801 482 1013 519 veritatum
1038 496 1135 532 quas
1159 485 1313 531 Moyses
1338 484 1377 520 in
1399 483 1559 532 scriptis
1582 483 1747 532 redegit,

438 550 475 578 et
508 542 610 577 inter
642 540 729 577 illas
760 540 905 577 veritas
938 541 1117 589 predicta
1142 541 1304 577 Genesis
1337 550 1421 578 erat
1453 554 1544 578 una.
1580 543 1750 587 Quando

438 599 566 636 eciam
590 598 726 647 ligavit
751 599 852 635 filios
883 600 1003 636 Israel
1027 600 1098 635 hec
1132 599 1330 647 scriptura
1355 612 1397 636 ex
1420 599 1783 648 promulgacione5

438 657 577 705 Moysi,
624 666 718 693 tunc
763 657 866 693 facta
917 666 974 693 est
1023 658 1095 707 lex,
1145 670 1235 693 cum
1289 659 1507 694 secundum
1553 658 1748 694 famosam

437 714 712 763 signacionem
756 714 902 752 veritas
946 727 1027 751 non
1072 723 1130 751 est
1173 714 1229 751 sic
1274 716 1332 751 lex
1376 724 1591 764 antequam
1634 714 1751 751 fuerit

438 773 707 821 promulgata.

186 834 237 862 Yet
258 835 307 862 the
327 835 385 861 law
496 832 543 866 Et
576 830 607 867 si
646 830 820 867 obicitur
852 831 959 878 quod
999 830 1213 878 promissio
1247 829 1319 866 Dei
1352 831 1455 867 facta
1488 831 1647 867 Abrahe
1679 829 1751 866 fuit

183 874 387 940 ,ςῃῖἶὲῐᾞέἓῇς
438 900 509 937 per
541 900 580 925 se
615 901 658 924 ex
691 900 730 925 se
763 888 966 925 sufficiens
1006 889 1056 925 ad
1089 887 1351 924 hereditatem
1385 888 1513 936 patrie
1546 888 1751 936 possiden·
1771 901 1808 922 10

439 947 544 992 dam,
586 958 681 995 ergo
715 946 831 983 dacio
870 946 967 994 legis
1000 946 1072 982 fuit
1101 942 1105 999 Ι
1134 946 1351 995 superflua,
1386 955 1495 995 patet
1527 947 1635 995 quod
1667 959 1751 982 non
1767 937 1848 998 1³02

437 1005 541 1041 valet
570 1004 875 1053 consequencia,
906 1017 996 1040 cum
1020 1006 1125 1040 Deus
1155 1012 1370 1053 utrumque
1400 1012 1565 1053 propter
1589 1017 1750 1040 causam
1769 982 1831 1017 ²83

438 1062 727 1099 racionabilem
782 1062 994 1099 ordinavit.
1061 1063 1110 1098 Et
1164 1062 1318 1099 utinam
1372 1075 1512 1099 omnes
1566 1061 1751 1110 discipuli

437 1120 674 1157 Antichristi
733 1120 879 1157 scirent
938 1120 1140 1168 assignare
1199 1133 1361 1157 causam
1421 1129 1503 1157 tam
1570 1120 1750 1168 patulam

437 1178 666 1226 negacionis
712 1178 1002 1227 consequencie
1047 1191 1124 1227 qua
1177 1178 1345 1214 infertur
1397 1179 1505 1227 quod
1558 1179 1662 1226 leges
1716 1186 1753 1213 et
1773 1181 1809 1212 15

438 1235 649 1284 religiones
701 1237 857 1273 novelle
910 1245 1000 1284 post
1052 1236 1261 1273 dacionem
1314 1236 1410 1284 legis
1461 1244 1498 1272 et
1550 1235 1752 1283 religionis

438 1294 587 1331 Christi
627 1294 890 1342 superfluunt.
937 1294 1207 1342 Negacionem
1254 1303 1386 1330 autem
1429 1294 1573 1342 prioris
1615 1305 1754 1330 conse-

439 1351 607 1401 quencie
640 1352 770 1388 innuit
802 1353 1033 1400 Apostolus,
1068 1365 1157 1389 cum
1198 1351 1254 1388 sic
1287 1351 1400 1389 dicit:
1433 1352 1589 1387 Abrahe
1626 1359 1750 1387 autem

433 1422 508 1460 per
542 1410 877 1459 repromissionem
911 1411 1067 1446 donavit
1099 1411 1217 1447 Deus.
1266 1410 1369 1454 Quid
1407 1410 1530 1460 igitur
1569 1410 1664 1446 Iex?
1707 1421 1753 1445 ac

439 1468 470 1504 si
504 1477 758 1516 argueretur:
799 1468 838 1504 Si
871 1469 1075 1504 Abraham
1117 1477 1153 1504 et
1194 1467 1314 1504 ceteri
1353 1467 1580 1516 patriarche
1618 1479 1754 1504 conse-
1770 1480 1811 1502 20

440 1525 521 1563 cuti
573 1535 663 1562 sunt
715 1525 1005 1563 beatitudinem
1059 1538 1101 1563 ex
1154 1525 1468 1574 repromissione
1522 1525 1606 1562 sine
1658 1524 1754 1572 legis

441 1584 623 1630 dacione,
659 1597 752 1632 ergo
786 1583 996 1632 superfluit
1025 1583 1224 1632 posterius
1249 1585 1343 1620 dare
1375 1584 1516 1631 legem.
1551 1584 1627 1620 Sed
1662 1595 1755 1619 con-

439 1642 697 1690 sequenciam
730 1642 847 1678 istam
874 1641 1002 1678 innuit
1025 1642 1242 1690 Apostolus
1276 1654 1359 1678 esse
1391 1643 1628 1689 negandam,
1663 1653 1752 1677 cum

155 1706 180 1733 11
200 1714 264 1732 W‘ls
286 1704 414 1738 needed,
438 1700 536 1748 legis
576 1700 691 1736 dacio
724 1700 854 1736 valeat
893 1701 943 1736 ad
983 1701 1053 1736 hec
1086 1699 1174 1746 tria,
1209 1699 1340 1748 primo
1374 1701 1423 1736 ad
1457 1700 1750 1736 cohercendum

151 1784 180 1802 10
209 1740 424 1802 sffflffiotffsunffl
440 1766 476 1794 et
501 1758 779 1806 castigandum
813 1758 980 1794 rebelles
1003 1758 1319 1805 tiansgressione
1353 1757 1520 1794 notabili
1544 1769 1752 1806 quousque
1770 1760 1807 1792 25

156 1809 416 1872 (Jnsshtelfffiuolsst
437 1825 588 1853 venriet
627 1816 686 1852 lex
725 1816 875 1852 amoris
916 1815 1027 1852 cuius
1073 1824 1213 1852 auctor
1262 1824 1318 1852 est
1352 1815 1534 1853 Christus
1580 1814 1645 1863 qui
1695 1823 1752 1851 est

252 1880 314 1906 life·
437 1886 574 1910 semen
595 1875 754 1910 Abrahe
787 1873 1030 1922 promissum
1065 1883 1101 1910 et
1134 1874 1260 1922 legem
1294 1873 1485 1921 evangelii
1519 1872 1751 1909 immediate

436 1934 612 1969 tradens
648 1934 702 1968 Ex
735 1931 878 1980 quibus
917 1931 1097 1980 sequitur
1136 1933 1243 1980 quod
1283 1931 1342 1967 lex
1380 1939 1490 1968 vetus
1529 1930 1629 1967 infra
1674 1940 1751 1967 ter-

436 1990 565 2026 minos
598 1989 653 2026 sic
687 1989 853 2035 inclusa,
887 1989 989 2026 sicut
1013 1989 1152 2026 habuit
1175 1989 1379 2026 racionem
1404 1988 1463 2025 sui
1486 1988 1593 2025 inicii
1617 1990 1750 2037 quoad

435 2047 652 2094 iudicialia,
699 2047 754 2084 sic
794 2048 910 2084 debet
949 2048 1095 2084 habere
1135 2047 1253 2084 finem
1296 2048 1429 2095 quoad
1469 2046 1672 2083 iudicialia
1713 2055 1749 2083 et
1765 2049 1807 2081 30

436 2105 721 2142 ceremonialia
738 2118 858 2142 causa
882 2104 1118 2142 racionabili
1143 2105 1333 2153 exigente.
1360 2106 1437 2141 Sed
1462 2117 1552 2141 curn
1569 2104 1749 2141 Christus

435 2163 507 2199 fuit
547 2176 616 2211 per
648 2175 688 2199 se
721 2176 841 2200 causa
876 2162 1004 2199 finalis
1037 2163 1217 2199 omnium
1252 2162 1482 2199 huiusmodi
1516 2162 1747 2210 figurarum⁷

436 2221 691 2257 manifestum
726 2230 783 2257 est
807 2222 914 2269 quod
940 2220 1098 2257 Christo
1123 2221 1194 2257 Dei
1229 2221 1310 2258 filio
1343 2220 1525 2257 veniente
1558 2220 1598 2256 in
1631 2232 1748 2257 carne

435 2291 589 2315 cessare
624 2280 843 2315 debuerant
877 2288 913 2315 et
945 2279 1005 2315 lex
1037 2278 1131 2315 levis
1164 2278 1313 2315 amoris
1346 2278 1435 2314 filiis
1468 2287 1505 2315 et
1538 2277 1748 2314 heredibus

435 2338 551 2373 debet
584 2336 683 2373 dari.
719 2338 810 2373 Ideo
836 2336 932 2373 dicit
955 2337 1174 2384 Apostolus
1207 2338 1316 2385 quod
1350 2337 1415 2372 let
1433 2343 1599 2385 lyr-Ops&
1621 2343 1746 2372 tycmS-
1766 2339 1804 2370 35

432 2424 454 2445 ξ,
434 2395 671 2441 messionem
697 2402 823 2443 posztcz
857 2402 924 2441 est,
948 2395 1065 2430 donec
1090 2395 1233 2430 ν’·θιιινεῑ
1255 2407 1380 2430 semen
1411 2394 1472 2429 cui
1497 2407 1550 2442 pt
1553 2406 1693 2430 0111!st
1696 2401 1748 2440 α,ί

434 2452 612 2488 ordinata
641 2465 716 2501 per
747 2453 908 2503 anoelos
939 2453 975 2487 in
1009 2465 1122 2488 mann
1162 2452 1398 2495 mediatotis‚
1431 2451 1543 2500 quasi
1577 2450 1745 2488 diceret:

436 2511 512 2546 Lex
545 2518 657 2546 vetus
690 2518 857 2558 propter
890 2510 1114 2558 petulantes
1153 2509 1313 2547 iuvenes
1346 2518 1382 2546 et
1416 2509 1582 2545 rebelles
1615 2509 1745 2557 posita

435 2576 491 2603 est
532 2567 606 2604 illis
646 2576 688 2604 ut
720 2568 888 2613 frenum,
930 2576 966 2604 et
1000 2568 1074 2604 hoc
1108 2580 1178 2615 per
1211 2566 1475 2604 ministerium
1512 2567 1742 2614 angelorum

434 2624 500 2672 qui
534 2625 657 2661 locuti
691 2634 781 2662 sunt
804 2625 930 2673 Moysi
962 2628 1019 2671 (ut
1052 2633 1160 2673 patet
1182 2627 1268 2665 Act.
1288 2627 1411 2672 V1110)
1436 2626 1561 2661 donec
1594 2624 1745 2661 veniret
1759 2637 1803 2667 40

504 2782 543 2808 18.
566 2781 660 2808 Cod.:
683 2782 842 2816 apostolis.
916 2789 960 2816 27,
982 2781 1026 2809 28.
1049 2782 1144 2808 Cod.:
1166 2781 1344 2809 immediate
1364 2782 1498 2808 tal'dens.

508 2876 558 2909 18.
586 2877 659 2908 Gal.
688 2877 743 2914 ΙΙΙ,
778 2877 826 2915 18,
859 2888 906 2919 ις).
1005 2877 1056 2908 35.
1085 2878 1128 2908 ib.
1162 2888 1210 2919 ¹9·
