1944 3323
145 283 147 285 Ι
182 244 318 274 SERMO
341 233 425 292 xv.]
674 245 851 277 TERTm
877 244 1003 276 PARS.

183 354 365 392 nutriunt
395 362 528 390 autem
558 352 742 388 ordinem
774 353 924 388 bonum
955 351 1005 387 ad
1035 349 1262 399 proximum
1287 358 1369 386 tam
1402 349 1505 386 inter

185 413 371 458 maiores,
397 425 486 448 cum
512 412 656 447 docent
680 423 803 447 onera
826 418 1080 458 supportare,
1104 408 1275 445 offensas
1301 407 1504 444 remittere

183 481 220 509 et
261 471 486 518 exemplum
527 469 656 506 tocius
695 467 1016 505 conversacionis
1056 480 1078 504 a
1111 466 1271 504 Christo
1312 466 1502 515 recipere.

183 532 283 567 Cum
319 528 425 566 enim
457 527 544 576 ipse
577 527 650 564 fuit
690 539 847 563 summe
887 525 1084 563 modestie
1123 534 1161 562 et
1205 524 1316 562 omni
1360 537 1504 573 genere

148 588 395 633 §virtuosus7
413 599 485 624 nec
510 594 567 623 est
586 585 810 633 exemplum
836 584 945 621 aliud
967 583 1220 627 familiarius,
1237 582 1505 631 propinquius

181 655 250 684 aut
293 644 460 692 cercius,
508 645 651 681 stultus
695 644 798 680 foret
843 642 910 692 qui
960 642 1049 691 ipso
1097 641 1237 679 relicto
1288 640 1507 689 gustaverit

179 705 331 742 fontem
365 712 611 741 extraneum.
645 703 746 740 Cum
781 701 887 738 enim
922 701 1103 738 Christus
1135 713 1217 737 non
1249 708 1382 749 potest
1415 711 1506 748 pec-

181 775 272 801 care
311 764 370 810 (ut
402 771 513 811 patet
544 762 631 798 Joh.
655 759 794 811 V1110)‚
837 772 978 797 omnes
1017 767 1151 796 autem
1191 758 1259 795 alii
1293 761 1414 795 duces
1445 758 1507 795 vel

182 830 317 859 errant
356 821 418 858 vel
456 828 593 857 tenent
633 828 788 856 rectum
829 817 1050 864 tramitem,
1085 816 1239 866 precise
1273 818 1321 853 de
1354 825 1506 866 quanto

128 880 313 929 10ipsum
357 879 397 916 in
442 878 623 915 moribus
668 877 892 923 imitantur,
938 877 1083 913 stultus
1131 876 1234 912 foret
1278 874 1346 923 qui
1393 875 1505 911 illum

182 939 336 975 fontem
370 939 572 974 desereret
605 945 643 973 et
675 948 823 985 aquam
857 934 1062 971 turbidam
1097 935 1340 982 degustaret.
1386 935 1435 969 Et
1467 932 1507 968 in

181 996 256 1034 ista
289 995 465 1033 stulticia
506 997 553 1032 de
587 994 770 1043 eligendo
803 1005 918 1031 cecos
952 994 1086 1039 duces,
1126 991 1347 1029 diabolicas
1379 999 1507 1028 vestes

183 1064 221 1092 et
259 1067 398 1103 graves
437 1067 483 1091 ac
521 1052 776 1102 turpissimas
815 1060 1044 1089 armaturas
1085 1059 1191 1087 errat
1237 1049 1508 1087 communiter

181 1122 288 1150 totus
329 1113 515 1149 mundus.
565 1114 614 1148 Et
652 1111 743 1148 ideo
783 1111 936 1147 fructus
976 1109 1045 1159 qui
1076 1108 1347 1158 sequitur.est
1379 1107 1507 1156 preci-

127 1172 164 1205 15
181 1171 332 1221 pitacio
376 1170 417 1208 in
460 1170 694 1219 voraginem
738 1168 948 1215 viciorum,
1000 1167 1260 1217 perturbacio
1305 1167 1508 1203 horrenda

183 1229 514 1268 conversancium
574 1237 611 1265 et
667 1227 880 1277 superacio
938 1226 1256 1264 domesticorum
1313 1224 1505 1262 hostium.

181 1288 419 1326 Maledictus
475 1288 610 1336 itaque
657 1286 846 1323 dominus
895 1285 963 1335 qui
1014 1285 1071 1322 sic
1116 1284 1290 1321 finaliter
1333 1282 1507 1333 premiat

181 1359 318 1384 servos
351 1359 458 1384 suos.

240 1406 359 1443 Scola
403 1413 537 1442 autem
583 1416 704 1453 quam
751 1404 868 1440 docet
912 1402 1131 1451 Apostolus
1183 1399 1351 1449 requirit
1396 1408 1505 1437 sexto

122 1478 165 1500 20
180 1471 454 1514 supportantes
485 1462 661 1509 invicem,
699 1463 775 1499 hoc
810 1470 880 1508 est,
921 1460 1011 1497 illos
1045 1460 1114 1509 qui
1147 1472 1191 1496 ex
1224 1458 1506 1507 compassione

179 1531 367 1559 excusant
397 1521 500 1559 vicia
531 1520 822 1569 proximorum,
856 1528 894 1556 et
925 1518 1093 1568 requirit
1125 1517 1298 1566 septimo
1330 1517 1506 1554 scolares

182 1583 367 1617 donantes
410 1580 570 1616 invicem
617 1580 689 1615 sub
736 1578 846 1627 ipsis.
893 1579 994 1615 Cum
1041 1576 1146 1613 enim
1189 1577 1380 1612 debemus
1421 1587 1506 1612 esse

182 1639 342 1677 Christo
382 1638 453 1675 filii
492 1637 722 1674 imitatorii:
762 1637 806 1672 Si
841 1637 924 1685 quis
961 1636 1152 1672 adversus
1190 1635 1354 1683 aliquem
1394 1634 1507 1670 habet

181 1698 391 1748 querelam,
429 1697 527 1733 sicut
570 1696 749 1732 Christus
794 1694 952 1731 donavit
994 1693 1075 1731 suis
1121 1693 1316 1738 hostibus,
1367 1691 1423 1728 sic
1468 1701 1506 1728 et

125 1759 163 1792 25
182 1757 299 1793 debet
336 1756 420 1804 ipse
459 1753 667 1790 iniurianti
713 1754 865 1790 donare
909 1752 989 1789 sive
1036 1751 1253 1788 dimittere.
1299 1752 1348 1786 Et
1391 1758 1505 1799 patet

182 1813 446 1852 contrarietas
470 1813 572 1849 inter
594 1812 747 1849 scolam
772 1810 922 1848 Christi
953 1820 990 1847 et
1019 1810 1172 1847 scolam
1207 1808 1376 1853 diaboli3
1410 1821 1503 1845 nam

181 1873 292 1910 scola
337 1871 486 1910 Christi
538 1872 655 1907 docet
702 1883 827 1906 unum
877 1869 961 1906 eius
1009 1868 1254 1917 discipulum
1303 1866 1503 1916 reliquum

181 1939 435 1980 supportare,
491 1930 600 1966 scola
653 1938 788 1966 autem
843 1927 994 1965 diaboli
1048 1928 1165 1964 docet
1218 1938 1502 1975 quemcunque

182 1989 424 2038 discipulum
470 1989 636 2025 fratrem
680 2000 797 2024 suum
844 1986 1089 2035 deprimere3
1143 1984 1199 2022 sic
1253 1984 1358 2021 enim
1410 1983 1504 2021 facit

125 2052 167 2085 30
183 2048 372 2097 magister
394 2059 534 2084 eorum
559 2047 694 2095 quoad
716 2059 809 2082 suos
835 2044 1067 2094 discipulos.
1102 2045 1151 2080 Et
1184 2044 1362 2080 secundo
1396 2043 1504 2079 scola

183 2106 332 2145 Christi
366 2107 484 2143 docet
518 2104 738 2153 discipulos
771 2117 864 2141 suos
898 2102 1135 2140 altrinsecus
1170 2101 1338 2138 iniurias
1372 2101 1504 2138 illatas

182 2165 401 2210 remittere,
446 2165 516 2201 sed
553 2164 663 2200 scola
703 2162 854 2199 diaboli
888 2163 1005 2199 docet
1037 2160 1204 2198 omnino
1236 2160 1370 2197 illatas
1402 2159 1505 2196 iniu-

182 2224 261 2261 rias
298 2222 516 2268 vindicare,
556 2234 639 2258 non
683 2222 815 2258 solum
861 2220 902 2257 in
946 2221 1080 2257 hostes
1119 2220 1189 2256 sed
1226 2219 1267 2255 in
1306 2218 1396 2255 illos
1436 2217 1505 2266 qui

181 2283 330 2320 vellent
370 2293 454 2317 esse
496 2279 670 2329 pacifici,
713 2288 750 2316 et
789 2279 873 2316 sine
907 2278 1107 2315 modestia
1139 2289 1266 2326 usque
1299 2278 1350 2313 ad
1382 2276 1504 2313 inter-

127 2344 165 2378 35
182 2340 386 2378 nicionem
431 2338 584 2376 ulcisci.
634 2340 683 2375 Et
728 2338 846 2375 istam
892 2338 1043 2374 scolam
1090 2336 1277 2373 videntur
1321 2334 1504 2371 homines

183 2411 391 2437 armorum
445 2406 483 2434 et
535 2396 676 2445 legiste
728 2409 898 2442 servare,
947 2408 1039 2432 curn
1083 2394 1238 2443 priores
1283 2405 1409 2442 usque
1454 2395 1505 2430 ad

184 2466 357 2494 mortem
393 2468 486 2492 suos
519 2454 755 2492 iniuriantes
789 2454 903 2492 avide
935 2461 1235 2503 persequuntur
1269 2461 1306 2488 et
1338 2451 1503 2488 secundi

184 2515 352 2553 omnino
399 2514 616 2552 consulunt
661 2515 771 2563 quod
815 2512 1030 2550 iniuriatus
1079 2519 1345 2561 persequatur
1389 2522 1503 2547 suam

185 2573 400 2620 iusticiam,
426 2572 520 2621 quia
544 2571 661 2609 aliter
683 2572 788 2620 leges
825 2572 885 2619 (ut
916 2570 1120 2620 inquiunt)
1156 2569 1402 2619 deperirent,
1435 2569 1504 2605 sed

254 2729 283 2753 4.
306 2720 401 2748 Cod.:
424 2718 573 2746 modeste.
659 2726 688 2753 9.
710 2717 805 2745 Cod.:
833 2721 942 2745 errent.
1030 2724 1070 2752 19.
1092 2717 1126 2744 In
1151 2724 1264 2751 marg:
1287 2716 1378 2745 Sexta
1399 2715 1503 2742 vestis.

186 2763 232 2783 20.
255 2755 350 2783 Cod.:
372 2755 434 2782 illo.
502 2752 544 2781 25.
562 2752 656 2780 Cod.:
678 2761 740 2789 quo
761 2751 929 2780 iniuriandi
950 2752 1075 2779 donare.
1143 2750 1181 2779 31.
1199 2751 1294 2779 Cod.:
1316 2750 1502 2779 altrincicus.

185 2790 232 2825 34,
253 2790 294 2818 35.
316 2789 410 2818 Cod.:
433 2788 706 2816 intervencionem.
726 2789 776 2815 An
796 2787 976 2823 legendum:
997 2786 1294 2822 interempcionem?

259 2895 312 2917 20.
340 2884 417 2917 Col.
445 2884 500 2924 111,
525 2884 574 2916 13.

1718 246 1790 281 117

1532 529 1636 557 Christ
1656 530 1704 557 [lie
1725 539 1782 558 olle

1561 565 1701 599 example
1722 570 1752 592 to

1599 599 1715 627 follow.

1538 1401 1566 1428 6.
1588 1400 1779 1437 Forbearing

1550 1444 1608 1464 one
1628 1437 1766 1464 another.

1549 1643 1575 1670 7.
1596 1635 1767 1671 Forgiving

1549 1679 1607 1698 one
1628 1671 1764 1698 another.

1549 2339 1688 2367 Soldiers
1708 2339 1767 2366 und

1546 2374 1676 2410 lawyers
1698 2375 1767 2401 seek

1584 2417 1730 2444 revenge;
