1944 3323
100 263 151 307 64
682 270 904 302 JOHANNJs
924 270 1107 302 WYCLIF
1125 271 1379 302 SERMONUM
1467 258 1619 315 [SERMO
1640 268 1691 296 1x.

387 375 643 411 ambularunt
676 384 811 422 gentes
844 375 883 410 in
917 375 1066 411 lumine
1101 375 1190 411 fidei
1231 385 1266 412 et
1298 376 1521 412 intellectus
1555 377 1694 413 divini-

387 432 479 469 tatis
519 432 681 479 Christi,
720 433 821 469 sicut
861 434 910 469 ad
950 432 1104 469 literam
1146 442 1223 469 tres
1263 433 1428 480 gentiles
1469 434 1572 481 magi
1612 447 1695 470 am-

388 491 574 527 bularunt
614 490 653 526 in
693 490 843 526 lumine
881 491 992 526 stelle
1029 491 1075 526 ab
1115 491 1259 527 oriente
1297 490 1336 527 in
1369 492 1571 527 Betlehem
1605 494 1696 528 ado-

387 556 516 584 rantes
553 548 749 584 Christum
784 560 949 596 puerum
990 554 1047 593 (ut
1087 548 1232 584 dicitur
1264 548 1430 585 Matthei
1463 551 1529 594 110,
1565 554 1625 596 2);
1660 558 1696 586 et

387 618 477 642 cum
511 606 567 641 illi
600 606 759 642 fuerunt
790 617 912 653 reges,
948 614 1056 653 patet
1080 607 1284 654 quomodo
1317 607 1376 642 illi
1404 607 1729 643 ambulaverantf)

386 664 421 699 in
459 664 665 713 splendore
703 670 811 699 ortus
854 663 1020 708 Christ&
1058 665 1126 700 sed
1165 677 1245 700 non
1284 664 1448 700 dubium
1495 664 1589 713 quin
1630 664 1696 700 illa

387 721 608 769 corporalis
642 720 869 757 ambulacio
902 721 942 756 in
974 721 1186 769 splendore
1219 722 1313 758 astri
1348 731 1384 758 et
1416 721 1577 758 luminis
1611 735 1696 759 cor-

387 779 536 827 poralis
577 778 705 826 signat
745 778 1069 815 ambulacionem
1109 779 1359 827 spiritualem
1407 779 1445 816 in
1483 779 1617 827 gracia
1659 789 1695 816 et

386 837 530 873 virtute
563 849 634 884 per
666 835 1009 873 illuminacionem
1044 837 1138 873 solis
1172 836 1452 885 intelligencie.

121 902 221 929 These
243 902 345 928 words
445 895 547 930 Leva
581 894 616 929 in
648 895 809 930 circuitu
842 895 972 930 oculos
1004 902 1088 931 tuos
1122 903 1155 931 et
1190 895 1296 931 vide:
1342 896 1482 931 Omnes
1516 895 1578 931 isti
1608 908 1694 931 con-
1718 910 1755 930 10

100 938 370 998 ¹,c‚[.‘,.‘esslgc*¹{¹0“}1w
385 952 548 1002 gregati
577 959 676 997 sunt,
700 960 882 988 venerunt
905 953 982 988 tibi.
1019 953 1147 988 Verba
1178 961 1308 989 autem
1344 952 1419 989 ista
1450 963 1615 1000 possunt
1648 954 1698 989 ad

192 1006 283 1040 Magi.
387 1009 591 1047 Christum
638 1009 754 1057 dirigi
794 1010 860 1058 qui
907 1019 963 1046 est
1007 1009 1240 1046 universalis
1286 1010 1453 1047 ecclesia
1498 1020 1534 1047 et
1579 1020 1698 1059 caput

387 1067 514 1104 tocius
548 1067 712 1104 ecclesie
746 1067 954 1104 militantis
988 1077 1024 1104 et
1048 1081 1117 1116 per
1150 1081 1396 1116 consequens
1421 1069 1538 1104 habet
1560 1070 1698 1104 oculos

389 1125 659 1162 misericordie
692 1125 887 1171 effusivos‚
922 1138 990 1173 per
1014 1138 1113 1174 quos
1148 1127 1241 1162 dum
1275 1125 1436 1174 respicit
1459 1139 1528 1174 per
1559 1128 1696 1163 orbem

388 1184 591 1220 effundens
631 1183 806 1230 graciam
848 1183 1013 1219 attrahit
1054 1183 1128 1220 sibi
1161 1193 1197 1220 et
1230 1193 1443 1232 congregat
1475 1183 1514 1220 in
1547 1184 1699 1220 unitate
1721 1187 1754 1218 15

390 1241 480 1277 fidei
511 1253 577 1277 eos
601 1240 668 1289 qui
698 1241 806 1289 prius
830 1241 993 1277 diversis
1023 1241 1224 1277 erroribus
1253 1251 1343 1277 sunt
1367 1241 1547 1290 dispersi.
1582 1243 1697 1287 Quod

389 1308 521 1335 autem
556 1298 737 1336 Christus
777 1300 975 1335 levaverat
1007 1300 1144 1336 oculos
1183 1312 1274 1335 suos
1314 1299 1353 1335 in
1385 1300 1543 1335 stabulo
1578 1309 1613 1335 et
1647 1299 1698 1335 vi-

390 1359 502 1393 derat
527 1365 606 1393 tres
630 1369 740 1404 reges
765 1370 853 1393 cum
878 1369 948 1393 sua
972 1357 1123 1393 familia
1146 1357 1212 1405 qui
1235 1366 1426 1393 venerunt
1451 1359 1497 1393 de
1522 1358 1698 1393 Chaldea

390 1416 439 1451 ad
470 1414 599 1462 ipsum
625 1414 793 1450 fideliter
816 1416 1083 1461 adorandum,
1107 1415 1261 1451 videtur
1284 1428 1367 1451 esse
1397 1427 1533 1451 sensus
1563 1416 1698 1451 catho-

390 1473 501 1518 licus,
541 1485 630 1508 cum
672 1485 757 1508 mos
796 1472 845 1508 sit
883 1485 994 1508 sacre
1032 1472 1227 1520 scripture
1267 1485 1433 1509 onerare
1465 1474 1584 1509 verba
1627 1486 1698 1508 sua
1717 1486 1756 1506 πο

391 1530 627 1566 multiformi
660 1530 875 1566 sentencia.
920 1531 1033 1566 Unde
1067 1530 1227 1578 quidem
1267 1530 1441 1578 dirigunt
1474 1530 1547 1566 ista
1580 1532 1699 1566 verba

390 1590 438 1624 ad
485 1597 663 1624 sanctam
704 1587 911 1624 ecclesiam
954 1587 1014 1624 cui
1056 1601 1097 1624 ex
1142 1588 1251 1623 omni
1296 1589 1420 1624 latere
1463 1588 1501 1624 in
1547 1588 1697 1624 unitate

392 1645 480 1682 fidei
521 1646 683 1682 veniunt
722 1659 792 1682 sua
833 1647 1030 1682 membra:
1076 1647 1179 1691 Filii,
1224 1646 1365 1694 inquit,
1410 1646 1465 1681 tui
1502 1647 1548 1682 de
1586 1647 1700 1695 longe

390 1704 535 1740 venient
557 1704 689 1753 etsilie
720 1712 782 1739 tue
814 1705 860 1739 de
891 1705 1011 1739 latere
1041 1711 1215 1753 surgent,
1248 1705 1322 1740 hoc
1356 1712 1425 1748 est,
1460 1703 1528 1739 filii
1553 1704 1697 1740 Christi

394 1771 429 1797 et
463 1775 531 1797 sue
564 1761 728 1797 ecclesie
760 1761 916 1797 venient
949 1762 996 1797 de
1029 1762 1143 1808 longe
1172 1763 1304 1809 quoad
1340 1774 1470 1797 mores
1503 1763 1551 1797 ad
1585 1774 1694 1797 suam
1718 1765 1754 1796 25

390 1819 598 1855 ecclesiam
646 1828 681 1855 et
729 1819 806 1855 filie
849 1819 1025 1861 ecclesie,
1071 1831 1146 1867 que
1194 1828 1283 1854 sunt
1329 1821 1460 1867 quoad
1506 1819 1694 1855 virtutum

390 1877 663 1913 fortitudinem
704 1889 815 1912 sexus
849 1876 1030 1919 debilior,
1072 1886 1230 1924 surgent
1264 1878 1311 1912 de
1344 1878 1479 1922 latere,
1519 1878 1593 1912 hoc
1627 1886 1696 1921 est,

391 1937 437 1971 de
477 1934 673 1971 cubilibus
718 1934 943 1982 petulancie
989 1935 1025 1970 in
1065 1935 1207 1982 quibus
1252 1935 1455 1970 iacuerant
1501 1944 1696 1982 prostrate

390 1994 449 2028 vel
488 1994 535 2028 de
575 1993 710 2037 latere,
751 1992 843 2040 quia
883 1994 929 2028 de
974 1992 1133 2027 sinistro
1179 1992 1381 2028 intellectu
1426 2005 1543 2039 quern
1590 1992 1696 2040 prius

391 2051 611 2086 habuerant
645 2052 692 2086 de
725 2050 867 2086 Messia
907 2051 955 2086 ad
990 2050 1107 2086 iidem
1149 2051 1340 2093 dextram,
1375 2049 1475 2086 sicut
1510 2059 1616 2097 patet
1650 2051 1696 2085 de
1715 2054 1755 2086 30

389 2108 522 2144 judeis
553 2108 751 2144 conversis
781 2104 785 2160 Ι
814 2107 879 2155 qui
912 2108 1068 2143 fuerunt
1099 2108 1257 2143 Christo
1290 2108 1453 2155 propius
1489 2118 1693 2155 tamquam
1715 2101 1794 2160 FOJQ

390 2179 411 2202 a
446 2167 567 2202 latere
601 2166 848 2206 assistentes:
883 2166 1048 2213 gentiles
1080 2175 1212 2201 autem
1239 2165 1397 2201 Christo
1430 2175 1617 2201 venerant
1650 2166 1697 2200 de
1714 2156 1777 2186 ²⁴³

389 2224 622 2271 longinquo.

147 2289 330 2327 Wondi-ous
360 2324 362 2327 .
455 2283 557 2316 Tunc
590 2282 732 2317 videbis
764 2289 797 2317 et
830 2281 969 2331 afflues
1001 2289 1034 2317 el
1069 2281 1278 2316 mirabitur
1306 2289 1339 2317 e!
1373 2281 1598 2316 dilatabitur
1630 2293 1698 2315 cor

126 2326 358 2389 Εξῖξῖξῖῖζζξῇξῐ
390 2347 508 2381 tuum,
553 2340 703 2387 quando
747 2352 931 2375 conversa
966 2340 1094 2387 fuerit
1145 2340 1196 2374 ad
1240 2347 1275 2374 le
1318 2339 1520 2374 multitudo
1564 2338 1752 2379 maris‚35

208 2388 211 2391 ι
379 2397 579 2445 fortitudo
609 2397 785 2446 gencium
821 2398 964 2432 venerit
997 2397 1072 2432 tihi.
1113 2399 1211 2432 Nam
1247 2405 1326 2432 tam
1362 2397 1542 2432 Christus
1575 2408 1694 2444 quam

391 2468 459 2490 sua
493 2455 659 2490 ecclesia
693 2464 781 2502 post
815 2455 1088 2491 ascensionem
1123 2454 1219 2490 vidit
1255 2454 1336 2489 eius
1377 2462 1622 2490 crementum
1658 2453 1695 2488 in

392 2511 593 2553 membris,
628 2521 663 2547 et
697 2512 791 2547 illud
827 2512 899 2548 erit
929 2513 1078 2559 grande
1112 2511 1348 2547 miraculum
1384 2513 1430 2548 de
1463 2518 1543 2547 tam
1579 2510 1695 2546 celeri

391 2569 697 2605 conversacione
746 2570 927 2617 gencium
975 2582 1043 2617 per
1086 2579 1165 2605 tam
1221 2582 1370 2617 paucos
1416 2578 1451 2605 et
1495 2568 1695 2616 simplices

390 2627 535 2663 Christi
583 2627 800 2674 discipulos
850 2641 921 2663 suo
965 2637 1159 2674 tempore,
1212 2627 1301 2662 ideo
1349 2640 1430 2663 non
1475 2626 1618 2662 mirum
1664 2625 1753 2670 si4o

390 2686 526 2720 affluat
572 2685 700 2720 Ieticia
747 2694 782 2720 et
831 2694 1119 2733 consequenter
1159 2698 1226 2720 cor
1265 2684 1429 2720 ecclesie
1468 2684 1504 2719 in
1549 2683 1695 2730 gaudio

459 2862 484 2888 7.
500 2853 593 2879 Cod.:
610 2853 779 2887 corporalis
796 2853 967 2879 ambulacm
982 2853 1163 2887 corporalis.
1238 2854 1275 2879 [ὅ.
1290 2852 1383 2879 Cod.:
1401 2852 1528 2883 famulam
1545 2851 1583 2878 ib.
1599 2851 1692 2886 Cod.:

390 2896 446 2922 que
469 2892 622 2913 venerunt.
697 2896 735 2913 21.
758 2887 850 2913 (Σοφία
874 2889 965 2913 multe
986 2889 1092 2913 forme.
1169 2886 1212 2913 38.
1235 2886 1328 2913 Com:
1353 2887 1466 2912 sceleri.
