1944 3323
113 916 152 939 10

115 1197 150 1229 15

112 1500 154 1522 20

113 1781 151 1813 25

79 1828 154 1859 Fol.

113 2073 154 2104 30

114 2362 153 2395 35

171 269 306 299 SERMO
328 260 437 317 xxx]
661 271 833 303 TERTIA
864 272 990 303 PARs.

167 380 385 417 christiana
431 392 476 416 ac
522 379 636 424 multi
681 378 813 415 vocati
853 378 1027 426 religiosi
1067 380 1115 415 ab
1156 377 1242 426 ipsa
1283 376 1489 422 deficiunt,

167 440 257 475 ideo
290 439 494 487 signanter
527 437 704 474 annectit
732 438 923 473 Jacobus:
959 437 1002 472 Si
1032 437 1114 485 quis
1147 444 1274 472 autem
1306 443 1420 486 putat
1452 447 1493 472 se

169 497 395 547 religiosum
428 508 510 532 esse
542 508 615 532 non
647 496 854 545 refrenans
885 495 1059 545 linguam
1084 508 1193 531 suam
1217 495 1287 531 sed
1309 495 1494 530 seducens

167 568 235 592 cor
266 568 390 601 snum,
424 554 536 590 lucius
568 566 665 589 vana
698 561 754 590 est
786 553 939 604 religio.
974 553 1085 589 Sicut
1119 562 1254 590 autem
1273 553 1383 603 fides
1414 552 1495 588 sine

167 613 347 662 operibus
378 619 434 648 est
466 619 633 657 mortua,
667 611 723 648 sic
756 611 896 660 religio
930 623 1006 660 que
1046 611 1204 648 videtur
1238 619 1372 648 mente
1408 610 1494 658 pla·

168 683 257 708 cere
281 673 364 707 Deo
398 679 435 707 et
468 683 558 706 cum
591 671 668 706 hoc
701 669 906 707 maledicit
938 681 1006 706 ore
1044 669 1228 718 proximo
1262 678 1320 706 est
1352 668 1495 705 inanis.

169 728 279 766 Sicut
311 728 417 765 enim
451 740 575 776 opera
609 727 788 764 caritatis
822 728 1037 765 excludunt
1061 729 1331 777 quodcunque
1365 726 1496 776 inper-

167 788 314 824 fectum
362 786 459 835 ipsis
507 786 772 832 contrarium,
825 786 882 823 sic
927 786 1104 834 perfecta
1149 786 1310 834 religio,
1358 794 1395 822 et
1440 784 1496 821 sic

168 844 346 894 religiosi
396 844 524 894 nostri
569 844 636 893 qui
681 845 867 881 videntur
912 845 1018 881 ultra
1063 845 1263 881 seculares
1312 852 1496 892 prestare

169 905 253 940 Deo
305 903 545 952 obsequium
598 911 635 939 et
685 916 776 940 cum
822 904 898 939 hoc
942 902 1145 939 seminant
1190 901 1403 939 mendacia
1451 913 1497 938 ac

169 961 446 998 detracciones
492 961 532 997 in
576 961 780 1008 proximos
832 960 1006 997 inaniter
1044 961 1231 997 laborant
1284 973 1356 997 nec
1407 968 1498 996 sunt

168 1029 210 1057 ut
239 1019 295 1056 sic
318 1019 508 1067 religiosi,
532 1018 609 1055 nisi
632 1019 734 1056 forte
756 1028 900 1056 vocata
924 1018 1042 1055 fuerit
1065 1018 1206 1067 religio
1238 1018 1497 1056 conversacio

169 1078 461 1126 discipulorum
516 1077 640 1125 patris
693 1077 906 1114 mendacii.
968 1078 1047 1114 Sed
1097 1077 1207 1114 illam
1253 1086 1371 1114 vocat
1424 1076 1498 1112 iste

167 1145 328 1173 sanctus
381 1136 611 1186 religionem
668 1149 821 1183 vanam,
873 1148 965 1172 cum
1019 1144 1207 1184 putantes
1258 1135 1496 1184 religionem

167 1194 428 1232 christianam
455 1193 586 1230 minus
610 1194 794 1231 sufficere
817 1195 884 1231 sed
916 1195 1235 1242 superaddentes
1260 1193 1497 1242 religionem

168 1253 414 1301 superfluam
448 1265 488 1289 se
521 1252 630 1301 ipsos
663 1254 862 1289 seducunt
896 1252 936 1288 in
976 1265 1112 1301 opere,
1147 1252 1241 1301 quia
1275 1251 1497 1289 christiana

168 1311 307 1359 religio
340 1311 425 1348 sine
464 1324 543 1360 qua
576 1324 658 1347 non
689 1311 794 1347 valet
833 1310 912 1347 alia
945 1310 1137 1359 preexigit
1173 1310 1496 1348 refrenacionem

170 1371 385 1406 verborum
431 1369 471 1406 in
516 1369 653 1418 lingua
697 1369 782 1406 sine
831 1382 910 1418 qua
956 1381 1198 1418 quecunque
1231 1368 1496 1419 superaddita

171 1427 310 1476 religio
344 1428 447 1464 foret
477 1440 593 1464 vana.

229 1488 277 1522 Et
309 1486 350 1522 in
382 1486 539 1534 signum
574 1487 683 1534 quod
716 1485 930 1534 religiones
963 1486 1119 1523 novelle
1151 1495 1243 1522 sunt
1266 1498 1378 1532 vane,
1403 1485 1496 1535 quia

170 1546 335 1581 verbum
382 1544 452 1580 Dei
492 1545 600 1592 quod
646 1553 704 1580 est
737 1543 920 1581 Christus
966 1544 1206 1593 despiciunt,
1255 1545 1497 1593 generaliter

171 1612 261 1639 sunt
295 1602 335 1638 in
366 1602 496 1639 verbis
530 1602 794 1639 mendacibus
819 1602 985 1651 dilapse,
1019 1615 1065 1639 ac
1098 1602 1129 1639 si
1163 1603 1294 1639 forent
1326 1616 1348 1640 a
1382 1611 1497 1651 patre

172 1660 373 1698 mendacii
413 1661 638 1699 adinvente.
684 1663 770 1709 Ipse
810 1661 916 1697 enim
955 1674 1037 1697 non
1077 1670 1170 1697 sunt
1208 1662 1322 1698 tarde
1355 1662 1405 1697 ad
1440 1661 1496 1697 lo-

171 1720 389 1768 quendum,
415 1731 463 1755 ne
486 1719 526 1755 in
550 1719 719 1755 ecclesia
736 1719 806 1755 Dei
832 1719 1096 1756 disseminent
1118 1732 1271 1756 venena
1296 1718 1496 1756 mendacii

170 1779 239 1814 sed
261 1778 377 1826 lapsu
400 1777 534 1825 lingue
557 1777 785 1825 serpentine
809 1777 993 1814 inficiunt
1009 1777 1245 1826 religionem
1269 1778 1495 1826 simplicem

143 1836 451 1890 achristianam3
503 1835 594 1872 ideo
645 1835 746 1872 sicut
798 1836 969 1882 habitus,
1000 1832 1005 1890 Ι
1035 1848 1207 1885 corpore
1251 1836 1283 1872 si
1329 1844 1496 1881 careret,

169 1895 376 1931 subtracto
411 1907 582 1942 corpore
614 1894 716 1930 foret
749 1907 911 1941 vacuus,
953 1894 1009 1931 sic
1048 1895 1189 1931 talium
1225 1894 1293 1943 qui
1326 1907 1367 1931 se
1400 1894 1497 1931 false

168 1961 314 1989 vocant
347 1952 557 2000 religiosos
590 1952 730 2000 religio
755 1953 857 1989 foret
878 1965 993 1989 vana.
1028 1953 1076 1989 Et
1109 1953 1212 1990 sicut
1242 1954 1365 1990 horno
1400 1954 1495 1989 dum

171 2019 228 2047 est
252 2019 435 2047 mortuus
468 2024 549 2047 non
583 2019 640 2047 est
665 2012 801 2057 homo,
836 2011 892 2048 sic
916 2012 988 2048 hec
1013 2010 1154 2060 religio
1179 2013 1274 2048 dum
1300 2021 1357 2048 est
1380 2023 1495 2057 vana,

169 2082 251 2106 non
285 2078 342 2105 est
375 2069 528 2117 religio,
563 2070 657 2118 quia
691 2070 800 2106 deest
823 2069 964 2118 religio
998 2069 1230 2107 christiana.
1266 2072 1313 2106 Et
1346 2069 1402 2106 sic
1438 2070 1497 2117 (ut

171 2127 335 2176 quidam
376 2127 531 2176 dicunt)
574 2136 631 2164 est
670 2129 718 2164 de
751 2127 931 2176 qualibet
969 2128 1162 2177 religione
1195 2128 1365 2177 privata,
1400 2130 1495 2164 dum

171 2185 351 2234 privatur
382 2198 474 2222 vere
507 2185 713 2234 religionis
747 2186 896 2223 Christi
931 2187 1096 2235 propria
1130 2187 1306 2224 racione.

229 2245 307 2280 Sed
347 2243 442 2292 quia
482 2244 524 2280 fit
567 2244 724 2280 mencio
765 2246 813 2281 de
852 2244 1059 2293 religione,
1099 2245 1190 2282 ideo
1222 2247 1395 2282 Jacobus
1430 2246 1495 2281 de·

170 2301 309 2338 scribit
332 2301 565 2350 religionem
589 2302 629 2339 in
653 2311 757 2349 actu,
783 2316 902 2352 quam
937 2305 1226 2351 preponderat,
1260 2303 1315 2340 ita
1339 2303 1493 2340 dicens:

171 2360 325 2410 Religio
365 2361 506 2396 munda
541 2362 674 2409 quoad
700 2363 842 2407 Deum,
879 2361 973 2410 quia
1007 2370 1113 2398 tersa
1146 2375 1168 2398 a
1201 2362 1363 2410 pulvere
1395 2370 1495 2398 teni-

172 2418 372 2467 poralium
396 2426 606 2468 tamquam
640 2420 863 2468 speculum,
898 2428 932 2456 et
961 2420 1211 2456 immaculata
1235 2421 1369 2468 quoad
1404 2432 1495 2468 pro-

171 2476 335 2521 ximum,
371 2476 464 2524 quia
497 2476 672 2514 infedata
698 2490 833 2515 errore
863 2478 1019 2527 peccati
1043 2491 1207 2527 quoquo
1239 2478 1324 2514 odit
1348 2478 1494 2526 ipsum,

172 2536 243 2571 hoc
275 2542 345 2581 est,
379 2535 537 2571 visitare
564 2536 737 2585 pupillos
769 2544 803 2573 et
838 2537 975 2573 viduas
1008 2537 1043 2572 in
1067 2537 1322 2574 tribulacione
1360 2549 1495 2573 eorum

173 2601 208 2629 et
247 2593 537 2629 immaculatmn
576 2606 616 2630 se
654 2595 850 2631 custodire
887 2595 933 2631 ab
973 2595 1044 2631 hoc
1084 2596 1233 2641 secul0;
1264 2595 1331 2644 qui
1365 2595 1495 2631 solum

177 2774 180 2777 Ι
245 2746 290 2778 ²1:
313 2739 407 2778 COd:³
430 2739 644 2766 disceminent.
719 2740 761 2768 25.
784 2741 879 2768 Cod.:
901 2741 1020 2769 inrinnt.
1102 2741 1147 2769 26.
1170 2742 1202 2769 In
1224 2742 1293 2769 cod.
1337 2749 1495 2777 erperam:

175 2774 244 2812 ideo
265 2779 343 2801 sient
366 2783 389 2801 st
412 2779 535 2809 tempus
555 2783 725 2809 corporeus
746 2777 901 2811 (corpeus)
924 2777 947 2803 si
969 2782 1107 2804 careret.
1126 2798 1131 2803 .
1150 2798 1156 2803 .
1244 2776 1282 2804 ¹31.
1304 2750 1401 2804 gods
1423 2785 1496 2812 qna-

176 2809 252 2836 hter.
326 2808 369 2836 35.
392 2809 488 2837 Cod.:
510 2810 582 2845 quia
602 2814 691 2837 terra.

248 2914 346 2945 2—4.
373 2906 440 2938 Jac.
468 2905 492 2946 Ι,
521 2904 573 2937 26.
675 2917 708 2947 4.
739 2907 764 2938 5.
795 2907 864 2938 Jac.
893 2907 935 2943 Π,
965 2917 1019 2938 20.
1117 2907 1263 2949 35—39.
1291 2908 1358 2939 jae.
1392 2908 1413 2947 l,
1444 2918 1494 2949 27.

1299 2964 1364 2998 16⁴*

1520 730 1637 757 I'ersect
1660 731 1787 765 religion

1535 766 1679 792 excludes
1701 766 1770 792 exil.

1573 1498 1639 1526 The
1661 1506 1727 1525 new

1542 1534 1687 1568 religions
1708 1542 1759 1560 are

1529 1569 1610 1599 vain,
1633 1569 1680 1595 for
1700 1569 1770 1603 they

1546 1612 1596 1630 are
1617 1603 1704 1636 given
1728 1608 1757 1627 ro

1618 1639 1680 1664 lies.

1552 2256 1647 2283 Whai
1671 2263 1745 2289 pure

1559 2291 1737 2329 religion-in

1569 2331 1668 2352 action
1691 2334 1725 2351 is.
