1944 3323
119 241 189 274 152
708 254 933 285 JOllANNlS
955 254 1135 287 WYCLIF
1153 256 1409 289 SERMONUM
1474 243 1625 301 [SERMO
1645 255 1710 283 XX-

162 363 277 400 [snam.
300 363 328 389 iu
399 369 537 393 eorum
571 358 738 405 pacifica
772 368 808 395 et
842 358 988 407 quieta.
1022 362 1181 397 Fratres
1215 374 1308 408 ergo
1341 361 1594 410 imponentes
1628 367 1710 401 Deo

118 397 743 468 ³ssss⁸g¹g¹5df¹¹i²l¹1¹ufj¹ffmendicacionem
792 416 1022 453 huiusmodi
1068 417 1280 466 implicant
1325 420 1557 468 blaspheme
1603 424 1709 470 quod

141 465 359 529 ¹¹ljl³l¹¹1c¹¹l¹sssgffis
397 485 478 508 non
518 473 705 510 continue
744 474 854 510 stetit
898 474 938 510 in
982 484 1088 512 statu
1127 475 1362 514 innocencie
1399 491 1472 514 nec
1510 478 1583 515 fuit
1621 492 1710 516 vere

122 537 368 564 innocenceand
399 530 584 567 dominus
633 532 814 568 omnium
870 533 1069 569 bonorum
1118 534 1208 580 Dei3
1260 537 1367 583 quod
1421 545 1477 572 est
1531 549 1709 584 expresse

138 575 353 638 “figssfffdoss'alfle
399 597 538 625 contra
577 588 675 625 illud
709 589 876 626 Matthei
908 592 1029 637 XX10‚
1067 591 1109 629 3:
1155 593 1199 628 Si
1239 593 1334 641 quis,
1379 592 1520 642 inquit,
1565 595 1742 644 aliquidf)

187 644 301 679 things.
400 647 504 682 vobis
547 647 705 693 dixerit,
751 648 863 684 dicite
906 649 992 697 quia
1030 650 1221 686 Dominus
1265 651 1337 687 hiis
1381 664 1476 701 opus
1521 653 1632 688 habet
1676 661 1711 689 et

398 705 597 753 confestim
623 705 785 741 dimittet
817 718 890 742 eos.
926 708 1002 743 Sed
1037 720 1126 744 cum
1152 707 1346 745 Dominus
1380 722 1450 757 per
1482 722 1522 747 se
1555 710 1709 758 positus

398 761 569 798 sumitur
613 762 849 811 simpliciter
893 777 967 812 pro
1019 778 1089 812 per
1134 778 1174 802 se
1219 766 1384 803 domino
1435 767 1707 813 dominorum,

400 819 654 856 manifestum
696 830 753 857 est
786 821 879 870 quia
920 822 958 859 in
998 823 1073 860 hoc
1105 825 1226 860 verbo
1266 824 1441 861 ostendit
1473 839 1587 862 suum
1622 826 1709 862 uni-

395 878 547 914 versale
588 878 826 916 dominium.
872 882 953 917 Nec
993 880 1132 918 dubito
1172 882 1268 930 quin
1307 882 1383 919 nisi
1422 882 1461 919 in
1500 884 1574 920 hoc
1618 885 1766 922 loco10

398 935 664 973 mendicasset
692 950 808 974 usum
842 937 951 975 asine
983 947 1103 988 atque
1126 939 1224 988 pulli
1256 940 1396 977 nullibi
1430 941 1708 979 mendicasset.

398 993 437 1028 Si
476 993 674 1043 (inquam)
714 995 856 1045 fratres
895 1009 965 1044 per
1003 995 1252 1045 impossibile
1291 998 1492 1035 stetissent
1530 999 1571 1035 in
1603 1008 1709 1036 statu

397 1051 631 1089 innocencie
675 1066 800 1102 usque
844 1055 894 1090 ad
942 1056 1017 1091 hoc
1060 1054 1212 1092 instans
1252 1065 1289 1093 et
1328 1056 1406 1093 iam
1448 1057 1646 1105 cepissent
1687 1070 1709 1094 a

398 1108 589 1157 proximis
627 1111 934 1159 pauperioribus
973 1114 1095 1149 modo
1134 1127 1213 1162 quo
1246 1113 1325 1151 iam
1366 1114 1517 1152 faciunt
1557 1115 1707 1152 mendi-

398 1179 488 1204 care
522 1176 558 1204 et
597 1167 850 1206 edificassent
888 1169 963 1206 sibi
997 1180 1233 1219 sumptuosa
1272 1172 1501 1210 habitacula
1534 1182 1570 1209 et
1603 1175 1707 1210 bona
1729 1178 1764 1211 15

398 1224 468 1261 Dei
502 1225 557 1262 sic
589 1227 790 1274 superflue
823 1228 1177 1277 consumpsissent,
1213 1243 1258 1266 eo
1281 1230 1369 1279 ipso
1403 1243 1423 1267 a
1457 1240 1561 1267 statu
1594 1230 1707 1268 inno-

106 1280 308 1342 Rapafijltgrg’f
326 1281 374 1308 1¹¹0
398 1283 532 1320 cencie
566 1283 807 1321 decidissent
840 1295 876 1322 et
906 1286 1070 1334 pociore
1102 1287 1265 1325 racione
1298 1302 1417 1337 quam
1443 1290 1565 1337 Caym
1598 1288 1707 1337 prius

285 1338 290 1342 ’
395 1340 574 1377 habitum
617 1342 838 1379 dominium
880 1344 1158 1393 perdidissent.
1218 1345 1366 1383 Iniuria
1410 1346 1515 1383 enim
1560 1348 1706 1383 abusus

395 1400 592 1435 bonorum
618 1409 825 1448 raptorum
851 1414 920 1450 per
943 1416 1055 1439 suam
1072 1403 1288 1451 ypocrisim
1314 1405 1460 1441 clamat
1483 1406 1532 1441 ad
1556 1407 1704 1450 Deum3

394 1455 484 1493 ideo
517 1457 690 1494 scintilla
718 1454 723 1511 Ι
754 1458 931 1496 caritatis
966 1461 1004 1497 in
1037 1460 1091 1497 eis
1124 1461 1155 1497 si
1179 1461 1337 1498 affuerit
1361 1462 1606 1510 extingueret
1630 1464 1705 1499 hoc

394 1523 618 1562 peccatum.
653 1517 816 1552 Certum
857 1527 913 1554 est
953 1527 1087 1555 tamen
1127 1521 1234 1567 quod
1274 1519 1345 1556 fuit
1380 1519 1585 1557 mendicus
1619 1520 1704 1566 Dei,

395 1585 484 1608 cum
519 1585 663 1621 panem
700 1574 947 1611 cotidianum
982 1589 1003 1612 a
1038 1578 1120 1612 Deo
1155 1590 1226 1613 suo
1264 1582 1318 1622 (ut
1341 1577 1586 1625 Augustinus
1619 1591 1704 1614 sen-

394 1629 557 1679 tenciat)
599 1631 860 1679 mendicavit3
901 1642 938 1670 et
970 1633 1079 1670 illam
1121 1635 1465 1672 mendicacionem
1498 1638 1548 1672 ad
1581 1635 1705 1672 allici-

394 1690 542 1725 endum
567 1701 747 1726 amorem
775 1690 966 1728 fratribus
999 1691 1202 1738 indicavit,
1237 1706 1283 1730 ac
1314 1693 1345 1729 si
1379 1695 1501 1730 homo
1533 1693 1705 1730 stetisset

394 1746 433 1782 in
477 1755 582 1783 statu
627 1746 861 1785 innocencie
907 1758 943 1786 et
988 1763 1060 1797 pro
1105 1763 1242 1787 amore
1286 1751 1454 1788 fratrum
1496 1753 1542 1788 de
1591 1751 1704 1788 bonis
1725 1758 1761 1790 25

395 1804 568 1852 propriis
602 1805 857 1853 pepercisset.
893 1809 940 1843 Et
973 1807 1029 1844 sic
1062 1807 1199 1844 dicunt
1224 1808 1358 1845 fideles
1392 1811 1498 1857 quod
1524 1809 1704 1846 Christus

394 1861 522 1898 oravit
555 1862 595 1898 in
627 1876 801 1911 persona
834 1864 999 1902 ecclesie
1033 1867 1139 1913 quod
1164 1868 1269 1902 Deus
1303 1866 1436 1903 debita
1469 1880 1539 1903 sua
1572 1867 1704 1904 dimit-

395 1929 507 1966 teret,
543 1919 634 1957 licet
669 1921 708 1957 in
741 1934 913 1970 persona
946 1936 1017 1959 sua
1050 1935 1218 1971 peccare
1250 1937 1331 1961 non
1363 1924 1505 1972 potuit.

1723 1445 1796 1476 Fol.

1722 1489 1802 1523 255b

891 2059 1086 2099 SERMO
1119 2061 1208 2100 XX.

452 2153 653 2201 Rogamus
686 2165 751 2189 vos
783 2161 818 2189 et
850 2154 1095 2191 obsecramus
1127 2155 1162 2191 in
1197 2155 1349 2191 domino
1380 2156 1480 2192 Jesu.
1522 2159 1555 2192 la
1580 2158 1702 2193 Thes-
1719 2161 1760 2193 30

394 2210 463 2246 sal.
499 2212 583 2255 ΙΨ),
616 2223 646 2247 1.

160 2277 202 2303 st.
226 2276 330 2313 [murs
453 2269 493 2303 ln
526 2267 601 2304 ista
641 2267 809 2316 epistola
849 2270 1032 2306 hortatur
1064 2271 1282 2318 Apostolus
1314 2271 1623 2308 Thessalonicos
1665 2282 1701 2309 et

130 2311 353 2379 'ffffssssffi'sflegsffisf
395 2325 433 2361 in
479 2325 572 2372 ipsis
617 2325 793 2374 singulos
834 2326 1073 2364 christianos
1113 2329 1319 2376 quomodo
1358 2329 1503 2365 debent
1542 2332 1625 2366 Deo
1665 2339 1701 2366 et

201 2379 289 2407 flock.
394 2382 669 2430 spiritualibus
708 2384 788 2421 suis
828 2384 1008 2432 patribus
1048 2385 1224 2431 obedire,
1271 2395 1307 2422 et
1346 2395 1442 2423 nota
1482 2388 1589 2435 quod
1628 2387 1701 2424 iste

394 2454 498 2489 papa
531 2441 734 2489 piissimus
767 2442 833 2490 qui
867 2451 924 2479 est
948 2442 1104 2491 dignior
1129 2456 1247 2491 quam
1273 2456 1411 2480 omnes
1435 2457 1537 2492 pape
1561 2446 1699 2481 cesarii
1719 2450 1757 2481 35

392 2511 473 2535 non
522 2500 686 2536 mandat
739 2492 841 2536 filios
895 2513 986 2537 suos
1038 2501 1105 2536 sub
1144 2514 1244 2550 pena
1290 2503 1701 2539 excommunicaciom's

393 2557 584 2592 mandatis
615 2558 693 2593 suis
712 2558 890 2607 firmiter
922 2558 1089 2605 obedire,
1127 2560 1196 2595 sed
1237 2568 1351 2607 rogat
1392 2572 1458 2596 eos
1498 2559 1701 2596 humiliter

466 2710 484 2728 1.
506 2702 600 2729 (joda
622 2702 816 2737 imponentes
837 2703 967 2730 decimo.
1065 2712 1111 2731 20.
1134 2705 1227 2732 Cod.:
1250 2705 1373 2732 similla.
1464 2713 1512 2740 29.
1531 2705 1563 2732 In
1586 2714 1699 2767 maffia

394 2736 555 2763 Dominiea
577 2737 710 2764 secunda
731 2738 985 2772 Quadragesime.
1042 2738 1084 2766 32.
1107 2739 1201 2767 Cod.:
1223 2739 1450 2767 Tesselonicos.
1505 2739 1553 2774 36,
1569 2739 1612 2775 37.
1666 2749 1699 2767 ac

394 2772 525 2798 formula
547 2771 641 2799 utitur
661 2772 745 2799 curia
766 2772 905 2800 Romana
927 2773 956 2800 in
979 2773 1078 2800 bullis.

465 2877 518 2910 29.
545 2866 595 2899 Cf.
615 2867 778 2910 Wyclif's
802 2869 981 2909 Sermons,
1012 2869 1066 2900 ed.
1093 2868 1138 2911 by
1163 2869 1310 2908 Arnold,
1345 2869 1383 2910 11,
1409 2879 1486 2912 pag.
1507 2877 1698 2911 272—274.
