1944 3323
119 596 136 628 5

97 897 136 918 10

100 1179 134 1210 15

97 1480 137 1502 20

97 1760 135 1792 25

95 2054 138 2086 30

96 2343 135 2376 35

154 250 292 281 samio
313 240 440 298 xxxi]
635 251 810 284 TERTm
840 251 967 283 PARS.

154 362 275 398 modo
300 362 405 398 dona
437 359 553 396 huius
577 359 741 396 Domini
775 360 994 396 secundum
1026 359 1290 408 prudenciam
1315 360 1472 408 dispen-

152 428 304 456 santur.

211 479 312 514 Cum
347 486 480 514 autem
515 485 606 513 sunt
630 478 764 514 hostes
788 485 869 513 tres
903 475 1036 513 anime
1071 484 1107 512 et
1132 475 1299 524 quilibet
1333 488 1471 511 corum

153 536 273 573 habet
305 548 420 572 suum
455 534 686 582 exercitum,
709 535 883 572 viatores
906 534 1095 571 continue
1129 535 1274 571 debent
1296 533 1472 582 vigilare.

153 595 254 631 Cum
294 593 399 630 enim
438 605 558 630 nemo
596 593 743 630 sufficit
777 605 820 630 ex
865 605 905 630 se
945 592 1033 641 ipso
1073 593 1254 629 hostibus
1290 592 1474 629 resistere

153 661 189 689 et
235 651 480 689 adiutorium
527 651 705 688 divinum
759 660 816 688 est
866 660 1001 700 presto
1052 650 1317 700 pulsantibus,
1364 659 1474 699 patet

152 723 273 759 quam
296 709 567 747 necessarium
600 719 657 747 est
686 710 807 747 istum
831 709 1018 758 spiritum
1043 709 1231 746 continue
1254 710 1472 758 postulare,

152 778 193 805 ut
211 798 218 804 .
237 798 243 805 .
263 798 294 806 ..
321 777 502 805 nostrum
528 768 674 817 dirigat
697 769 748 805 ad
772 777 935 817 portum
960 767 1112 804 salutis.
1148 769 1225 805 Sed
1250 769 1471 804 secundum
1489 785 1513 804 2.

151 827 391 875 Apostolum
425 827 490 876 qui
508 827 589 878 filii
620 827 696 863 Dei
725 834 812 863 sunt
845 827 898 863 hii
927 826 1066 876 spiritu
1092 827 1169 862 Dei
1198 834 1373 876 aguntur
1396 825 1474 876 (Ad

153 887 268 922 Rom.
292 887 413 931 V1110,
440 888 503 932 14)
546 885 636 922 ideo
670 884 841 934 precipit
864 885 1031 922 Paulus:
1066 884 1156 920 Sine
1194 884 1475 921 intermissione

152 951 282 988 orate5
303 952 340 980 et
364 943 554 991 magister
576 956 670 980 suus
687 943 869 980 Christus
892 942 1065 992 precipit
1087 942 1274 979 omnibus
1294 943 1472 993 vigilare.

209 1001 354 1038 Tereia
386 1014 479 1039 vero
519 1011 725 1039 armatura
758 1001 958 1038 tutissime
992 1001 1195 1038 defensiva
1229 1009 1369 1037 contra
1402 1002 1474 1037 hos

153 1060 323 1097 insultus
353 1060 529 1096 hostium
560 1069 617 1097 est
640 1059 776 1096 tunica
805 1058 1005 1106 caritatis;
1039 1059 1131 1096 ideo
1153 1058 1279 1095 tercio
1304 1058 1474 1107 precipit

154 1121 292 1155 Petrus
331 1120 439 1167 quod
477 1119 552 1155 sint
596 1126 683 1155 ante
727 1118 853 1155 omnia
899 1124 1071 1154 mutuam
1117 1118 1318 1154 caritatem
1360 1118 1395 1152 in
1435 1130 1475 1154 se

152 1177 245 1226 ipsis
268 1177 485 1213 continuam
511 1177 702 1214 habentes.
728 1179 776 1213 Et
796 1177 914 1213 debet
938 1175 1183 1213 continuitas
1207 1176 1280 1212 ista
1306 1175 1473 1223 intelligi

152 1248 232 1271 non
265 1236 399 1284 quoad
434 1235 582 1272 molem
622 1237 689 1272 sed
725 1236 860 1284 quoad
893 1244 1065 1285 tempus,
1099 1247 1189 1271 cum
1224 1234 1338 1271 valde
1371 1234 1474 1282 peri-

153 1294 333 1330 culosum
376 1293 425 1330 sit
459 1295 567 1343 quod
599 1293 711 1331 vians
745 1307 834 1330 cum
876 1292 1132 1330 calidissimis
1166 1292 1348 1330 hostibus
1381 1305 1474 1329 con-

152 1351 261 1388 tinue
300 1351 581 1389 invadentibus
627 1352 841 1389 intrinsece
880 1353 1015 1401 quoad
1054 1360 1214 1400 tempus
1259 1359 1473 1400 quantum-

153 1423 310 1459 cunque
350 1410 399 1447 sit
432 1410 610 1457 inermis,
644 1410 874 1459 specialiter
916 1423 1005 1447 cum
1042 1419 1251 1447 armatura
1284 1410 1359 1446 ista
1392 1422 1473 1445 non

153 1468 203 1505 sit
240 1468 369 1517 gravis
408 1469 468 1505 vel
507 1469 649 1517 frigida
689 1470 757 1506 sed
798 1468 988 1506 allevians
1027 1469 1076 1505 ad
1110 1468 1402 1505 beatitudinem
1437 1476 1474 1504 et

154 1527 341 1575 mitigans
380 1527 504 1575 frigus
544 1527 708 1564 diaboli.
752 1528 907 1564 Debent
946 1535 1081 1564 autem
1114 1526 1267 1564 viantes
1307 1526 1473 1563 omnino

153 1585 390 1633 semetipsos
435 1585 641 1623 caritative
687 1585 864 1634 diligere,
911 1598 1000 1622 cum
1048 1584 1126 1622 sint
1173 1584 1352 1622 caritatis
1404 1584 1473 1620 filii

154 1643 221 1693 qui
261 1645 406 1680 debent
446 1643 486 1680 in
524 1645 666 1681 eodem
706 1643 881 1681 exercitu
920 1652 1061 1680 contra
1107 1656 1278 1680 cuneum
1323 1643 1472 1679 diaboli

153 1714 193 1738 se
238 1701 394 1748 iuvare3
440 1703 548 1751 quod
593 1702 624 1739 si
669 1702 709 1738 in
751 1710 860 1739 veste
899 1701 1051 1751 dispari
1091 1702 1168 1739 sint
1207 1701 1360 1738 inducti
1399 1700 1473 1737 sibi

152 1759 248 1809 ipsis
273 1760 481 1807 contrarii,
505 1760 593 1809 quis
618 1760 774 1797 dubitat
797 1760 987 1810 quoniam
1015 1760 1209 1797 exercitus
1232 1758 1473 1796 christianus

153 1817 273 1855 stabit
306 1818 503 1855 invalidus
537 1827 679 1856 contra
713 1820 871 1856 hostes?
904 1819 981 1856 Ista
1015 1831 1108 1867 ergo
1143 1827 1200 1855 est
1231 1817 1350 1855 vestis
1374 1831 1474 1865 nup-

153 1876 277 1923 cialis‚
323 1889 396 1925 pro
431 1890 510 1926 qua
542 1877 674 1914 omnis
707 1877 903 1926 prescitus
937 1877 976 1914 in
1010 1877 1119 1914 finali
1154 1876 1303 1913 iudicio
1337 1888 1473 1924 repro—

153 1936 284 1972 batur.

211 1995 259 2029 Et
298 2006 387 2030 cum
427 2002 594 2042 peccata
633 1993 711 2030 sint
748 1994 913 2031 vulnera
959 1993 1103 2042 quibus
1142 1993 1309 2042 quilibet
1346 1992 1476 2029 viator

154 2064 245 2088 cum
284 2052 466 2089 hostibus
506 2053 754 2098 vulneratur,
796 2052 942 2089 caritas
982 2051 1173 2100 precipue
1212 2053 1333 2088 habet
1372 2052 1475 2088 hanc

154 2110 376 2147 efficaciam
422 2112 530 2159 quod
576 2110 706 2159 operit
751 2111 867 2148 istam
916 2110 1215 2147 multitudinem
1263 2111 1473 2147 vulnerum

154 2177 295 2205 contra
328 2168 460 2205 iacula
494 2168 643 2205 diaboli
677 2178 798 2218 atque
830 2178 961 2214 sanan
996 2168 1086 2205 ideo
1121 2171 1260 2205 Petrus
1294 2168 1475 2205 revelans

152 2225 432 2263 necessitatem
473 2227 589 2263 huius
628 2227 747 2264 vestis
787 2228 854 2264 dat
893 2240 967 2276 pro
1012 2239 1132 2264 causa
1178 2228 1287 2276 quod
1331 2226 1476 2263 caritas

153 2285 277 2334 operit
329 2285 611 2322 multitudinem
660 2294 925 2335 peccatorum.
986 2287 1066 2322 Nec
1120 2293 1281 2334 oportet
1333 2285 1475 2321 timere

153 2342 370 2379 instancias
393 2342 665 2392 sophistarum
683 2345 791 2393 quod
814 2343 845 2381 si
862 2343 1007 2381 caritas
1027 2343 1157 2392 operit
1173 2343 1474 2380 multitudinem

154 2409 426 2449 peccatorum]
469 2410 563 2438 tunc
602 2402 688 2450 ipsa
720 2411 888 2451 peccata
920 2411 1144 2449 remanent,
1180 2414 1226 2439 eo
1260 2403 1369 2450 quod
1403 2402 1474 2438 sub

154 2458 332 2495 caritatis
384 2459 559 2497 vestibus
604 2469 695 2497 sunt
739 2460 880 2507 celata,
927 2474 1015 2498 cum
1064 2469 1202 2497 tamen
1253 2461 1473 2497 secundum

153 2517 364 2565 theologos
397 2526 488 2554 sunt
512 2518 662 2556 directe
695 2519 898 2556 contraria
931 2528 967 2556 et
999 2519 1227 2556 necessario
1261 2527 1402 2555 mutuo
1435 2530 1475 2555 se

223 2638 248 2667 3.
271 2639 366 2668 Cod.:
391 2645 419 2668 et
439 2641 533 2668 deest.
554 2640 682 2669 Addidi.
738 2650 768 2675 4.
785 2642 879 2669 Cod.:
902 2642 1013 2669 debent
1034 2641 1128 2669 deest.
1150 2642 1279 2671 Addidi.
1336 2643 1360 2670 5.
1377 2643 1473 2670 Cod.:

155 2684 186 2703 se
207 2675 359 2703 resistere.
433 2675 460 2703 8.
483 2675 578 2703 Cod.:
600 2680 648 2710 ut;
670 2677 808 2712 sequitur
827 2677 946 2704 lacuna.
967 2677 1074 2704 Adde:
1096 2677 1245 2704 animum.
1321 2686 1362 2705 10.
1378 2678 1465 2705 Cod.:

154 2718 224 2737 cum
241 2711 302 2745 (δῦ)
324 2710 570 2739 intermissione:
592 2715 672 2738 recte
694 2713 727 2737 §i
750 2722 780 2736 =
803 2711 877 2739 sine.
948 2712 988 2739 18.
1010 2712 1192 2740 intrinsece:
1216 2711 1310 2740 Cod.:
1332 2713 1474 2739 intersice

155 2745 219 2772 sive
234 2745 392 2773 intussice.
414 2745 471 2772 Hic
485 2745 612 2772 verbum
630 2745 780 2773 excidisse
796 2751 939 2786 apparet:
963 2752 1077 2781 pugnet
1093 2747 1156 2774 sive
1171 2747 1307 2774 dimicet.
1330 2747 1474 2774 Fortasse

155 2780 334 2814 legendum:
357 2780 574 2807 invadentibus
594 2780 723 2808 intersit.
799 2788 838 2809 2).
861 2781 1018 2817 quoniam.
1041 2780 1145 2809 Recte:
1168 2782 1251 2817 quin.
1327 2782 1369 2809 32.
1392 2790 1474 2810 reve-

154 2815 238 2849 lans-3
261 2815 355 2843 Cod.:
377 2815 557 2842 imaculans.

230 2897 280 2921 10.
309 2888 333 2922 Ι.
352 2886 479 2919 Thess.
497 2887 539 2927 V,
565 2898 612 2930 17.
716 2897 764 2928 14.
795 2887 816 2918 ῐ.
844 2888 936 2920 Petri
964 2888 1021 2928 IV,
1047 2887 1077 2920 8.

1681 255 1760 292 249

1565 484 1694 517 Agninst

1559 519 1698 552 spu-iuml

1531 553 1665 580 eneinies
1687 562 1730 580 we

1516 588 1591 615 have
1613 589 1686 615 need
1709 591 1738 616 ol

1546 667 1564 685 1.
1589 666 1709 694 prayer,

1531 776 1762 804 watelisulne».

1541 1009 1566 1037 3.
1589 1010 1718 1045 chariti.

1526 2002 1598 2029 Sin>
1619 2009 1669 2028 are
1690 2002 1738 2029 the

1511 2036 1644 2063 xvonnds
1664 2037 1749 2063 these

1497 2071 1632 2099 enemies
1653 2071 1766 2102 inflict:

1508 2107 1626 2142 charitv
1647 2115 1755 2133 covers

1490 2142 1548 2169 and
1573 2142 1654 2169 lieals
1673 2142 1764 2168 them.
