1944 3323
215 259 292 304 314

227 1019 328 1046 These
349 1018 456 1045 orders

210 1055 298 1082 claim
320 1056 424 1090 false-ly
445 1059 475 1082 to

217 1091 251 1117 be
272 1090 379 1125 highe:
400 1091 470 1117 thau

208 1126 295 1152 other
317 1125 471 1160 religious.

759 271 980 302 JOHANNIS
999 271 1182 303 WYCLIF
1203 272 1459 304 SERMONUM
1483 257 1634 315 [SERMO
1650 271 1802 299 XXXVII-

1820 367 1892 398 [⁴¹01.

500 375 614 412 cione
659 375 782 426 patris
829 376 1038 414 mendacii.
1093 378 1169 413 Sed
1209 386 1317 425 patet
1356 377 1509 414 solucio
1539 377 1543 429 Ι
1571 379 1800 416 obiectuum
1823 413 1900 455 273³

499 434 537 469 in
582 433 655 470 ista
701 432 880 478 materia,
930 435 1090 482 quando
1129 435 1309 483 queritur
1353 435 1383 472 si
1432 436 1707 473 sacerdocium
1753 438 1802 474 sit

497 501 622 528 status
661 491 880 539 perfeccior
912 500 1017 527 statu
1050 492 1231 539 fratrum,
1272 502 1329 530 est
1361 502 1493 530 autem
1527 503 1651 530 status
1685 508 1802 544 quem

498 549 679 586 Christus
708 558 938 596 susceperat
961 558 998 585 et
1021 550 1241 598 perfeccior
1264 552 1371 588 salva
1402 552 1499 588 falsa
1522 552 1802 600 implicacione

498 620 617 655 quam
651 607 831 644 novellus
864 615 989 643 status
1022 620 1139 656 quem
1170 609 1309 645 fratres
1342 618 1497 646 tantum
1532 610 1835 658 magnificant,5

498 665 588 701 ideo
620 665 764 702 fratres
798 674 834 701 et
868 665 1136 702 communiter
1168 668 1215 702 de
1248 668 1398 703 vocatis
1432 667 1690 715 religionibus
1723 669 1802 716 pri-

496 722 596 758 vatis
636 736 716 759 non
757 731 847 759 sunt
880 723 1053 771 religiosi
1098 726 1165 760 sed
1211 725 1409 761 manifesti
1449 734 1649 773 apostate3
1695 728 1801 775 quod

497 780 527 816 si
567 780 727 816 illorum
768 780 941 828 religiosi
986 781 1145 828 fuerint,
1191 782 1385 830 contingit
1428 783 1550 820 laicos
1595 784 1634 819 in
1677 784 1802 832 quali-

498 851 655 886 cunque
678 847 783 875 statu
815 839 1008 875 laudabili
1038 851 1121 876 esse
1150 841 1237 888 plus
1270 840 1476 888 religiosos
1500 850 1542 877 ut
1564 841 1800 878 latrinarum

497 905 746 944 purgatores,
786 897 1019 933 obstetrices
1059 911 1148 934 curn
1182 898 1236 934 eis
1274 898 1483 945 similibus,
1522 912 1603 936 non
1641 908 1698 936 est
1730 899 1859 936 im-1o

497 954 699 1002 pertinens
732 954 799 990 ubi
832 955 871 990 in
905 955 1035 1003 patria
1068 956 1321 993 locabuntur.

555 1014 603 1048 Et
636 1021 829 1061 quantum
865 1015 914 1049 ad
948 1014 1103 1061 regulas
1137 1015 1249 1050 datas
1282 1014 1366 1051 istis
1398 1015 1563 1063 privatis
1595 1015 1802 1052 ordinibus

497 1072 701 1119 quomodo
742 1070 833 1107 licet
873 1084 895 1107 a
934 1071 1103 1107 faciliori
1145 1073 1194 1108 ad
1233 1072 1424 1109 alciorem
1464 1074 1683 1120 procedere
1722 1087 1802 1110 non

497 1137 676 1174 econtra,
710 1141 782 1165 nec
816 1141 953 1165 eorum
987 1129 1176 1166 fundacio
1209 1143 1281 1166 nec
1303 1131 1407 1178 leges
1431 1143 1473 1167 ex
1496 1130 1571 1167 illis
1595 1131 1801 1168 ordinibus

496 1186 670 1223 stabilite
703 1195 794 1223 sunt
817 1199 936 1234 super
959 1187 1205 1235 evangelium
1229 1190 1297 1224 sed
1321 1188 1588 1225 communiter
1612 1189 1800 1237 apocrife.
1822 1193 1856 1224 15

497 1246 614 1290 Quod
662 1245 692 1280 si
740 1244 976 1292 intelligitur
1023 1258 1093 1293 per
1141 1246 1323 1283 ordinem
1368 1246 1614 1284 stricciorem
1662 1247 1802 1296 religio

497 1302 624 1350 magis
658 1311 795 1340 sancta
828 1303 867 1338 in
892 1315 1132 1352 quocunque
1165 1312 1270 1340 statu
1302 1304 1432 1349 fuerit,
1466 1305 1591 1341 multa
1624 1305 1729 1341 dicta
1762 1305 1802 1341 in

498 1361 572 1396 ista
606 1361 774 1397 materia
807 1369 970 1409 possent
1002 1374 1095 1398 sane
1128 1361 1307 1410 intelligi.
1342 1364 1389 1398 Et
1412 1371 1520 1410 patet
1545 1365 1653 1411 quod
1676 1363 1802 1399 multa

498 1418 603 1454 dicta
651 1431 672 1454 a
720 1419 907 1455 fratribus
955 1428 991 1455 et
1038 1419 1122 1456 istis
1167 1420 1331 1468 privatis
1378 1420 1586 1457 ordinibus
1631 1422 1678 1457 de
1722 1421 1801 1457 suis

497 1475 697 1512 habitibus
738 1485 773 1513 et
812 1478 858 1513 de
897 1477 976 1513 suis
1015 1477 1156 1513 ritibus
1199 1490 1244 1514 ac
1283 1477 1541 1526 religionibus
1580 1487 1724 1515 sonant
1762 1478 1800 1514 in
1817 1489 1858 1511 20

498 1533 747 1570 manifestam
774 1534 944 1571 heresim
969 1543 1089 1583 atque
1112 1536 1421 1584 blasphemiam3
1445 1536 1485 1572 in
1508 1536 1619 1573 cuius
1643 1536 1798 1584 signum

495 1592 716 1629 nescientes
760 1593 927 1629 fundare
975 1592 1082 1640 ipsos
1132 1593 1172 1629 in
1219 1593 1448 1630 racionibus
1495 1595 1556 1630 vel
1603 1594 1800 1643 scriptura

495 1658 729 1698 sumptuose
768 1660 804 1686 et
842 1650 1042 1687 laboriose
1082 1661 1252 1699 querunt
1291 1652 1647 1689 confirmacionem
1687 1665 1799 1689 suam

496 1721 517 1744 a
557 1710 739 1745 Rom-ano
784 1708 993 1756 pontifice:
1040 1709 1106 1757 qui
1150 1709 1181 1745 si
1226 1712 1274 1746 de
1318 1709 1498 1758 possibili
1535 1709 1652 1747 fuerit
1690 1710 1801 1747 Anti-

497 1766 681 1812 christus,
722 1775 815 1802 tunc
848 1768 896 1803 ab
929 1766 1176 1804 Antichristo
1210 1776 1246 1803 et
1281 1769 1472 1804 mendace
1505 1769 1674 1805 sathana
1707 1781 1800 1805 con-
1818 1771 1857 1802 25

495 1824 667 1860 trahitur
706 1824 953 1872 originaliter
992 1837 1084 1861 suus
1124 1827 1236 1862 ordo.
1282 1828 1363 1862 Nec
1407 1826 1593 1862 balbucia
1637 1826 1677 1862 in
1716 1825 1800 1862 istis

496 1884 602 1930 quod
643 1883 945 1930 blasphematur
983 1882 1021 1918 in
1067 1884 1203 1919 beatos
1237 1883 1410 1929 Domini,
1450 1893 1493 1919 ut
1527 1883 1799 1930 Benedictum,

496 1939 754 1976 Dominicum
796 1949 832 1976 et
865 1940 1137 1987 Franciscum,
1173 1954 1261 1977 cum
1303 1950 1428 1977 status
1463 1953 1600 1977 eorum
1635 1941 1799 1978 moralis

495 1997 527 2034 si
560 2006 596 2033 et
630 2006 825 2046 quatenus
864 2007 1024 2034 sanctus
1063 1998 1180 2035 fuerit
1221 2008 1277 2035 est
1310 2000 1546 2036 laudandus.
1593 2001 1669 2036 Sed
1709 2012 1798 2035 cum

496 2068 567 2092 nec
600 2068 738 2092 eorum
771 2056 960 2092 sanctitas
992 2069 1065 2092 nec
1099 2057 1356 2093 canonizacio
1379 2056 1429 2093 sit
1452 2059 1499 2094 de
1522 2057 1599 2093 fide
1623 2057 1798 2103 ecclesie,
1817 2059 1857 2091 30

496 2114 581 2161 ipsa
622 2122 678 2150 est
710 2123 917 2162 tamquam
959 2114 1160 2162 possibilis
1201 2124 1237 2151 et
1269 2114 1489 2162 probabilis
1522 2116 1797 2163 supponenda.

496 2172 630 2207 Status
680 2180 812 2208 autem
865 2171 965 2208 alius
1009 2186 1088 2220 quo
1135 2172 1361 2209 ministrant
1405 2174 1489 2209 Deo
1540 2182 1577 2209 et
1621 2172 1797 2219 ecclesie,

496 2228 627 2277 sepius
677 2229 749 2265 fuit
799 2230 960 2275 stultus3
1011 2242 1083 2266 nec
1133 2232 1183 2266 ad
1221 2231 1492 2276 Ambrosium,
1526 2232 1797 2279 Jeronymum,

495 2287 760 2334 Augustinum
807 2300 897 2323 cum
942 2288 996 2324 eis
1041 2288 1236 2325 similibus
1276 2302 1354 2337 quo
1401 2298 1508 2325 extra
1546 2288 1635 2325 illos
1673 2297 1798 2325 status

496 2345 651 2382 fuerant
675 2345 909 2393 attigerunt3
939 2347 988 2382 ad
1018 2346 1153 2382 omnia
1178 2359 1269 2394 ergo
1293 2359 1415 2394 opera
1439 2346 1585 2383 Christi
1609 2346 1853 2383 debemus35

496 2402 693 2451 respicere
739 2412 774 2439 et
819 2403 949 2451 ipsum
995 2413 1187 2452 quantum
1241 2404 1462 2441 sufficimus
1513 2403 1676 2449 imitari,
1730 2406 1797 2440 sed

496 2470 661 2509 propter
695 2460 789 2497 talia
824 2462 1140 2498 extraordinaria
1174 2471 1254 2499 tam
1290 2462 1440 2498 noticia
1479 2462 1798 2499 conversacionis

497 2519 644 2555 Christi
683 2531 803 2567 quan]
853 2518 935 2555 eius
981 2519 1161 2556 imitaeio
1201 2528 1238 2556 et
1277 2521 1326 2556 ad
1371 2520 1446 2556 ista
1490 2519 1664 2556 attencio
1709 2529 1799 2556 sunt

496 2589 652 2613 omlsse.

564 2755 589 2784 3.
610 2765 638 2787 21.
661 2756 756 2783 Cod.:
783 2757 864 2791 quod
887 2756 1039 2783 Christus.
1149 2764 1177 2789 o,
1201 2765 1240 2783 10.
1263 2756 1356 2784 Cod.:
1384 2757 1519 2783 latrones
1540 2761 1729 2791 purgatores.
1752 2755 1798 2784 (jf.

496 2791 638 2818 chlif's
658 2790 849 2826 questionem
871 2791 907 2817 de
928 2791 1124 2818 absolucione
1144 2799 1158 2817 a
1181 2799 1256 2826 pena
1277 2796 1305 2818 et
1331 2799 1346 2817 a
1373 2792 1478 2826 culpa:
1504 2791 1617 2818 Revera
1644 2790 1799 2817 evidenter

496 2823 599 2859 posset
621 2834 699 2860 papa
719 2833 842 2852 movere
863 2826 1004 2852 homines
1024 2825 1060 2852 ad
1078 2825 1271 2860 purgandum
1289 2826 1422 2853 latrinas.
1498 2834 1530 2852 11.
1553 2824 1646 2852 Coa:
1673 2825 1734 2851 veri
1756 2825 1796 2851 in.

497 2860 532 2887 15.
555 2859 648 2887 Cod.:
670 2860 814 2894 apocrite.
905 2859 946 2887 23.
970 2860 1064 2887 Cod.:
1087 2864 1243 2895 suptuose.
1337 2861 1382 2886 26.
1405 2859 1500 2886 Cod.:
1524 2860 1661 2886 balbucia
1682 2859 1796 2886 inscius

494 2894 659 2928 (iustius?).
733 2901 776 2929 27.
797 2895 827 2921 in
850 2894 953 2921 beatos
974 2894 1108 2927 domi11i;
1129 2894 1215 2921 cod.:
1236 2894 1324 2921 msz
1344 2894 1452 2921 Deum.
