1944 3323
105 929 143 952 10

108 1210 143 1243 15

106 1514 147 1534 20

112 2090 152 2122 30

113 2382 151 2414 35

156 279 293 307 samio
316 267 456 325 xxxv]
649 279 821 311 TERTlA
850 279 975 310 PARS.
1687 271 1764 317 293

157 390 291 438 attegi.
335 391 512 434 Quartus
551 397 685 425 autem
726 387 849 422 timor
882 385 1030 422 dicitur
1063 395 1195 422 castus
1235 399 1315 434 quo
1352 386 1479 422 tidelis
1518 402 1541 431 t·
1564 393 1760 431 (Anat->tezen

157 450 293 487 anima
326 448 382 485 sic
406 449 673 496 desponsatur
706 458 795 482 cum
830 457 979 493 sponso
1013 444 1179 481 ecclesie
1208 445 1316 492 quod
1350 452 1480 480 servat
1520 428 1755 489 ζ’(ἷῃῖἓζζέζῐέξῐ

157 507 366 556 spirituale
396 504 665 542 ministerium
695 504 899 540 inturbate
922 512 1123 552 quotquot
1154 515 1268 539 casus
1293 504 1340 538 de
1365 498 1558 538 bonissffls
1579 498 1714 559 notdlqss
1743 498 1777 525 0¹*

159 566 235 604 hiis
271 566 433 613 (falsum
468 563 631 611 dicitur)
667 562 742 599 sibi
776 561 1032 610 contigerint.
1577 541 1636 567 “²⁷⁰⁰
1665 544 1688 571 Ξ
1743 595 1747 600 ,

218 625 296 662 Sed
341 623 463 659 timor
503 621 635 658 filialis
679 621 955 670 superaddens
1000 620 1189 657 timorem
1236 628 1391 656 castum
1442 618 1482 654 in
1513 625 1761 654 §.Nuntium-s

158 692 316 732 patrem
351 681 554 718 offendere
588 679 821 728 aggreditur
844 691 970 728 usque
1003 680 1054 715 ad
1089 687 1262 714 mortem
1286 676 1482 714 terribilia
1502 660 1773 723 ”gfltcgsstsdssfff’

158 742 285 778 instar
309 739 472 785 Christi,
498 748 535 776 et
558 738 627 775 illa
650 738 828 786 perfecta
858 738 1004 774 caritas
1015 738 1138 786 foras
1167 736 1281 772 mittit
1304 736 1482 771 timorem
1523 731 1655 793 «5ngAEss
1671 730 1739 793 ῑῐᾞῇ

158 799 342 837 servilem
383 808 420 835 et
461 798 724 834 mundanum.
763 796 875 833 Talis
915 805 1050 833 autem
1090 795 1213 831 timor
1251 793 1404 830 servilis
1447 802 1484 829 et
1637 775 1651 803 J
1689 774 1749 793 Μ’

160 859 388 895 mundanus
421 857 542 893 habet
565 868 711 904 penam
745 855 909 891 racione
944 853 1123 891 criminis
1157 852 1402 890 comitantis.
1437 854 1485 889 Et

159 917 214 954 ita
248 925 306 953 est
340 917 387 952 de
427 914 573 951 timore
612 913 764 950 iniciali
798 926 878 962 quo
918 912 1082 950 racione
1120 911 1277 960 peccati
1317 910 1484 947 venialis

161 974 392 1012 comitantis
433 974 553 1010 habet
592 985 738 1021 penam
779 980 820 1008 et
860 971 1101 1008 anxietatem
1140 982 1215 1018 pro
1256 968 1484 1005 mundanis.

161 1035 239 1071 Sed
264 1032 387 1069 timor
410 1031 542 1068 filialis
576 1043 695 1080 quem
731 1029 949 1067 comitatur
973 1029 1151 1078 perfecta
1185 1027 1332 1064 caritas
1366 1028 1486 1063 habet

161 1105 280 1129 omne
318 1090 525 1139 gaudium,
568 1102 658 1126 cum
700 1089 739 1125 in
778 1088 996 1125 amissione
1035 1085 1323 1135 temporalium
1357 1085 1484 1122 eciam

162 1153 362 1187 bonorum
408 1157 552 1185 nature
596 1160 724 1196 usque
772 1148 823 1184 ad
867 1146 991 1183 vitam
1037 1145 1221 1194 corporis
1263 1144 1334 1181 Dei
1381 1143 1486 1180 filius

161 1209 281 1246 fuerit
321 1207 550 1252 tribulatus,
597 1205 691 1255 quia
731 1207 779 1242 de
828 1204 1105 1253 preniiacione
1150 1203 1279 1252 patrie
1326 1210 1483 1239 tantum

162 1269 309 1316 gaudet
343 1267 453 1315 quod
485 1264 684 1314 quidquid
718 1265 766 1300 de
805 1276 909 1312 pena
942 1262 1160 1311 temporali
1194 1274 1334 1310 passus
1368 1260 1486 1297 fuerit

164 1335 329 1375 propter
362 1336 474 1373 spem
508 1323 654 1372 premii
687 1322 826 1359 suffert
859 1335 950 1358 cum
984 1321 1146 1370 gaudio.

221 1387 269 1420 Et
302 1384 342 1420 in
375 1382 446 1420 tali
479 1395 582 1431 pena
622 1381 739 1418 anxia
777 1379 1004 1417 necessaria
1038 1388 1096 1416 est
1130 1378 1298 1428 quilibet
1333 1379 1484 1414 mundo
1542 1385 1660 1412 Servilc
1681 1385 1744 1412 sear

164 1443 323 1479 deditus
365 1451 403 1478 et
442 1440 673 1490 specialiter
711 1440 855 1476 fratres
897 1448 934 1475 et
973 1437 1149 1486 religiosi
1195 1435 1484 1485 possessionati
1513 1420 1769 1485 ἃξιῖξξῑξνέὶιιάζᾝῡ

165 1502 272 1538 circa
312 1499 555 1548 temporalia
594 1497 885 1535 insaciabiliter
924 1497 1140 1533 inhiantes.
1202 1496 1280 1532 Sed
1322 1494 1389 1543 qui
1430 1494 1486 1530 sic
1512 1486 1770 1552 *ἱζῧέᾞῐῑὼέζξῗὲ*

164 1560 278 1596 timet
293 1572 376 1596 non
399 1567 456 1595 est
472 1558 671 1606 perfectus
690 1557 730 1593 in
754 1556 936 1601 caritate,
961 1555 1017 1592 sic
1041 1564 1083 1591 ut
1094 1557 1222 1591 Deum
1247 1566 1329 1590 non
1347 1552 1487 1600 diligat
1527 1543 1533 1552 ι
1585 1561 1697 1596 clm-gy.

166 1628 251 1655 toto
286 1619 421 1654 corde.
456 1615 599 1653 Omnis
632 1615 739 1652 enim
764 1615 855 1651 talis
889 1614 1150 1662 imperfectus
1183 1612 1306 1648 timor
1339 1624 1486 1659 penam

166 1679 299 1719 habet,
334 1675 639 1724 quiafflquadam
672 1673 940 1710 inclinacione
979 1671 1134 1721 appetit
1173 1679 1385 1719 peccatum
1420 1670 1490 1705 sed

163 1736 279 1772 timet
313 1747 458 1783 penam
493 1742 561 1770 aut
584 1732 734 1769 famam
769 1731 894 1769 seculi
928 1744 1001 1779 pro
1025 1743 1105 1779 qua
1139 1739 1176 1766 et
1200 1742 1281 1765 non
1314 1728 1490 1776 perfecte

111 1807 124 1818 ³
167 1807 239 1843 pro
293 1805 433 1830 amore
483 1791 639 1828 iusticie
684 1792 734 1827 ab
779 1802 900 1839 opere
946 1788 1102 1838 peccati
1148 1787 1340 1832 continet,
1389 1786 1491 1823 sicut

166 1853 350 1890 adultera
388 1863 471 1887 non
509 1862 648 1886 amore
694 1849 832 1897 sponsi
878 1850 947 1885 sed
992 1847 1138 1884 timore
1183 1855 1220 1882 et
1266 1846 1406 1881 dolore¹
1452 1844 1491 1880 in

166 1912 302 1947 seculo
342 1918 454 1946 cavet
494 1909 736 1945 adulterum.
790 1907 902 1944 Sicut
947 1919 1041 1954 ergo
1086 1904 1176 1942 talis
1222 1903 1406 1940 tristatur
1451 1902 1490 1938 in

167 1971 341 2006 adventu
362 1966 512 2016 sponsi,
534 1966 679 2003 mulier
694 1979 737 2002 ex
759 1978 860 2014 pura
876 1964 1098 2002 dileccione
1123 1962 1256 1999 mariti
1281 1961 1490 1999 continens

167 2029 315 2076 gaudet
348 2027 388 2063 in
421 2025 505 2063 eius
539 2027 725 2069 adventu,
760 2024 815 2061 sic
849 2033 906 2061 est
941 2025 988 2060 de
1028 2021 1215 2071 perfectis
1249 2021 1289 2057 in
1323 2019 1490 2057 caritate

169 2096 205 2123 et
235 2086 275 2123 in
298 2084 553 2134 perfeccione
583 2082 883 2120 continentibus
912 2090 1099 2130 respectu
1128 2081 1323 2117 adventus
1348 2077 1490 2114 iudicis

169 2144 208 2181 in
233 2144 341 2181 finali
366 2142 530 2179 iudicio.
555 2144 603 2178 Et
627 2141 691 2178 hic
716 2140 922 2178 conclusio
947 2149 1005 2177 est
1026 2138 1239 2176 Johannis:
1264 2138 1491 2188 Diligentius

169 2216 266 2253 ergo
290 2203 416 2239 Deum
448 2201 603 2249 integre
637 2200 886 2237 confidentes
919 2199 959 2235 in
992 2199 1075 2235 eius
1109 2195 1314 2234 amicabili
1338 2207 1490 2234 amore,

169 2274 254 2297 cum
319 2268 476 2297 tantum
541 2259 769 2295 eternaliter
825 2271 893 2294 nos
951 2257 1110 2301 dilexit,-
1168 2255 1260 2291 ideo
1314 2266 1491 2302 namque

169 2320 331 2368 plenam
365 2331 476 2366 spem
502 2319 694 2354 debemus
728 2318 876 2353 habere
908 2316 948 2352 in
982 2328 1087 2361 eum,
1112 2326 1273 2350 onmem
1300 2312 1489 2348 timorem

169 2377 331 2415 anxium
367 2377 621 2425 expellendo;
662 2384 700 2412 et
732 2375 835 2412 sicut
870 2384 927 2411 est
960 2374 1000 2410 in
1033 2373 1123 2413 isto,
1158 2372 1215 2408 sic
1247 2370 1489 2419 generaliter

169 2437 208 2473 in
241 2435 428 2472 omnibus
462 2434 549 2471 aliis
584 2433 818 2470 ministeriis
852 2434 986 2481 quoad
1019 2434 1161 2476 Deum,
1196 2429 1348 2466 scilicet
1381 2429 1490 2477 quod

168 2495 267 2531 illud
301 2495 409 2542 quod
433 2502 492 2529 est
515 2492 795 2529 delectabilius
828 2491 956 2531 nobis,
993 2489 1149 2527 facilius
1183 2497 1303 2536 atque
1338 2486 1489 2524 utilius,

169 2562 226 2590 est
268 2553 503 2589 mandatum
545 2560 582 2587 et
622 2550 828 2587 declinans
868 2551 916 2586 ab
957 2549 1026 2585 illo
1065 2547 1206 2584 incidit
1250 2546 1290 2583 in
1331 2544 1490 2593 gravius

169 2610 419 2648 tristabilius.
453 2609 693 2646 Benedictus
727 2621 821 2656 ergo
855 2607 904 2644 sit
938 2619 1109 2656 sponsus
1133 2605 1200 2654 qui
1225 2604 1359 2642 taliter
1381 2612 1490 2640 amat

240 2744 259 2762 1.
280 2735 313 2762 In
337 2742 450 2769 marg:
472 2743 508 2767 43
536 2733 576 2760 ib.
593 2733 689 2760 Cod.:
717 2732 767 2768 qui
791 2731 898 2759 tidelis.
971 2740 1000 2764 4.
1022 2731 1154 2759 falsum:
1176 2729 1263 2756 cod:
1286 2728 1355 2758 tlm;
1378 2727 1489 2753 falsum

169 2770 296 2802 dic-itum
320 2771 373 2797 hec
388 2769 480 2795 verba
495 2777 510 2795 e
525 2768 663 2803 margine
679 2767 707 2795 in
724 2772 838 2794 textum
855 2766 1003 2793 incidisse
1017 2765 1170 2793 videntur.
1239 2764 1262 2791 5.
1280 2763 1311 2789 Iu
1329 2770 1442 2796 marg:
1466 2761 1489 2787 5.

170 2813 210 2832 10.
234 2804 329 2832 Cod.:
357 2812 415 2839 que
437 2803 568 2830 racione.
684 2810 724 2830 ει.
747 2802 841 2830 Cod.:
872 2803 915 2828 sic
937 2806 966 2828 ιιι
989 2801 1083 2828 deest.
1198 2799 1243 2826 26.
1266 2797 1361 2825 (jod,:
1391 2801 1418 2823 et
1439 2796 1488 2822 do.

169 2848 216 2875 29.
239 2839 335 2867 Cod.:
362 2839 392 2867 in
414 2839 456 2866 in.

241 2922 294 2955 31.
323 2924 345 2954 Ι.
372 2922 450 2954 Joh.
478 2922 534 2961 IV,
565 2932 615 2964 ¹9·
