1944 3323
109 250 245 280 smum
266 239 361 297 maj
597 251 774 284 ‘suarm
800 250 926 284 PARS.
1630 239 1710 286 465

604 426 798 467 SERMO
832 427 935 467 LIV.

174 536 304 572 Videte
333 534 523 583 quomodo
555 541 665 570 caute
696 533 913 570 ambuletis.
948 533 1048 580 Eph.
1084 533 1151 578 V0,
1184 531 1244 568 15.

167 596 207 629 In
248 593 321 629 ista
355 593 526 641 epistola
566 593 683 628 docet
716 591 934 640 Apostolus
968 591 1174 639 quomodo
1216 588 1500 627 christianisve
1519 595 1713 633 musta-auch

109 653 254 688 debent
306 650 569 699 spiritualiter
620 651 847 691 ambula1·e;
900 648 932 685 si
983 648 1088 685 enim
1140 661 1231 685 cum
1282 660 1426 696 magna
1466 630 1692 692 Sssgl‘ssss'ssfn-Uffle

78 711 267 747 §cautela
299 709 545 758 previdenda
578 716 636 745 est
659 707 889 745 ambulacio
924 706 1161 755 corporalis,
1195 706 1263 743 ubi
1296 705 1427 755 posite
1536 699 1626 726 deffl-

109 777 200 805 sunt
233 767 376 804 insidie
408 768 459 804 ad
491 768 719 803 nocendum
753 764 915 815 corpori
943 766 1004 802 vel
1033 764 1273 813 temporalia
1305 764 1428 813 spoli-

111 828 274 873 andum,
309 835 460 875 quanto
500 824 627 873 magis
667 826 841 862 cavende
873 832 965 860 sunt
998 823 1141 860 insidie
1174 822 1326 861 diaboli
1359 821 1427 871 qui

111 895 319 934 tamquam
364 885 422 921 leo
467 884 627 936 rugiens
670 883 807 920 circuit
852 881 956 919 viam
998 890 1180 918 nostram
1221 882 1272 918 ad
1310 882 1428 918 devo-

113 944 286 980 randum
332 942 511 980 animam
557 950 594 978 et
639 943 689 978 ad
734 943 840 978 bona
883 949 1022 977 nostra
1067 939 1293 989 spiritualia
1337 943 1429 988 (que

60 1010 203 1038 xosunt
247 1000 448 1038 infinitum
494 1000 663 1038 meliora
713 1012 834 1049 quam
880 999 1112 1047 corporales
1157 997 1315 1044 divicie)
1363 999 1430 1034 de-

113 1061 364 1099 struendum.
400 1061 549 1096 Revera
582 1058 613 1095 si
647 1059 687 1096 in
719 1059 787 1095 ill-a
820 1058 977 1095 cautela
1009 1069 1148 1094 sumus
1171 1055 1429 1104 negligentes,

114 1119 290 1155 defectus
330 1117 422 1154 fidei
460 1125 518 1154 est
556 1117 596 1153 in
636 1129 769 1163 causa,
813 1126 850 1153 et
894 1128 966 1163 per
1003 1127 1253 1164 consequens
1293 1127 1431 1151 sumus

113 1176 244 1217 stulti;
279 1176 369 1212 ideo
403 1174 500 1211 dicit
522 1176 741 1224 Apostolus
775 1175 883 1223 quod
913 1175 1094 1211 debemus
1124 1173 1326 1209 ambulare
1357 1185 1430 1208 uon

114 1230 224 1284 quasi
265 1234 484 1283 insipientes
527 1235 596 1270 sed
634 1234 744 1283 quasi
785 1234 988 1283 sapientes.
1035 1234 1121 1278 Que
1157 1233 1288 1280 (rogo)
1329 1231 1432 1267 foret

62 1292 245 1330 15maior
288 1291 524 1341 insipiencia
562 1305 683 1341 quam
724 1291 920 1329 viatorem
959 1300 1042 1328 tam
1081 1289 1264 1339 fragilem
1310 1288 1433 1338 gratis

115 1364 155 1388 se
188 1350 370 1388 subicere
403 1360 440 1387 et
472 1350 595 1398 ligare
629 1359 770 1387 contra
803 1351 959 1386 hostem
992 1358 1075 1386 tam
1109 1348 1314 1394 callidum,
1349 1356 1431 1384 tam

118 1409 351 1447 malivolum
398 1418 436 1445 et
487 1409 689 1455 subtilem,
736 1408 838 1445 sicut
883 1417 942 1445 est
986 1407 1171 1444 diabolus
1216 1419 1306 1443 cum
1352 1405 1433 1442 suis

116 1467 401 1516 complicibus;
462 1467 705 1516 quicumque
758 1467 920 1515 quidem
979 1479 1019 1502 se
1079 1465 1208 1502 irretit
1266 1472 1433 1513 peccato

117 1526 240 1575 gratis
278 1525 469 1562 sternitur
510 1525 585 1573 ipsi
620 1526 782 1562 diabolo
823 1523 1116 1562 consuetudine
1151 1522 1318 1560 crimine
1351 1522 1434 1559 vin-

59 1598 99 1619 20
118 1586 286 1622 culatus.
334 1585 411 1620 Sed
446 1585 633 1620 Proverb.
669 1586 752 1629 lvo,
795 1584 843 1619 25
887 1583 1094 1620 scribitur:
1138 1582 1329 1631 palpebre
1373 1589 1436 1616 tue

114 1644 325 1692 precedant
358 1655 522 1692 gressus
554 1650 650 1678 tuos.
699 1644 771 1678 Per
811 1643 1025 1690 palpebras
1057 1652 1151 1678 vero
1184 1640 1341 1677 videtur
1374 1639 1434 1675 in-

116 1702 295 1749 telligere
347 1700 511 1737 visionis
569 1700 787 1737 acuitatem
847 1701 1068 1737 secundum
1130 1711 1251 1747 quam
1304 1697 1435 1734 viator

118 1759 312 1807 prospicit
348 1758 569 1806 periculum
605 1760 653 1795 de
685 1758 920 1806 longinquo,
961 1759 1011 1795 ad
1052 1758 1127 1793 hoc
1161 1756 1268 1793 enim
1301 1756 1435 1792 valent
1458 1760 1517 1789 We
1538 1769 1588 1788 are
1609 1765 1662 1796 apt
1681 1765 1711 1788 to

118 1819 308 1866 palpebre
336 1817 540 1855 intuentis.
571 1818 649 1853 Sed
672 1817 766 1865 quia
795 1816 1020 1865 adquisicio
1050 1815 1198 1852 noticie
1231 1815 1435 1851 cautelose
1542 1796 1635 1824 ⁵¹⁰¹h'

62 1879 101 1911 25
119 1885 156 1912 et
200 1875 440 1912 fortificacio
486 1875 526 1911 in
570 1875 715 1911 virtute
761 1876 932 1911 multum
979 1874 1173 1923 proderit,
1226 1872 1318 1909 ideo
1361 1885 1435 1908 nos

119 1934 284 1980 viantes,
309 1933 402 1982 quia
426 1935 474 1970 ab
500 1933 584 1969 istis
609 1933 837 1970 excedimus
861 1942 1027 1982 peccato
1052 1931 1217 1977 desidie,
1243 1932 1435 1967 debemus

23 1973 177 2059 „8‘{:,i‹t1t
229 1994 391 2029 mandat
436 1993 668 2040 Apostolus)
715 2001 874 2040 tempus
920 1991 1003 2028 redi
1033 1987 1037 2043 Ι
1068 2003 1188 2036 mere,
1242 1990 1433 2039 quoniam,

25 2045 37 2050 ’
71 2059 78 2062 ’
120 2050 261 2100 inquit,
287 2051 367 2087 dies
390 2051 484 2086 mali
504 2058 603 2087 sunt.
630 2052 744 2087 Unde
769 2050 986 2098 Gregorius
1001 2051 1055 2085 ΧΨ
1072 2048 1288 2086 Moralium
1307 2049 1434 2084 V1110:

126 2110 290 2159 Tempus
323 2109 563 2154 redimimus,
596 2110 751 2157 quando
782 2116 870 2145 aute
899 2116 1025 2145 actam
1062 2108 1178 2143 vitam
1212 2119 1325 2156 quam
1359 2107 1436 2142 las-

62 2170 104 2201 30
120 2168 292 2203 civiendo
320 2168 567 2216 perdidimus
588 2167 724 2218 flendo
758 2179 1002 2217 reparamus.
1044 2168 1093 2202 Et
1126 2169 1183 2211 (ut
1215 2164 1438 2201 sentenciat

121 2223 380 2276 Augustinus)
420 2234 580 2273 oportet
619 2226 831 2274 perdentes
864 2234 1024 2273 tempus
1063 2237 1179 2260 suum
1219 2224 1437 2271 precedens

121 2284 160 2319 in
192 2283 304 2320 viciis
337 2284 426 2332 plus
459 2283 575 2320 inniti
606 2283 820 2320 virtutibus
853 2292 890 2320 et
921 2282 1167 2320 abstinencie
1200 2294 1222 2318 a
1254 2289 1438 2331 peccato,

121 2341 214 2390 quia
238 2343 332 2378 dum
357 2341 413 2378 sic
436 2341 619 2388 facimus,
644 2350 803 2390 tempus
827 2341 936 2390 prius
960 2341 1163 2390 perditum
1182 2352 1253 2388 per
1271 2351 1436 2387 operam

122 2401 210 2448 plus
243 2400 490 2437 fructuosam
525 2399 774 2446 redimimus,
810 2399 904 2449 quia
943 2399 1156 2436 occasione
1189 2406 1358 2446 accepta
1389 2398 1438 2432 de

66 2460 104 2492 35
125 2458 357 2506 perdicione
396 2458 590 2506 temporis
631 2458 767 2506 gracia
800 2457 872 2494 Dei
906 2457 999 2494 facit
1032 2457 1164 2505 ipsum
1197 2455 1313 2492 nobis
1345 2466 1438 2503 pro-

125 2517 254 2554 licere.
309 2515 368 2552 llli
421 2516 547 2553 eciam
592 2525 750 2564 tempus
803 2516 1007 2552 redimunt
1060 2514 1127 2563 qui
1181 2513 1439 2562 despiciendo

125 2587 240 2611 curas
278 2574 402 2611 seculi
441 2574 656 2623 paciuntur
700 2574 777 2610 illis
822 2573 1005 2610 iniuriari
1050 2572 1090 2609 in
1129 2572 1245 2609 bonis
1284 2580 1441 2620 tempo-

124 2632 287 2679 ralibus,
322 2642 364 2668 ut
396 2633 602 2669 lucrentur
636 2633 811 2670 fructum
843 2631 1110 2681 spiritualem,
1151 2630 1245 2679 quia
1277 2630 1350 2666 hec
1383 2637 1441 2665 est

195 2765 236 2790 rt.
259 2755 352 2784 Cod.:
375 2756 427 2783 sed
450 2756 513 2783 sed.
589 2756 629 2783 ui.
652 2756 748 2783 Cod.:
770 2764 800 2783 sc
822 2756 916 2783 deest.

201 2851 227 2871 1.
254 2839 437 2871 Dominica
463 2839 628 2871 vicesima
655 2847 735 2881 post
754 2839 978 2871 Trinitatem.
1007 2838 1057 2870 Cf.
1081 2836 1237 2880 Wyclif's
1264 2837 1443 2873 Sermons,

131 2887 186 2917 ed.
213 2887 258 2928 by
286 2887 432 2926 Arnold,
459 2887 499 2927 ΙΙ,
527 2896 604 2928 pag.
634 2885 828 2919 362—365.
855 2887 889 2918 S.
911 2885 1074 2926 Gregorii
1103 2885 1196 2927 Opp.
1216 2891 1302 2915 torn.
1323 2883 1345 2920 1,
1371 2891 1443 2924 172.

1262 2941 1304 2971 30
