1944 3323
159 251 293 280 SERMO
316 239 368 297 Χ]
644 250 817 282 Tssa‘rm
847 250 971 282 PARs.
1713 236 1759 280 75

159 361 343 407 fingenda
381 371 501 396 causa
542 357 721 395 dacionis
761 357 831 394 Dei
877 356 990 392 istius
1029 353 1201 392 sciencie
1239 353 1271 390 si
1312 365 1394 389 non
1431 362 1473 388 ut

157 418 366 468 predicent
399 416 538 465 capaci
571 416 742 465 populo3
788 414 908 463 igitur
941 412 1165 462 impediens
1197 411 1318 448 istum
1353 410 1472 446 finem
1540 414 1712 464 „lp-Sim&
1745 457 1750 461 ῃ

158 488 277 526 quem
312 475 494 512 Christus
527 473 698 511 intendit
731 473 804 510 sibi
837 472 995 509 notorie
1029 469 1272 509 contradicit
1311 477 1347 506 et
1380 476 1474 504 tunc
1505 453 1759 521 Jiy¹¹1ss‡{.{1„fif'i”;f,¹d

158 533 321 571 indubie
365 534 467 570 foret
510 532 781 569 Antichristus
828 530 1057 578 sacrilegus.
1112 528 1337 575 Sacrilegus
1385 526 1475 562 dico
1503 519 1760 580 ³¹ci›iiixi1'i‡¹i¹‹›ii.¹⁹

126 595 142 628 5
158 592 252 642 quia
273 604 429 629 sacram
452 591 679 628 doctrinam
703 589 974 638 evangelicam
1005 588 1179 625 auferret
1200 588 1249 623 ab
1272 584 1476 622 auditorio

159 652 267 700 quod
284 651 425 687 devote
447 649 577 699 ipsam
602 648 834 697 susciperet.
860 649 936 684 Sed
954 648 1030 683 heu
1046 646 1187 683 Matth.
1205 645 1290 690 IX0‚
1311 644 1358 691 37
1383 642 1479 679 dicit

159 709 359 747 Christus:
404 708 546 745 Messis
589 707 740 757 quidem
785 706 920 751 mulla,
965 704 1139 754 operarii
1180 710 1307 739 autem
1347 701 1475 752 pauci.

159 769 260 805 Cum
294 776 429 804 autem
462 779 484 803 a
517 765 692 803 Domino
727 763 868 801 messis
902 765 1050 801 habent
1084 761 1314 811 quicunque
1347 771 1477 796 sacer-

160 827 274 863 dotes
307 825 366 861 sui
400 823 609 862 licenciam
642 822 893 872 predicandi,
917 821 1074 859 videtur
1098 821 1206 869 quod
1231 818 1477 856 diabolicum

106 884 274 929 10foret‚
310 883 419 921 illam
452 881 664 920 licenciam
698 881 907 930 impedire.
942 879 1007 917 Sic
1042 878 1147 916 enim
1183 877 1363 914 Christus
1396 888 1478 912 non

160 941 368 991 prohibuit
400 943 469 978 sed
502 940 742 990 approbavit
774 952 897 976 unum
932 951 1014 975 non
1046 945 1279 986 sequentem
1315 948 1405 972 eum
1438 933 1480 970 in

160 999 324 1038 nomine
373 1013 445 1036 suo
496 998 709 1036 facientem
762 997 971 1043 miracula,
1030 1008 1123 1044 ergo
1175 995 1302 1031 multo
1354 993 1480 1041 magis

161 1058 346 1096 illicitum
381 1059 485 1095 foret
516 1058 578 1094 vel
611 1057 798 1104 angelum
832 1057 880 1092 de
913 1055 998 1092 celo
1033 1065 1278 1103 quemquam
1304 1065 1325 1089 a
1348 1050 1480 1101 publi-

161 1116 326 1155 cacione
371 1115 589 1153 christiane
634 1114 727 1151 fidei
770 1114 997 1163 prohibere.
1053 1112 1118 1149 Sic
1164 1111 1270 1148 enim
1317 1118 1480 1159 possent

107 1174 305 1224 15prelati
350 1174 525 1223 perversi
563 1181 691 1210 totam
732 1173 853 1209 fidem
894 1171 1136 1219 extinguere.
1190 1172 1273 1206 Nec
1312 1167 1477 1205 dubium

161 1233 257 1283 quin
289 1232 345 1269 illi
378 1233 509 1269 forent
541 1241 636 1268 tunc
670 1232 758 1280 plus
793 1229 1059 1268 antichristivi
1099 1241 1221 1277 quam
1262 1226 1479 1264 infidelitas

161 1304 412 1341 paganorum
446 1290 550 1327 inter
582 1301 810 1327 saracenos.
855 1288 1027 1325 Licitum
1062 1287 1225 1336 quidem
1260 1294 1318 1322 est
1350 1297 1480 1322 sacer-

161 1350 245 1387 doti
279 1349 427 1386 Christi
462 1348 626 1386 cuilibet
658 1347 868 1397 predicare
907 1359 951 1383 ex
990 1359 1129 1383 eorum
1164 1343 1478 1393 approbacione,

161 1409 218 1445 sic
250 1417 386 1445 tamen
420 1408 527 1456 quod
561 1419 641 1443 non
674 1406 854 1455 predicet
889 1404 1137 1442 contrarium
1170 1403 1247 1451 legi
1280 1415 1362 1439 sue.

105 1479 147 1501 20
221 1468 332 1512 Item,
368 1479 458 1503 cum
493 1465 702 1514 predicare
737 1463 986 1512 evangelium
1023 1463 1072 1499 sit
1096 1475 1206 1511 ‚opus
1239 1460 1479 1510 precipuum
1514 1460 1755 1522 Iir'cii'cilxiiigi'mi

163 1524 384 1562 sacerdotis
417 1527 474 1569 (ut
498 1523 561 1560 hic
585 1523 841 1572 supponitur)
875 1531 912 1559 et
946 1521 1072 1570 magis
1105 1520 1245 1557 efficax
1277 1517 1480 1556 auditorio
1514 1504 1578 1557 cufi
1599 1504 1738 1566 psit—211⁰

88 1621 96 1628 ‚
163 1584 297 1632 quoad
342 1583 511 1619 salutem
553 1581 699 1627 anime⁷
736 1594 857 1630 quam
897 1579 1120 1617 celebracio
1154 1579 1216 1615 vel
1257 1577 1481 1626 corporalis

68 1622 148 1699 5Ἧῇ
164 1640 463 1687 elemosinacio,
501 1635 690 1692 videtur}
721 1652 765 1676 ex
805 1640 889 1687 lege
929 1637 1108 1675 caritatis
1150 1638 1258 1685 quod
1303 1636 1482 1685 prelatus

69 1678 109 1708 ⁶4
162 1712 245 1736 non
293 1700 410 1735 debet
458 1698 711 1747 predicantes
758 1697 990 1733 huiusmodi
1035 1695 1250 1744 prohibere
1295 1695 1363 1731 sed
1408 1707 1482 1742 pro

107 1761 146 1793 25
164 1758 291 1794 salute
331 1757 391 1793 sui
430 1756 569 1805 populi
609 1755 820 1801 sustinere,
861 1756 968 1804 quod
1013 1754 1044 1790 si
1084 1754 1179 1790 facit
1219 1752 1481 1797 contrarium,

163 1815 320 1864 signum
357 1815 624 1852 certissimum
660 1823 717 1851 est
742 1815 850 1863 quod
875 1814 924 1850 sit
948 1813 1133 1849 diabolus
1159 1822 1196 1848 et
1220 1813 1337 1860 lupus
1362 1823 1484 1859 rapax

163 1874 223 1911 sui
251 1873 404 1923 populi.
439 1874 540 1910 Cum
573 1872 679 1909 enim
712 1885 756 1909 ex
787 1872 864 1908 fide
888 1871 1056 1908 Matthei
1080 1872 1165 1916 IV0‚
1190 1884 1215 1917 4
1239 1872 1362 1906 homo
1389 1869 1482 1905 vivit

158 1933 295 1983 pocius
327 1945 377 1969 ex
400 1933 516 1968 vet-bo
544 1931 622 1968 Dei
642 1944 754 1981 quam
788 1932 823 1966 in
852 1943 954 1980 pane
986 1929 1182 1966 materiali
1202 1929 1263 1965 vel
1287 1940 1484 1977 corporeo

165 1990 370 2037 alimento,
413 1990 667 2027 manifestum
709 1998 768 2025 est
806 1990 914 2037 quod
941 1987 1179 2036 impediens
1219 1987 1335 2024 huius
1375 1985 1484 2023 verbi

108 2052 149 2085 30
166 2049 553 2097 evangelizacionem
606 2061 628 2085 a
681 2060 753 2084 suo
806 2046 1009 2084 auditorio
1070 2045 1325 2083 machinatur
1377 2046 1485 2093 quod

166 2108 319 2144 auferat
343 2107 398 2143 eis
420 2107 563 2153 vitam3
587 2106 711 2143 vitam
736 2105 826 2142 dico
850 2105 1100 2153 spiritualem
1126 2105 1346 2141 secundum
1363 2116 1484 2152 quam

165 2165 295 2203 vivere
329 2167 473 2202 debent
506 2164 546 2201 in
570 2164 759 2201 Domino.
795 2163 933 2210 Qualis
957 2167 1087 2212 (rogo)
1111 2163 1212 2200 foret
1245 2171 1384 2211 pastor
1417 2161 1484 2210 qui

166 2233 272 2261 recte
307 2223 528 2260 minantem
563 2233 600 2260 et
623 2232 831 2259 sanantem
856 2235 948 2259 oves
981 2235 1072 2259 suas
1105 2222 1244 2258 exhinc
1271 2221 1485 2269 expelleret

166 2292 203 2319 et
226 2281 399 2331 puniret,
431 2294 569 2330 ymmo
602 2282 701 2318 tales
734 2280 952 2326 adiutores,
988 2290 1029 2317 ut
1053 2293 1146 2317 oves
1169 2288 1335 2329 pateant
1357 2288 1485 2327 temp-

110 2343 149 2378 35
167 2341 316 2378 tacioni
350 2339 514 2385 diaboli,
548 2340 820 2377 ammoveret?
854 2342 943 2376 Non
968 2338 1134 2375 dubium
1159 2338 1255 2387 quin
1288 2338 1390 2374 foret
1413 2336 1484 2373 Dei

168 2399 351 2448 proditor
374 2398 655 2434 Antichristus.
691 2400 796 2434 Deus
830 2398 935 2434 enim
960 2397 1071 2446 cupit
1093 2397 1133 2433 in
1156 2397 1271 2433 nobis
1295 2395 1485 2445 precipue

168 2458 277 2506 quod
300 2457 424 2493 simus
453 2456 527 2493 sibi
560 2456 600 2492 in
630 2456 706 2493 isto
735 2456 870 2493 officio
893 2455 1111 2492 adiutores.
1147 2455 1244 2501 Quis
1269 2467 1362 2503 ergo
1386 2455 1487 2490 foret

169 2515 241 2552 iste
275 2515 401 2551 idiota
434 2523 471 2551 et
495 2514 641 2551 Christi
665 2514 850 2563 proditor
883 2514 950 2563 qui
987 2515 1066 2551 tale
1099 2513 1345 2550 adiutorium
1381 2512 1485 2549 refu-

169 2575 297 2610 taret?
312 2573 519 2622 Numquid
536 2572 737 2609 credimus
760 2585 829 2609 sue
854 2572 1102 2621 blasphemie
1118 2573 1226 2620 quod
1241 2572 1343 2608 foret
1359 2571 1399 2607 in
1414 2583 1486 2607 suo

110 2646 154 2677 40
170 2631 363 2680 regimine
386 2631 596 2680 potencior
609 2633 701 2667 Jesu
725 2630 911 2667 Christo?
934 2630 1116 2668 Christus
1132 2629 1237 2667 enirn
1262 2632 1321 2679 (ut
1343 2629 1487 2677 legitur

179 2791 184 2793 -
237 2755 260 2783 5.
277 2756 320 2782 A:
343 2755 515 2782 doen-inam
533 2755 632 2788 ἀμερεῖς
653 2754 694 2781 ib.
711 2755 754 2781 A:
777 2754 877 2789 qnod:
900 2754 1073 2782 doctrinam
1089 2755 1190 2783 deest:
1212 2754 1252 2782 ib.
1268 2755 1312 2781 A:
1335 2753 1484 2780 auditore.

169 2794 197 2817 o.
218 2790 287 2817 AF:
309 2790 433 2817 Marmei
454 2789 506 2816 ΚΟ.
592 2796 630 2816 12.
650 2789 695 2816 A:
717 2789 862 2816 miribilia
883 2797 965 2822 ergo,
1057 2789 1099 2816 16.
1122 2789 1217 2817 Cod.:
1238 2787 1474 2816 Antichristiani

172 2833 212 2859 15*-
234 2824 274 2851 F:
296 2825 347 2852 sed
370 2829 482 2852 lamen.
600 2831 647 2851 20.
669 2824 698 2851 A
718 2823 747 2850 in
770 2832 884 2857 mar-q:
907 2823 932 2852 3.
1054 2832 1098 2851 22.
1120 2825 1163 2852 A:
1210 2832 1279 2850 uam
1301 2823 1483 2857 corporalis.

170 2859 211 2922 55.
232 2858 271 2921 l?
294 2860 399 2895 populi
421 2860 515 2887 deest.
606 2866 650 2893 27.
671 2860 716 2886 A:
738 2859 845 2895 populi
865 2859 1087 2889 Antichristus.
1174 2832 1215 2888 3}
1237 2859 1282 2886 A:
1303 2857 1396 2884 vitam
1417 2857 1486 2884 dico

192 2902 241 2922 ces
259 2915 265 2921 .
