1944 3323
70 273 141 307 ¹04

72 684 96 710 7.
119 675 251 708 fec-dina
272 682 328 712 out·

62 718 211 742 euenum&
234 713 285 736 not
307 717 334 736 in

88 746 261 779 preference
283 749 313 771 to

80 780 194 809 tulit-rs,
217 780 267 806 but
289 779 323 806 of

104 814 180 841 their
202 814 295 841 needs

63 858 149 877 come
169 849 270 877 before
291 857 334 875 us.

67 1890 93 1917 8.
117 1889 230 1924 Giving
249 1889 332 1916 them

147 1925 253 1957 drink3

78 1972 110 1988 so
132 1959 261 1995 fighting
282 1958 330 1996 the

84 1998 135 2023 tire
155 1995 188 2022 of
206 1994 324 2028 charity

93 2031 199 2057 within
223 2029 316 2056 them.

98 2191 126 2215 t).
149 2185 201 2207 not
221 2185 251 2206 ιο
273 2179 316 2218 be*

98 2223 261 2243 ovcrffljnue
282 2217 312 2241 ot

170 2251 237 2278 evil.

114 2309 159 2336 Hc
180 2309 250 2335 who
270 2308 296 2334 is

72 2343 148 2370 slain
170 2344 217 2370 for
239 2343 336 2369 Cod's

129 2379 199 2405 sake
220 2378 245 2405 is
267 2386 282 2404 a

116 2421 300 2447 conqueror.

638 269 860 301 .1()HANNIS
881 268 1061 300 WYCLIF
1081 269 1337 300 SERMONUM
1410 255 1562 312 [SERMU
1585 265 1663 292 ΧΙΠ·

351 376 562 411 confirmat
596 375 811 422 Apostolus
846 387 958 410 suam
993 374 1237 410 sentenciam
1272 387 1341 422 per
1374 374 1524 410 dictum
1562 377 1664 410 Deu-

350 433 563 469 teronomii
597 434 770 477 XXX110,
809 432 854 467 35
898 432 1019 467 Miclzi
1057 432 1222 467 vindicta
1263 439 1297 468 et
1335 445 1407 482 ego
1441 433 1663 468 retribuam.

351 494 451 527 Nam
486 490 733 538 impossibile
762 490 821 525 vel
853 489 971 525 nimis
1005 489 1168 526 difficile
1201 498 1258 525 est
1281 499 1538 538 pugnantem,
1574 503 1666 526 con-

352 561 509 585 cussum
553 548 611 584 vel
664 549 788 584 lesum
834 560 915 583 non
965 547 1083 584 irasci
1128 547 1241 584 alteri
1286 556 1450 596 propter
1493 547 1665 584 vindicte

352 606 513 655 proprie
547 605 785 654 appetitum.

410 664 589 712 Septima
640 672 772 700 autem
826 663 1010 700 condicio
1061 663 1241 710 obligans
1301 665 1351 699 ad
1402 663 1665 700 dileccionem

353 722 623 770 cuiuscunque
674 721 845 769 proximi
897 721 1021 758 eciam
1080 721 1231 757 inimici
1283 722 1354 757 sub
1406 720 1489 757 istis
1537 720 1666 757 verbis

352 779 604 827 exprimitur:
652 780 695 814 Si
731 779 910 815 esurierit
952 779 1125 815 inimicus
1163 787 1262 825 tuus,
1302 779 1382 815 ciba
1423 779 1542 814 illum.
1590 778 1665 815 Ubi

351 839 573 873 notandum
620 846 758 873 contra
816 836 1016 885 sophistas
1062 838 1169 885 quod
1214 836 1369 884 signum
1418 836 1665 873 condicionis

351 908 430 931 non
472 895 666 943 exprimat
698 896 847 931 nudam
888 895 1223 943 consequenciam
1263 895 1312 931 ad
1347 895 1451 930 hunc
1484 907 1664 935 sensum:

352 954 457 1001 quod
491 953 521 988 si
556 952 743 989 inimicus
776 962 865 989 tuus
900 952 1094 997 esurierit,
1136 953 1253 988 debes
1293 964 1382 988 eum
1416 952 1548 989 cibare
1581 965 1666 988 cor-

353 1010 558 1059 poraliter,
611 1011 703 1058 quia
754 1020 847 1047 tunc
900 1010 1081 1047 Christus
1134 1019 1337 1059 peccasset
1383 1010 1583 1056 continue,
1631 1019 1667 1046 et

353 1068 483 1105 cuncti
538 1068 673 1105 fideles
725 1070 853 1105 forent
902 1068 1129 1105 necessitati
1187 1076 1350 1116 propter
1406 1067 1666 1104 inimiciciam

352 1126 601 1174 spiritualem
662 1126 841 1163 criminis
902 1139 1067 1174 peccare
1128 1125 1329 1169 continue,
1389 1134 1548 1174 oportet
1602 1138 1668 1162 eos

353 1193 708 1233 quantumcunque
748 1184 939 1221 distantes
980 1185 1029 1221 ad
1070 1183 1307 1220 criminosos
1347 1196 1506 1220 currere
1545 1192 1582 1220 et
1616 1183 1668 1220 ci-

354 1244 447 1279 bare
476 1243 536 1278 vel
566 1242 683 1279 aliter
712 1242 898 1278 omittere
928 1244 1033 1290 quod
1066 1243 1209 1278 debent
1233 1242 1374 1279 facere.
1410 1243 1501 1278 Ideo
1532 1241 1669 1278 dicunt

353 1309 538 1336 notantes
571 1300 901 1349 equivocaciones
934 1302 1040 1349 quod
1073 1300 1107 1336 si
1137 1299 1175 1336 in
1208 1300 1352 1336 talibus
1392 1299 1669 1336 locucionibus

353 1358 588 1406 simpliciter
611 1358 916 1395 circumstancie
950 1358 1161 1406 paritatem
1187 1387 1193 1394 .
1221 1388 1227 1394 .
1255 1388 1259 1394 .
1289 1387 1295 1394 .
1330 1371 1374 1394 ac
1408 1357 1438 1394 si
1470 1357 1669 1406 scriptura

354 1415 591 1461 intenderet,
631 1417 665 1452 si
695 1417 875 1453 esurierit
908 1417 1080 1452 inimicus
1113 1423 1199 1450 tuus
1233 1425 1268 1451 et
1301 1415 1419 1451 fuerit
1452 1415 1490 1451 in
1525 1428 1668 1463 magna

354 1474 589 1510 necessitate
628 1474 697 1510 tibi
738 1474 792 1510 ita
833 1473 1002 1522 positus,
1045 1482 1132 1509 tunc
1172 1474 1282 1509 debes
1322 1473 1462 1510 ceteris
1506 1473 1669 1521 paribus

355 1545 436 1568 eum
471 1532 600 1568 cibare
631 1539 664 1568 et
692 1540 833 1581 potare
865 1531 1016 1568 cibario
1050 1531 1253 1579 corporali
1287 1541 1323 1568 et
1357 1531 1521 1567 omnino
1555 1530 1669 1579 spiri—

355 1589 528 1630 tualiter,
561 1590 732 1626 volendo
767 1602 856 1626 eum
891 1591 1037 1626 habere
1071 1589 1300 1625 firmitatem
1337 1589 1427 1625 fidei
1460 1598 1667 1637 tamquam

356 1647 488 1683 cibum
515 1656 550 1684 et
574 1647 949 1695 superaddicionem
977 1647 1129 1684 consilii
1156 1656 1362 1695 tamquam
1386 1656 1546 1695 potum:
1577 1660 1667 1683 nam

356 1705 450 1742 istas
465 1705 695 1742 voluciones
713 1717 787 1753 que
804 1705 1073 1742 terminantur
1089 1705 1135 1741 ad
1155 1705 1402 1741 cibacionem
1419 1704 1669 1753 spiritualem

356 1775 576 1811 pacemque
596 1763 711 1810 exigit
731 1764 864 1810 regula
890 1763 1085 1799 caritatis:
1111 1763 1165 1799 sic
1185 1764 1301 1798 debet
1325 1762 1492 1810 intelligi
1517 1762 1667 1798 dictum

356 1820 556 1868 Sapientis
596 1823 697 1857 prov
704 1850 845 1857 .....
889 1830 925 1857 et
964 1821 1113 1856 dictum
1149 1820 1330 1868 Apostoli
1371 1820 1410 1856 in
1451 1821 1525 1856 hoc
1565 1821 1667 1856 loco.

416 1881 463 1914 Et
508 1887 615 1926 patet
655 1880 861 1927 quomodo
907 1887 1047 1914 octava
1093 1877 1276 1914 condicio
1322 1879 1437 1914 debet
1482 1877 1666 1925 intelligi:

359 1936 400 1971 Si
440 1937 530 1980 sitit,
570 1944 703 1985 potum
749 1937 795 1972 da
844 1937 919 1971 illi:
964 1937 1050 1972 Hoc
1094 1935 1253 1984 (inquit)
1286 1937 1442 1984 faciens
1485 1937 1670 1971 carbones

357 1994 458 2043 ignis
497 2006 683 2043 cngeres
721 2007 838 2043 super
869 2002 982 2043 caput
1021 1994 1109 2029 eius.
1157 1995 1344 2030 Relevare
1376 2006 1469 2030 vero
1503 1993 1670 2030 necessi-

358 2061 478 2088 tatem
520 2051 670 2088 inimici
710 2052 749 2087 in
789 2065 881 2088 casu
922 2051 1149 2087 huiusmodi
1184 2060 1240 2087 est
1274 2053 1368 2088 dare
1401 2051 1670 2096 occasionem,

358 2118 398 2145 ut
432 2109 530 2156 ignis
570 2110 746 2146 caritatis
779 2109 818 2146 in
850 2122 919 2146 sue
953 2109 1096 2145 mentis
1129 2109 1295 2145 arbitrio
1328 2111 1583 2146 accendatur.

414 2169 527 2202 Nona
551 2180 644 2204 vero
677 2167 861 2204 condicio
895 2176 950 2203 est
974 2168 1081 2216 quod
1115 2168 1238 2203 homo
1271 2168 1364 2203 nolit
1388 2168 1486 2203 vinci
1516 2181 1537 2203 a
1571 2168 1671 2203 malo

357 2224 615 2272 intelligendo
655 2238 724 2273 per
764 2226 913 2261 malum
953 2225 1032 2261 sive
1071 2234 1280 2273 peccatum
1315 2225 1395 2262 sive
1433 2238 1547 2261 suum
1582 2226 1672 2261 sub-

358 2282 502 2318 iectum
538 2283 746 2331 proprium
770 2284 830 2319 vel
865 2282 1142 2319 extrinsecum.
1178 2285 1277 2319 Cum
1314 2283 1417 2319 enim
1452 2284 1572 2319 homo
1596 2282 1671 2319 vir-

359 2349 473 2376 tuose
506 2341 703 2377 occiditur
736 2343 784 2377 ab
818 2340 981 2377 inimico
1012 2340 1077 2389 qui
1111 2340 1159 2376 sit
1194 2342 1417 2377 membrum
1453 2340 1601 2377 diaboli
1635 2349 1671 2377 et

359 2398 531 2445 peccatis
566 2398 646 2434 suis
679 2399 745 2447 qui
779 2408 869 2434 sunt
903 2398 1099 2435 diabolice
1133 2407 1350 2444 armature,
1390 2411 1469 2434 non
1501 2398 1671 2434 vincitur

359 2457 407 2491 ab
441 2455 494 2490 eis
529 2457 595 2491 sed
638 2469 703 2493 eos
742 2466 903 2504 superat
937 2469 1007 2504 per
1038 2455 1238 2492 virtutem.
1273 2458 1327 2492 Ex
1360 2456 1471 2493 cuius
1504 2455 1671 2492 victoria

360 2513 618 2549 coronabitur
657 2516 764 2562 apud
804 2517 944 2550 Deum.
993 2516 1040 2550 Et
1080 2518 1134 2559 (ut
1173 2513 1344 2550 breviter
1384 2513 1553 2559 dicatur)
1591 2526 1672 2550 non

360 2579 416 2606 est
450 2571 638 2618 possibile
673 2571 875 2609 hominem
910 2572 1089 2620 superari
1124 2573 1183 2608 vel
1206 2571 1310 2608 vinci
1341 2571 1417 2608 nisi
1451 2585 1472 2608 a
1504 2580 1671 2620 peccato

431 2724 454 2741 2.
477 2715 571 2741 (j‹)d.:
595 2715 782 2743 Vindictam.
866 2716 902 2744 15.
925 2718 1018 2744 [jode
1042 2717 1198 2743 distanter.
1280 2718 1318 2744 ιδ.
1341 2717 1501 2752 paritatem
1514 2717 1548 2750 (Ρ)
1575 2717 1669 2743 (joela

358 2750 448 2783 pium.
471 2749 572 2776 Unum
597 2750 722 2777 xerbnm
745 2751 893 2778 excidisse
915 2752 1043 2778 xidetur.
1101 2751 1145 2778 26.
1161 2752 1266 2783 lum-4
1284 2752 1420 2786 sequitur
1434 2752 1541 2778 lacuna
1556 2751 1585 2778 iu
1601 2752 1668 2778 cod.

360 2792 406 2818 20.
429 2784 522 2811 (ζωὰς
546 2784 722 2818 (Ξυιιμονίυε.
798 2784 842 2819 34,
866 2785 960 2813 Cod.:
983 2786 1192 2813 extrincicum.
1266 2784 1310 2820 37,
1332 2786 1426 2813 Cod.:
1447 2786 1498 2813 sed
1520 2786 1616 2813 twice.

430 2878 461 2910 8.
489 2879 590 2910 Rom.
619 2879 691 2918 ΧΠ,
721 2889 773 2910 20.
873 2878 924 2911 26.
953 2880 1117 2915 Proverb.
1144 2881 1253 2919 XXV,
1282 2891 1333 2917 21.

1688 907 1692 927 1
1705 906 1724 927 0

1688 1186 1725 1219 15

1686 1487 1727 1507 20

1687 1766 1725 1798 25

1689 2053 1728 2086 30

1686 2343 1727 2375 35
