1944 3323
148 252 229 287 490

147 650 195 677 To
216 650 325 677 induce
347 658 414 677 men

148 690 178 712 to
198 685 300 712 follow
317 685 421 712 Christ

181 719 206 746 is
226 720 272 746 far
293 720 387 747 better

167 754 237 781 than
259 759 290 781 to
312 755 398 781 make

183 789 265 816 them
286 789 385 817 friars.

157 1577 224 1605 The
244 1578 291 1613 lay
313 1585 417 1612 power

166 1613 220 1640 has
241 1622 256 1640 a
279 1612 357 1647 right
377 1616 407 1639 to

154 1648 276 1676 enforce
288 1652 425 1683 poverq,

729 248 953 280 JOHANNIS
974 248 1156 280 WYCLIF
1176 247 1434 281 SERMONUM
1490 234 1641 292 [SERMO
1662 244 1740 272 LVI·

435 355 686 391 habundaret
718 355 923 402 sequendo
958 353 1161 391 Christum
1203 363 1239 390 et
1278 362 1460 390 sanctum
1496 356 1542 390 de
1575 354 1742 391 ecclesia

435 412 639 461 primitiva
673 411 957 460 propinquius3
990 424 1127 460 ymmo
1162 424 1251 448 cum
1279 411 1434 448 Veritas
1467 420 1636 448 testatur
1667 412 1742 448 sibi

435 470 510 519 ipsi
549 470 735 506 omnibus
779 470 909 506 modis
946 483 1026 506 non
1062 478 1119 506 est
1151 469 1285 518 aliqua
1316 469 1462 506 veritas
1495 470 1556 506 vel
1587 470 1742 507 falsitas

436 529 531 577 quin
563 537 732 564 testatur
770 528 887 564 istam
928 527 1193 564 sentenciam:
1233 527 1378 564 veritas
1418 537 1554 564 tamen
1593 528 1742 564 directe

436 596 473 623 et
506 586 657 622 falsitas
689 585 896 622 indirecte.
1760 587 1776 619 5

494 645 709 689 Quomodo
757 656 879 692 queso
932 656 1012 680 non
1064 644 1314 680 erubesceret
1366 643 1610 679 fratrifactor
1661 652 1742 679 tam

437 702 600 750 copiose
641 701 828 738 inducere
869 701 1050 738 homines
1090 701 1129 737 in
1167 714 1282 737 suum
1322 701 1503 737 ordinem
1542 702 1613 737 sub
1654 701 1743 738 fuco

436 759 659 796 sanctitatis
699 761 806 808 quod
844 760 934 796 talis
973 768 1016 795 ut
1054 759 1110 795 sic
1156 760 1349 795 mundum
1396 758 1540 795 deserit
1578 768 1743 807 propter

438 818 639 854 Christum
675 817 771 866 quin
803 818 920 865 longe
953 817 1177 853 evidencius
1201 826 1238 853 et
1261 817 1463 865 copiosius
1486 825 1592 853 totus
1616 817 1743 853 clerus

438 877 630 912 mundum
665 875 793 912 sancti
824 877 1024 912 desereret
1047 875 1086 911 in
1111 887 1203 911 casu
1227 888 1306 923 quo
1329 876 1547 911 secundum
1571 875 1742 912 formam
1763 888 1802 908 10

437 933 629 981 evangelii
662 933 895 970 dotaciones
927 946 1090 969 suorum
1124 932 1409 980 temporalium
1442 933 1684 980 relinqueret
1708 942 1744 969 et

436 993 657 1028 secundum
680 992 851 1028 formam
876 991 1079 1039 religionis
1096 990 1243 1027 Christi
1266 991 1492 1038 predicaret
1515 1000 1551 1027 et
1573 990 1744 1028 viveret?

437 1051 536 1086 Cum
583 1062 677 1097 ergo
722 1051 797 1086 hoc
841 1049 941 1085 foret
982 1048 1110 1097 magis
1151 1051 1300 1085 bonum
1341 1057 1378 1084 et
1417 1049 1513 1085 satis
1551 1049 1666 1085 facile
1706 1049 1745 1084 in

436 1116 520 1144 tota
554 1107 721 1144 ecclesia
755 1108 866 1143 daret
898 1119 1063 1155 operam
1097 1108 1147 1143 ad
1172 1106 1254 1143 eius
1278 1106 1555 1143 hortacionem
1579 1116 1615 1143 et
1639 1119 1746 1143 com-

436 1165 675 1214 plecionem,
714 1164 870 1202 videtur
911 1167 1017 1213 quod
1057 1165 1198 1201 fratres
1243 1164 1407 1200 dimissa
1450 1164 1800 1201 fratrifaccione15

438 1223 592 1272 privata
625 1224 769 1259 debent
802 1222 866 1258 isti
898 1223 1023 1270 magis
1049 1224 1154 1259 bono
1177 1222 1396 1267 intendere,
1421 1235 1514 1258 nam
1538 1223 1745 1270 predicare

439 1290 475 1318 et
511 1282 719 1317 consulere
752 1280 910 1329 publice
944 1289 980 1316 et
1013 1280 1165 1328 private
1199 1282 1247 1316 ad
1282 1280 1600 1328 complecionem
1633 1280 1746 1317 istius

438 1339 615 1376 veritatis
650 1339 875 1386 evangelice
908 1339 1009 1375 foret
1043 1337 1138 1386 ipsis
1171 1337 1297 1374 facile.
1343 1339 1420 1374 Sed
1459 1347 1573 1386 pater
1606 1351 1745 1375 eorum

439 1406 604 1446 propter
643 1396 871 1445 superbiam
919 1405 955 1433 et
1002 1396 1202 1444 privatum
1247 1397 1506 1432 commodum
1552 1396 1607 1432 sic
1651 1396 1746 1444 ligat

440 1455 528 1492 illos
561 1467 776 1503 oppressos
809 1456 917 1503 quod
956 1467 1038 1490 non
1072 1456 1219 1491 audent
1253 1466 1326 1502 pro
1359 1454 1465 1490 fama
1499 1462 1536 1490 et
1569 1463 1745 1490 stercore
1765 1467 1805 1488 20

439 1513 725 1561 temporalium
771 1512 886 1549 istam
933 1511 1178 1549 sentenciam
1221 1512 1488 1559 evangelicam
1528 1512 1745 1560 publicare.

499 1571 673 1607 Dubium
707 1580 842 1607 tamen
877 1570 1063 1607 diffusum
1098 1579 1156 1606 est
1179 1579 1311 1606 utrum
1337 1570 1514 1606 seculare
1538 1570 1746 1606 brachium

441 1630 557 1666 debet
581 1629 731 1666 clerum
757 1641 872 1664 suum
897 1630 946 1665 ad
970 1628 1090 1664 istum
1115 1636 1262 1664 statum
1287 1629 1505 1664 secundum
1526 1627 1747 1664 coactivam

441 1687 668 1735 potenciam
711 1695 905 1723 coartare.
956 1688 1033 1723 Sed
1073 1699 1145 1734 ego
1185 1698 1265 1722 non
1304 1685 1442 1721 dubito
1476 1685 1571 1734 quin
1604 1685 1659 1722 sic
1691 1689 1748 1730 (ut

442 1745 583 1782 diffuse
607 1744 701 1782 alibi
726 1754 783 1781 est
806 1746 1058 1792 probatum);
1092 1757 1185 1780 nam
1210 1756 1344 1780 servus
1368 1743 1543 1779 hominis
1566 1743 1747 1780 facientis
1766 1746 1804 1779 25

443 1816 581 1840 cenam
627 1802 885 1840 novissimam
931 1802 1057 1838 tribus
1102 1801 1253 1838 vicibus
1298 1801 1440 1849 legitur
1485 1801 1648 1838 exivisse
1692 1805 1748 1846 (ut

443 1870 553 1910 patet
586 1863 691 1897 Luce
723 1862 844 1905 XIVO)
887 1869 923 1896 et
961 1860 1085 1896 tercia
1128 1859 1212 1896 vice
1258 1860 1474 1896 mandatur
1513 1872 1532 1896 a
1573 1859 1748 1896 Domino

444 1919 547 1956 exire
580 1920 615 1955 in
649 1920 730 1955 vias
762 1926 796 1955 et
817 1931 925 1967 sepes
947 1926 981 1954 et
1004 1919 1234 1967 compellere
1254 1918 1402 1953 intrare
1433 1918 1483 1953 ad
1516 1917 1622 1953 istud
1657 1930 1749 1953 con-

442 1977 602 2013 vivium.
638 1979 781 2014 Servus
814 1976 879 2012 ille
912 1976 1066 2012 videtur
1100 1988 1183 2012 esse
1207 1975 1386 2011 seculare
1409 1974 1616 2011 brachium
1642 1976 1749 2024 quod

443 2035 483 2071 in
516 2035 682 2071 servicio
716 2034 791 2070 isto
825 2043 914 2082 post
947 2043 1099 2070 tantam
1134 2032 1455 2069 inobedienciam
1481 2035 1565 2069 Deo
1598 2033 1637 2069 in
1672 2033 1748 2068 fine
1766 2035 1807 2067 30

443 2093 564 2129 seculi
609 2093 756 2129 factam
797 2091 970 2128 Domino
1015 2104 1086 2128 suo
1133 2090 1472 2139 pertinentissime
1514 2090 1748 2136 deserviret;

442 2152 568 2187 exiret
600 2163 693 2199 ergo
729 2150 884 2197 publice
917 2162 987 2197 per
1019 2158 1146 2185 totum
1184 2150 1391 2193 mundum,
1431 2149 1497 2184 ubi
1532 2157 1588 2185 est
1621 2149 1748 2185 clerus

444 2209 654 2245 ambulans
687 2208 726 2244 in
759 2209 840 2244 lata
873 2207 934 2243 via
969 2206 1132 2251 diaboli,
1156 2215 1191 2243 et
1213 2207 1248 2243 in
1272 2206 1423 2255 sepibus
1445 2206 1512 2242 ubi
1538 2215 1595 2243 est
1619 2207 1746 2242 clerus

444 2266 655 2303 altitudine
704 2266 958 2302 dominorum
1012 2264 1266 2310 secularium,
1320 2267 1388 2301 sed
1440 2263 1749 2301 inartificialiter

444 2324 633 2369 irretitus,
673 2333 709 2360 et
749 2324 996 2373 compelleret
1035 2324 1197 2369 clerum,
1237 2335 1318 2359 non
1356 2335 1426 2370 per
1466 2334 1604 2358 eorum
1644 2321 1804 2358 oeci-35

443 2382 595 2418 sionem
630 2383 697 2418 sed
731 2394 800 2429 per
832 2381 1039 2429 spinarum
1063 2380 1385 2416 subtraccionem
1409 2392 1484 2428 que
1507 2388 1597 2416 sunt
1620 2380 1749 2416 facula

445 2453 522 2489 qua
563 2439 761 2476 diabolice
799 2448 890 2475 sunt
930 2440 1149 2483 combuste‚
1191 2439 1340 2474 intrare
1379 2438 1417 2473 in
1455 2437 1559 2474 viam
1599 2437 1747 2485 regiam

445 2508 481 2534 et
514 2497 693 2534 strictam
729 2497 877 2533 directe
911 2498 1124 2533 ducentem
1158 2497 1208 2531 ad
1232 2496 1374 2532 celum.
1409 2498 1489 2531 Nec
1512 2495 1627 2531 video
1652 2507 1749 2543 quo-

447 2557 566 2591 modo
612 2555 675 2591 isti
721 2554 873 2591 domini
918 2563 1119 2591 servarent
1160 2553 1318 2590 Christo
1365 2552 1529 2589 ecclesie
1574 2562 1610 2589 et
1655 2552 1749 2600 ipsis

446 2613 599 2650 clericis
641 2612 848 2649 caritatem
889 2611 963 2648 nisi
1003 2612 1107 2648 istud
1150 2610 1327 2648 officium
1368 2610 1602 2659 diligencius
1631 2606 1636 2663 Ι
1665 2622 1749 2646 exe-
1768 2590 1849 2675 3¹:52)ss

446 2680 631 2720 quantur.
1815 2672 1827 2678 '

513 2801 556 2820 22.
578 2794 609 2821 In
631 2801 743 2828 marg:
770 2793 915 2820 Dubium.
988 2791 1033 2820 3⁸.
1055 2792 1149 2819 Cod.:
1178 2792 1315 2819 ducente.

516 2865 568 2897 28.
596 2867 710 2898 Lucae
737 2865 829 2904 XIV,
858 2863 910 2896 23.
