1944 3323
202 229 338 259 sERMO
360 217 439 276 xc]
692 232 865 264 TERTIA
892 232 1018 264 PARs.

203 339 331 376 evenit
364 341 529 386 bonum,
565 340 673 388 quod
712 338 809 375 illud
849 338 899 375 sit
940 339 1241 376 racionabiliter
1274 339 1517 385 faciendum,

202 398 304 434 sicut
336 410 418 435 non
449 396 648 446 sequitur:
683 396 723 434 Si
758 409 801 433 ex
835 398 909 434 hoc
944 398 1072 434 evenit
1106 398 1272 443 malum,
1302 399 1410 446 quod
1444 399 1518 434 hoc

201 469 281 492 non
315 455 364 492 sit
397 456 644 502 faciendum,
680 454 770 492 ideo
801 455 904 492 absit
928 457 1036 504 quod
1071 457 1259 493 credatur
1292 455 1516 493 infidelium

202 523 501 563 reportatorum
530 513 705 562 argucie,
740 513 771 550 si
795 513 862 550 ubi
887 514 1133 551 habundavit
1165 514 1354 551 delictum
1379 527 1517 563 super-

168 577 184 610 5
201 571 447 609 habundavit
472 581 508 609 et
531 571 679 620 gracia,
714 580 809 608 tunc
833 571 863 608 si
888 572 978 620 plus
1003 574 1275 610 habundasset
1300 582 1336 609 et
1361 573 1517 621 gracia3

200 630 275 668 ista
314 630 420 667 enim
460 639 518 667 est
562 629 726 678 argucia
770 630 1005 678 gulosorum
1051 640 1087 668 et
1134 631 1172 667 in
1218 631 1329 668 omni
1374 643 1518 679 genere

200 688 462 737 peccancium
497 689 866 737 dampnandorum.

111 776 171 808 pol
257 749 335 784 Sed
387 756 444 783 est
490 746 706 784 difficultas
750 746 930 793 ulterior,
976 756 1110 783 utrum
1158 746 1304 796 aliquis
1349 760 1517 796 peccare

107 800 185 865 2752
200 806 342 842 debeat
381 805 591 854 supposito
634 806 742 854 quod
775 805 913 842 omnia
945 818 1022 854 que
1056 805 1238 842 evenient
1267 802 1271 860 Ι
1301 807 1349 842 de
1381 819 1518 843 neces-

1728 227 1802 264 335

1548 756 1573 783 lt
1593 756 1619 783 is
1641 757 1705 784 said
1728 758 1789 784 that

1539 792 1589 818 the
1611 792 1716 819 sinncx·
1736 794 1808 828 only

1565 827 1656 853 fullils
1679 827 1778 854 God's

148 863 315 901 1ositate
367 863 550 901 evenient
601 873 637 900 et
681 865 789 912 quod
840 873 1007 912 peccata
1059 864 1185 900 multa
1238 864 1394 912 prosint
1447 862 1806 913 peswininsinning.

199 921 385 959 accidens
425 931 462 958 et
496 923 605 971 quod
644 923 692 958 de
730 930 844 958 tanto
883 921 962 958 sint
994 923 1099 959 bona
1142 931 1179 958 et
1213 923 1260 959 de
1294 922 1366 959 Dei
1400 924 1517 959 bene-

199 980 349 1029 placito
389 980 475 1029 ipsa
515 993 617 1027 esse3
658 989 696 1017 et
727 980 885 1017 videtur
917 981 1039 1029 quod,
1083 980 1186 1017 sicut
1225 990 1393 1029 peccata
1426 990 1518 1018 sunt

200 1040 304 1076 bona
337 1047 374 1076 et
398 1040 445 1075 de
469 1039 541 1075 Dei
570 1038 824 1087 beneplacito
854 1039 941 1087 ipsa
972 1051 1068 1084 esse,
1100 1038 1156 1075 sic
1186 1048 1377 1087 peccator
1401 1041 1518 1076 debet

198 1097 329 1134 facere
352 1097 440 1146 ipsa
472 1109 569 1143 esse,
604 1106 641 1133 et
673 1109 763 1134 cum
797 1096 903 1133 idem
938 1097 988 1133 sit
1021 1106 1233 1146 peccatum
1269 1098 1400 1135 facere
1435 1111 1518 1135 esse

145 1161 181 1194 15
199 1164 236 1193 et
269 1168 450 1204 peccare,
486 1155 645 1192 videtur
677 1156 785 1204 quod
818 1164 1010 1204 peccator
1044 1157 1161 1192 debet
1194 1168 1376 1204 peccare.

257 1216 368 1260 Item,
404 1222 595 1263 peccator
627 1213 893 1251 necessitatur
916 1227 938 1250 a
962 1216 1046 1250 Deo
1079 1227 1260 1263 peccare,
1295 1216 1366 1251 sed
1398 1227 1518 1251 nemo

198 1272 462 1310 necessitatur
500 1286 522 1309 a
554 1274 638 1309 Deo
677 1273 727 1309 ad
769 1272 878 1309 aliud
916 1272 978 1309 vel
1018 1274 1184 1309 modum
1227 1273 1403 1322 aliquem
1441 1273 1518 1310 nisi

199 1333 307 1380 quod
348 1333 453 1368 Deus
491 1331 575 1367 vult
614 1330 700 1368 fieri
747 1339 783 1368 et
827 1329 1041 1368 facientem
1089 1331 1187 1368 illud
1232 1331 1375 1378 facere,
1423 1344 1517 1380 ergo

199 1402 368 1438 peccare
401 1391 518 1426 debet
552 1398 742 1438 peccator
776 1398 813 1426 et
845 1399 1058 1438 peccatum
1092 1390 1236 1427 facere.

141 1465 183 1486 20
257 1451 369 1494 Item,
403 1447 506 1484 sicut
530 1457 741 1496 peccatum
775 1457 833 1484 est
857 1449 1007 1485 bonum
1041 1460 1087 1485 ac
1119 1447 1294 1497 proficit,
1328 1448 1384 1484 sic
1418 1448 1516 1484 illud

200 1507 349 1543 bonum
385 1507 502 1543 debet
536 1506 620 1543 fieri
653 1519 700 1543 ac
733 1506 926 1555 perficere
968 1515 1005 1543 et
1038 1519 1108 1555 per
1142 1519 1391 1556 consequens
1425 1519 1516 1555 pec-

201 1574 313 1602 cator
354 1566 471 1601 debet
508 1565 693 1602 faciendo
739 1564 874 1601 taliter
919 1566 1110 1614 prodesse
1157 1564 1334 1602 ecclesie.
1390 1565 1515 1601 Multe

201 1623 300 1660 tales
339 1632 431 1659 sunt
470 1623 654 1660 raciones
687 1623 816 1671 logice
849 1623 888 1660 in
921 1623 1065 1671 quibus
1098 1632 1180 1660 tam
1216 1623 1516 1660 communiores

201 1695 322 1731 quam
357 1681 587 1719 subtiliores
619 1681 836 1730 theologici
869 1691 1132 1730 occupantur.

145 1745 184 1777 25
259 1741 337 1777 Sed
393 1740 603 1789 supposita
657 1740 825 1777 veritate
874 1740 1043 1788 triplicis
1094 1740 1303 1789 assumpti,
1360 1739 1517 1776 videtur

201 1798 321 1834 nimis
359 1811 477 1847 grave
515 1798 583 1835 illa
623 1811 699 1847 que
738 1797 964 1835 inferuntur
1004 1800 1239 1845 concedere,
1286 1811 1376 1835 cum
1421 1807 1516 1835 tunc

200 1856 357 1894 videtur
405 1858 513 1906 quod
562 1869 682 1893 nemo
731 1856 858 1905 possit
902 1857 1033 1893 facere
1084 1857 1161 1894 nisi
1213 1856 1399 1894 faciendo
1445 1856 1516 1893 Dei

201 1915 513 1964 beneplacitum,
563 1915 665 1952 sicut
705 1916 835 1961 debet,
881 1928 970 1951 cum
1018 1928 1138 1952 nemo
1182 1914 1309 1964 possit
1349 1927 1517 1963 peccare

203 1973 277 2010 nisi
312 1975 418 2010 Deus
459 1973 689 2010 eternaliter
727 1973 974 2010 ordinaverit
1008 1983 1044 2011 et
1076 1973 1375 2011 necessitaverit
1409 1974 1517 2022 quod

143 2037 184 2069 30
201 2031 257 2068 sic
295 2041 453 2080 peccet;
499 2033 707 2081 quomodo
755 2044 849 2080 ergo
895 2041 952 2068 est
995 2041 1185 2080 peccator
1230 2041 1398 2081 propter
1443 2032 1518 2068 hoc

201 2092 309 2139 quod
355 2090 410 2127 sic
448 2090 543 2127 facit
582 2089 654 2127 Dei
702 2090 1000 2139 beneplacitum
1046 2090 1341 2140 increpandus?
1385 2091 1517 2127 Tolle-

200 2157 309 2185 retur
342 2161 436 2197 ergo
469 2161 588 2186 omne
621 2157 831 2197 peccatum
867 2157 903 2185 et
926 2161 1029 2197 pena
1060 2150 1121 2186 vel
1153 2149 1411 2198 increpancia
1444 2162 1517 2197 pro

201 2216 382 2255 peccato,
418 2216 455 2244 et
487 2207 696 2244 tolleretur
727 2208 788 2244 vel
821 2207 1171 2256 blasphemaretur
1204 2208 1381 2244 divinum
1416 2206 1517 2243 iudi-

201 2265 305 2302 cium
331 2274 368 2302 et
402 2265 533 2302 maior
566 2278 658 2314 pars
691 2265 889 2314 scripture
922 2265 1166 2312 inficeretur,
1202 2278 1293 2302 cum
1328 2265 1516 2302 deficeret

143 2326 182 2359 35
200 2323 327 2371 gloria
371 2324 432 2360 vel
477 2323 678 2372 exposicio
724 2323 797 2360 sibi
843 2325 987 2361 danda.
1034 2326 1126 2361 Ideo
1165 2336 1258 2373 sepe
1298 2323 1376 2359 dixi
1417 2323 1516 2360 alias

201 2383 308 2430 quod
340 2391 551 2431 peccatum
586 2391 643 2419 est
676 2383 841 2427 bonum,
886 2382 980 2431 quia
1001 2383 1113 2432 felix
1145 2383 1257 2432 culpa
1292 2391 1348 2418 est
1381 2394 1516 2418 neces-

199 2440 304 2476 saria
348 2453 422 2489 pro
468 2441 546 2477 fine
590 2440 682 2477 inde
730 2453 802 2489 per
848 2440 1034 2477 accidens
1080 2449 1350 2489 consequente
1391 2449 1427 2477 et
1468 2441 1516 2476 de

199 2507 311 2535 tanto
345 2507 403 2535 est
436 2500 483 2535 de
517 2498 588 2535 Dei
622 2498 889 2547 beneplacito.

258 2557 335 2593 Sed
384 2556 598 2605 dupliciter
645 2566 776 2605 potest
822 2556 991 2605 intelligi
1032 2569 1116 2593 esse
1155 2556 1324 2605 peccati,
1365 2556 1517 2593 scilicet

139 2629 184 2660 40
201 2627 286 2651 esse
321 2614 495 2663 primum
538 2624 575 2652 et
614 2627 697 2652 esse
736 2616 980 2660 secundum3
1020 2627 1104 2652 esse
1138 2615 1314 2663 primum
1348 2623 1516 2663 peccato

269 2756 310 2783 ιο.
333 2748 428 2776 Coi:
451 2757 578 2783 peccare
598 2750 686 2776 debet
709 2754 738 2776 ct
760 2754 902 2784 incentor
924 2754 1095 2784 peccatum.
1179 2748 1224 2777 36.
1246 2750 1341 2777 Cod.:
1364 2750 1434 2777 felix
1456 2750 1517 2776 cul-

200 2789 288 2818 patm-
309 2786 491 2811 ncccssarm-
520 2785 565 2811 (A.
582 2784 776 2817 Triamgum,
800 2793 866 2820 patu.
890 2793 945 2819 111.

270 2880 327 2911 40.
355 2870 406 2902 Cf.
426 2869 648 2911 Trialogmm,
673 2880 750 2912 pag.
775 2880 847 2910 141,
875 2880 945 2911 142.

1576 1751 1634 1779 We
1654 1756 1767 1778 cannot

1554 1786 1651 1813 admit
1673 1787 1746 1814 such
1769 1795 1784 1814 a

1573 1822 1766 1849 conclusion.
