1944 3323
162 1081 184 1108 11
207 1081 232 1108 is
252 1087 396 1117 contrary

145 1121 175 1143 to
194 1117 291 1143 God's
313 1122 418 1144 nature

178 1156 208 1178 to
231 1151 346 1178 reward
369 1160 385 1178 a

153 1194 222 1213 man
245 1186 409 1213 otherwise

189 1221 261 1247 thau
283 1229 315 1247 as
337 1221 372 1248 he

208 1256 360 1283 dest-sves.

734 275 955 306 JOHANNIS
972 277 1155 308 WYCLIF
1175 278 1428 310 SERMONUM
1465 263 1616 321 [SERMO
1638 277 1741 304 XLIX

438 391 591 429 putant,
632 382 881 418 intendentes
921 385 1029 430 quod
1068 384 1141 431 ipsi
1183 394 1345 431 possunt
1392 385 1655 433 propinquius
1695 388 1742 422 ad

438 442 563 475 Deum
598 441 802 484 accedere,
836 448 878 475 ut
912 440 1119 477 inferiores
1153 455 1232 477 non
1268 452 1433 489 possunt
1467 445 1673 480 obstacula
1708 454 1743 480 et

437 498 682 545 frequentem
717 497 1029 535 sollicitudinem
1065 499 1207 547 quibus
1247 502 1510 537 excluduntur
1549 515 1744 549 pauperes

436 568 457 591 a
496 555 630 592 divino
671 555 886 603 colloquio.
932 556 1064 593 Nolite
1104 557 1301 605 (inquam)
1337 572 1470 595 errare
1515 559 1554 595 in
1599 559 1743 595 talibus

435 613 764 649 similitudinibus
797 613 905 650 falsis
940 614 1054 660 fictis,
1088 615 1181 663 quia
1214 628 1294 651 non
1327 625 1383 652 est
1410 619 1513 653 Deus
1547 618 1669 653 homo
1702 619 1776 653 utb

436 672 571 717 homo,
606 681 646 708 ut
680 671 888 720 presencia
923 673 1124 720 corporali
1158 673 1207 709 sit
1239 686 1401 710 necesse
1434 677 1483 711 ad
1517 675 1646 722 ipsum
1681 688 1743 712 ac-

435 731 574 766 cedere
607 730 667 766 vel
700 743 721 766 a
756 729 912 766 iusticia
945 730 1051 767 flecti
1076 731 1223 779 poterit
1246 732 1304 767 vel
1330 732 1489 768 mutari.
1524 735 1622 769 Cum
1650 746 1743 780 ergo

435 787 565 823 omnis
600 788 722 824 homo
756 800 801 824 eo
835 787 923 835 ipso
948 791 1056 836 quod
1090 798 1146 825 est
1180 790 1298 826 habet
1330 790 1514 838 spiritum
1550 804 1639 827 cum
1665 804 1743 839 quo

436 845 711 882 efficacissime
746 845 871 894 possit
904 846 1014 895 loqui
1040 859 1129 883 cum
1156 849 1252 893 Deo,
1288 860 1376 883 cum
1403 848 1513 884 cuius
1539 848 1743 897 colloquio

435 904 639 940 fructuoso
663 917 743 940 non
765 904 869 940 valet
893 905 1134 952 procuracio
1159 905 1384 950 mediantis,
1420 906 1597 942 confidat
1621 907 1743 943 homo
1765 919 1801 939 10

434 961 474 997 in
509 961 652 998 merito
686 961 851 1010 proprio
885 964 993 1011 quod
1033 964 1083 999 ad
1123 975 1353 1000 mensuram
1394 963 1499 1000 illius
1533 966 1638 1001 Deus
1677 977 1743 1001 ne-

435 1019 608 1056 cessario
642 1019 869 1068 premiabit.

492 1080 541 1113 Et
573 1077 665 1114 licet
698 1078 919 1114 mediantes
953 1079 1185 1127 blaspheme
1218 1088 1411 1127 usurpent
1441 1080 1548 1128 quod
1572 1082 1655 1115 Deo
1689 1088 1745 1116 est

435 1135 659 1184 proprium,
695 1144 732 1172 et
764 1136 819 1172 sic
853 1139 1063 1185 (quantum
1098 1137 1137 1172 in
1172 1137 1267 1185 ipsis
1301 1142 1372 1181 est)
1408 1139 1535 1173 Deum
1570 1137 1745 1174 deiciunt

435 1207 457 1230 a
489 1203 608 1230 trono
641 1193 715 1230 sibi
739 1194 917 1242 proprio,
951 1207 1033 1231 non
1065 1203 1200 1231 tamen
1223 1194 1424 1243 promittit
1448 1195 1519 1231 Dei
1541 1195 1743 1242 nobilitas,
1766 1196 1801 1228 15

435 1251 530 1300 quia
570 1252 830 1288 effectualiter
868 1252 917 1288 sit
957 1252 1094 1288 irrisus
1139 1266 1253 1299 unus,
1300 1265 1388 1289 cum
1430 1262 1560 1301 potest
1602 1254 1744 1290 mereri

436 1309 551 1346 alteri
585 1311 633 1346 de
666 1319 817 1358 quanto
850 1319 982 1358 potest
1015 1310 1150 1346 iuvare
1184 1319 1225 1346 ut
1259 1311 1358 1346 alius
1392 1319 1606 1347 mereatur.
1654 1313 1745 1348 Ideo
1776 1348 1787 1354 Ἴ

435 1367 474 1403 in
514 1368 790 1404 firmacionem
834 1367 946 1404 istius
985 1368 1187 1404 sentencie
1226 1368 1321 1404 dicit
1353 1369 1590 1416 Apostolus:
1632 1348 1839 1425 ριιρζῐξὲὲ

434 1426 530 1461 enim
563 1426 810 1462 seminaverit
842 1427 954 1462 homo
988 1427 1054 1462 lzec
1087 1434 1121 1462 et
1144 1434 1268 1473 metet,
1303 1427 1477 1475 quoniam
1502 1427 1566 1475 qni
1585 1428 1746 1463 seminat

435 1484 470 1519 in
503 1496 619 1520 carne
649 1496 732 1528 sna,
767 1485 812 1519 de
844 1497 959 1520 carne
992 1491 1026 1519 et
1049 1492 1161 1520 metet
1184 1484 1498 1533 corz-apcionem:
1529 1485 1593 1532 qui
1619 1492 1743 1520 autem
1762 1496 1802 1518 20

433 1542 595 1577 seminat
626 1542 661 1577 in
694 1542 832 1590 spiritu
873 1543 918 1577 de
955 1542 1093 1591 spiritu
1132 1549 1244 1577 metet
1284 1542 1397 1577 vitam
1438 1549 1619 1578 eternam.
1663 1544 1745 1579 Hec

436 1608 492 1647 est
525 1608 659 1636 autem
694 1599 836 1647 triplex
870 1599 1080 1636 diffinitiva
1115 1600 1239 1635 immo
1273 1599 1475 1636 sentencia
1500 1613 1619 1648 quam
1648 1600 1744 1636 nulli

435 1666 616 1693 oratores
650 1658 792 1705 prelati
825 1659 886 1694 vel
925 1667 1130 1694 curatores
1170 1667 1338 1706 possunt
1378 1657 1610 1705 infringere;
1655 1658 1745 1694 ideo

434 1715 595 1752 videant
635 1724 782 1763 quante
822 1717 970 1752 bonum
1018 1725 1185 1764 possunt
1233 1715 1429 1752 instruere
1467 1716 1527 1752 vel
1568 1728 1744 1762 monere,

436 1773 529 1822 quia
575 1773 614 1809 in
657 1775 731 1810 hoc
777 1773 957 1810 consistit
1003 1786 1141 1810 eorum
1187 1773 1434 1821 suffragium,
1488 1775 1592 1809 unde
1644 1774 1802 1810 sicut25

435 1832 619 1867 naturale
659 1841 715 1867 est
749 1833 856 1879 quod
895 1832 1046 1867 fructus
1085 1833 1283 1879 prodeant
1322 1831 1429 1867 iuxta
1468 1840 1652 1868 naturam
1688 1844 1745 1868 se—

438 1889 589 1925 minum
624 1889 915 1926 seminatorum
956 1902 1029 1926 nec
1069 1898 1126 1925 est
1160 1889 1198 1925 in
1232 1897 1429 1937 potestate
1463 1889 1636 1925 hominis
1670 1891 1745 1926 hoc

439 1956 605 1989 mutare,
640 1947 695 1983 sic
729 1948 855 1983 multo
891 1947 1015 1995 magis
1050 1956 1106 1983 est
1140 1948 1186 1983 de
1219 1946 1558 1983 seminacionibus
1583 1947 1744 1983 merito-

436 2018 538 2049 rum,
572 2005 611 2041 in
644 2014 799 2041 tantum
834 2007 954 2053 quod,
988 2005 1079 2041 licet
1111 2004 1160 2040 sit
1185 2007 1267 2041 Deo
1291 2005 1479 2052 possibile
1502 2005 1632 2041 facere
1655 2014 1744 2052 post

435 2062 747 2099 seminacionem
781 2063 958 2099 zizannie
992 2063 1235 2098 frumentum
1270 2075 1447 2099 crescere
1478 2063 1537 2098 vel
1570 2062 1742 2098 fructum
1760 2065 1802 2097 30

436 2134 458 2157 a
490 2134 561 2157 suo
595 2120 745 2157 semine
778 2120 1072 2169 quantumlibet
1106 2120 1325 2165 variatum3
1372 2134 1461 2156 cum
1496 2120 1745 2168 impossibile

437 2188 493 2215 est
533 2181 658 2214 Deum
699 2188 789 2226 post
829 2178 1014 2214 meritum
1054 2177 1217 2214 viatoris
1262 2178 1391 2214 facere
1436 2178 1564 2225 ipsum
1611 2178 1745 2226 inpro-

437 2236 767 2284 porcionabiliter
803 2245 950 2272 metere
984 2237 1031 2271 de
1073 2237 1268 2281 mercede,
1301 2236 1395 2284 quia
1434 2237 1509 2272 hoc
1550 2245 1744 2283 repugnat

438 2294 509 2330 Dei
559 2293 727 2336 iusticie,
782 2295 850 2330 sed
900 2302 1056 2330 mutare
1101 2295 1369 2341 quodcunque
1414 2306 1559 2341 corpus
1604 2293 1642 2329 in
1688 2307 1745 2330 re-

437 2352 589 2400 liquum
637 2361 693 2387 est
734 2354 816 2388 Deo
862 2351 1064 2399 possibile.
1111 2354 1191 2387 Nec
1237 2351 1424 2388 audiendi
1470 2360 1559 2386 sunt
1604 2351 1744 2387 fratres
1762 2353 1800 2385 35

437 2410 549 2446 deliri
583 2409 650 2458 qui
685 2409 944 2457 magnificant
978 2422 1144 2445 erronee
1178 2409 1247 2445 Dei
1289 2408 1532 2456 potenciam,
1575 2408 1744 2445 dicendo

437 2469 654 2504 secundum
673 2469 779 2515 quod
803 2467 993 2515 possibile
1017 2476 1072 2502 est
1089 2479 1367 2515 quemcunque
1390 2475 1573 2502 sanctum
1596 2466 1632 2502 in
1659 2467 1744 2502 celo

437 2525 562 2562 eciam
599 2525 890 2561 humanitatem
917 2524 1063 2561 Christi
1093 2525 1152 2561 vel
1186 2526 1343 2560 beatam
1378 2523 1569 2571 virginem
1605 2525 1743 2572 damp-

436 2583 523 2619 nari
547 2596 634 2619 cras
659 2583 741 2619 sine
765 2582 1052 2619 interveniente
1076 2582 1271 2618 demerito
1296 2590 1331 2618 et
1356 2594 1636 2630 quemcunque
1660 2581 1742 2618 dia-

437 2642 572 2677 bolum
607 2640 690 2676 sine
724 2640 867 2676 merito
901 2639 1189 2676 interveniente
1223 2639 1443 2676 beatificari
1478 2648 1672 2687 perpetuo
1706 2648 1741 2675 et
1757 2652 1801 2682 40

507 2786 664 2821 1{‘›.C0d.:
693 2787 864 2813 seminarit.
945 2794 987 2813 22.
1017 2787 1128 2819 immo:
1157 2786 1250 2812 coti:
1277 2783 1316 2812 T).
1390 2784 1436 2818 31.
1460 2785 1552 2812 Cod.:
1581 2788 1740 2819 quantun}

437 2830 567 2856 cunque.

512 2892 651 2924 18—21.
680 2893 752 2923 Gal.
776 2892 829 2926 Vl,
856 2892 885 2922 8.
