1944 3323
128 237 201 271 500

119 935 207 971 They
227 934 335 962 should
358 935 393 962 be

149 971 238 1006 given
259 974 288 996 to
309 970 358 996 the

137 1013 215 1040 poor
235 1005 305 1031 who
325 1013 374 1031 are

121 1040 216 1073 blind,
238 1039 327 1075 lame,
349 1048 383 1067 01·

199 1075 312 1102 infirm.

168 1981 273 2009 Friars
294 1989 343 2008 are

154 2017 270 2044 thieres
290 2017 360 2043 who

143 2052 218 2078 have
238 2051 370 2078 climbcd

140 2086 203 2113 imo
226 2086 275 2113 the
296 2086 370 2113 sold.

703 241 925 273 JOHANNlS
946 240 1129 272 WYCLIF
1149 240 1407 273 SERMONUM
1451 226 1602 284 [SERMO
1624 236 1715 265 LVII·

409 347 570 384 tualiter
593 347 757 384 ecclesie
780 347 839 383 vel
872 348 1044 395 reprobo
1078 347 1237 383 nocenti
1262 346 1480 394 reipublice
1504 355 1716 395 quantum-

411 418 580 455 cunque,
620 405 789 454 prodigo
830 405 891 441 vel
930 404 1091 451 latroni,
1132 404 1219 453 quis
1258 404 1514 441 distribueret
1557 405 1717 441 racione

410 463 684 501 misericordie
716 462 954 499 elemosinas
987 462 1216 499 huiusmodi
1240 464 1482 511 corporales.
1516 464 1594 499 Sed
1622 462 1718 511 quid

410 523 535 571 magis
579 521 798 558 hereticum
845 530 912 557 aut
956 521 1260 569 blasphemum?
1304 522 1587 569 Blasphemum
1628 521 1717 557 dico

409 581 502 629 quia
541 579 721 628 implicat
760 581 867 628 quod
911 592 993 616 non
1039 579 1158 615 refert
1201 579 1280 615 sive
1324 579 1519 616 serviatur
1558 579 1751 615 Christo5

408 637 657 687 proficiendo
696 650 765 674 sue
805 637 970 674 ecclesie
1003 636 1082 673 sive
1116 636 1290 683 diabolo,
1326 639 1506 674 membra
1539 637 1598 673 sui
1632 649 1718 673 cor-

409 696 517 745 poris
549 695 778 732 nutriendo.
812 695 1067 744 Blasphemia
1102 708 1194 743 ergo
1228 695 1329 732 foret
1362 697 1409 732 de
1442 695 1602 732 Christo
1635 707 1717 732 cre-

409 756 501 791 dere
539 755 647 803 quod
685 753 734 790 sit
767 753 953 790 dominus
993 755 1146 790 donans
1186 753 1307 790 servis
1352 753 1431 790 suis
1475 753 1717 802 temporalia

409 815 458 849 ad
512 811 831 849 distribuendum
877 811 963 860 ipsa
1016 811 1293 848 elemosinarie
1339 811 1426 848 aliis
1470 811 1545 848 nisi
1591 811 1716 848 eciam

409 870 562 907 dederit
594 871 772 918 regulam
807 870 949 918 quibus
983 879 1020 906 et
1053 869 1225 919 qualiter
1258 878 1349 906 sunt
1381 869 1466 918 ipse
1500 869 1717 906 elemosine
1738 882 1776 903 10

408 929 541 966 taliter
578 928 807 977 parciende.
847 930 895 964 Et
934 927 1027 964 hinc
1064 937 1146 965 tam
1186 928 1391 976 signanter
1428 927 1469 963 in
1515 927 1718 976 evangelio

408 989 574 1024 docetur
612 987 817 1035 quomodo
856 986 984 1022 fidelis
1024 987 1140 1022 debet
1179 980 1443 1022 elemosinare
1487 985 1720 1023 abscondite

409 1055 446 1082 et
469 1045 625 1094 quibus,
660 1045 753 1093 quia
785 1044 1029 1093 pauperibus
1063 1044 1254 1081 membris
1278 1044 1438 1091 Christi,
1470 1057 1569 1093 quos
1603 1057 1719 1081 evan-

409 1103 555 1152 gelium
595 1102 800 1151 specificat
832 1115 903 1150 per
930 1115 1126 1152 pauperes
1165 1115 1285 1154 cecos,
1314 1115 1508 1153 pauperes
1547 1103 1719 1149 claudos,

409 1169 444 1198 et
481 1173 677 1211 pauperes
720 1161 861 1197 debiles
894 1162 998 1197 Luce
1036 1162 1157 1206 XIVO,
1195 1161 1254 1206 13,
1301 1160 1368 1197 ubi
1413 1169 1572 1209 oportet
1612 1161 1776 1209 quod15

410 1219 482 1256 iste
520 1219 717 1255 terminus
755 1231 951 1267 pauperes
997 1231 1086 1255 cum
1125 1218 1252 1255 tribus
1291 1218 1472 1255 terminis
1519 1217 1719 1267 sequenti-

410 1279 481 1314 bus
513 1276 757 1325 triplicetur3
792 1277 886 1325 quia
920 1276 1184 1313 elemosinare
1218 1276 1453 1325 episcopum
1489 1289 1625 1313 cecum
1659 1276 1719 1313 vel

411 1337 560 1372 mundo
585 1335 761 1381 divitem,
787 1336 972 1371 claudum
998 1347 1177 1381 avarum,
1202 1334 1415 1383 prodigum
1442 1343 1478 1371 et
1500 1334 1541 1371 in
1565 1334 1719 1371 diviciis

410 1393 531 1430 seculi
565 1402 920 1442 quantumcunque
953 1402 1172 1441 potentem,
1207 1401 1244 1429 et
1275 1392 1331 1429 sic
1364 1394 1411 1429 de
1445 1393 1564 1429 debili
1597 1405 1720 1441 quan-

410 1461 654 1499 tumcunque
688 1452 836 1487 fluente
868 1451 1159 1499 temporalibus
1193 1452 1242 1488 ad
1275 1464 1376 1487 onus
1400 1460 1436 1487 et
1460 1459 1718 1499 augmentum
1738 1463 1778 1485 20

409 1510 469 1546 sui
502 1509 680 1546 criminis
711 1510 813 1546 foret
850 1522 931 1545 non
963 1509 1180 1545 elemosina
1219 1510 1288 1546 sed
1326 1510 1485 1546 crudele
1518 1508 1719 1557 flagicium

410 1567 657 1604 Antichristi.
689 1567 860 1604 Videant
882 1567 1024 1604 fratres
1047 1567 1077 1603 si
1101 1567 1178 1604 sint
1195 1580 1390 1617 pauperes
1412 1567 1500 1613 ceci,
1528 1579 1722 1616 pauperes

410 1626 540 1662 claudi
582 1633 616 1662 et
662 1638 858 1675 pauperes
911 1626 1064 1672 debiles,
1117 1634 1154 1662 et
1205 1634 1299 1662 tunc
1351 1627 1420 1662 sed
1471 1638 1552 1661 non
1605 1625 1720 1661 aliter

410 1684 623 1732 paciuntur
665 1684 870 1720 racionem
917 1683 1140 1732 accipiendi
1180 1696 1280 1731 opus
1320 1683 1595 1720 misericordie
1634 1695 1720 1719 cor-

411 1742 577 1790 poralis,
623 1743 691 1778 sed
735 1741 963 1778 iniuriando
1008 1741 1083 1778 hiis
1127 1741 1253 1777 tribus
1292 1741 1439 1779 Christi
1477 1741 1720 1789 pauperibus
1738 1743 1776 1775 25

410 1813 490 1837 non
530 1801 715 1837 obstante
747 1801 855 1848 quod
894 1799 1112 1848 sophistice
1149 1812 1298 1836 nomen
1337 1799 1585 1848 paupertatis
1617 1799 1720 1836 acci-

410 1858 536 1907 piunt,
582 1857 837 1894 manifestum
878 1867 935 1894 est
973 1859 1080 1906 quod
1119 1857 1262 1894 furtive
1306 1857 1547 1894 iniuriantur
1585 1866 1721 1894 sancte

414 1915 533 1952 matri
566 1915 732 1952 ecclesie
765 1925 883 1964 atque
918 1916 1089 1953 Christo.

468 1976 548 2010 Nec
591 1974 696 2010 valet
743 1974 923 2010 obiectus
961 1987 1040 2022 quo
1085 1973 1239 2010 tollitur
1278 1975 1326 2010 ab
1367 1973 1421 2009 eis
1459 1974 1609 2009 furtum
1650 1986 1720 2022 per

410 2033 486 2068 hoc
526 2034 634 2080 quod
673 2031 854 2079 sophista
893 2032 1037 2079 allegat
1076 2031 1184 2080 ipsos
1217 2040 1401 2079 patenter
1433 2040 1469 2068 et
1501 2031 1623 2079 gratis
1656 2044 1719 2067 ac-
1735 2033 1778 2064 30

411 2089 542 2137 cipere
576 2089 838 2126 elemosinam
873 2089 1005 2126 taliter
1039 2089 1320 2136 mendicatam,
1357 2089 1450 2138 quia
1481 2091 1569 2126 Joh.
1603 2091 1670 2135 X0,
1702 2102 1711 2124 1

411 2147 506 2183 dicit
539 2147 721 2184 Christus
754 2149 861 2195 quod
894 2160 1032 2183 omnes
1067 2156 1265 2195 quotquot
1297 2156 1489 2184 venerunt
1521 2147 1605 2183 sine
1639 2147 1720 2183 eius

411 2205 651 2242 auctoritate
689 2205 728 2240 in
767 2218 878 2242 suam
920 2205 1131 2242 ecclesiam
1171 2207 1239 2241 sed
1278 2207 1525 2242 ascendeutes
1568 2205 1722 2241 aliunde

410 2276 532 2312 supra
575 2263 724 2299 ostium
757 2265 877 2312 fures
920 2271 1007 2299 sunt
1057 2271 1091 2299 et
1135 2264 1316 2301 latrones.
1371 2265 1447 2300 Sed
1493 2271 1721 2300 scrutentur

413 2323 541 2369 (rogo)
580 2321 721 2358 fratres
758 2322 819 2357 vel
859 2321 925 2357 alii
969 2321 1036 2357 ubi
1081 2330 1186 2357 secte
1226 2333 1294 2358 sue
1332 2320 1519 2357 introitus
1558 2320 1598 2357 in
1635 2321 1720 2368 lege
1737 2322 1776 2354 35

412 2379 573 2415 Domini
621 2388 678 2415 est
721 2379 922 2424 fundatus,
972 2379 1068 2427 quin
1112 2379 1252 2427 pocius
1297 2380 1551 2415 ascendendo
1598 2391 1719 2427 supra

412 2437 614 2474 Christum
661 2436 729 2485 qui
774 2446 830 2473 est
875 2437 1022 2473 ostium
1069 2437 1328 2484 magnificant
1373 2439 1479 2485 quod
1527 2438 1720 2473 excedunt

412 2495 560 2532 Christi
593 2495 810 2542 discipulos
845 2494 1055 2543 multiplici
1089 2495 1262 2533 racione.
1298 2497 1501 2531 Excedunt
1535 2494 1639 2530 enim
1663 2498 1720 2539 (ut
1736 2520 1810 2551 Fol-

412 2556 607 2597 asserunt)
640 2562 800 2589 nostros
829 2551 832 2601 Ι
863 2553 1073 2601 episcopos
1107 2565 1207 2600 quos
1247 2552 1385 2589 dicunt
1425 2565 1468 2589 ex
1508 2551 1720 2588 dotacione
1738 2566 1818 2598 350⁰

411 2623 491 2647 non
529 2610 726 2658 imperfici
764 2611 832 2647 sed
871 2610 1022 2658 perfici,
1064 2619 1099 2646 et
1140 2623 1229 2647 cum
1264 2610 1339 2658 ipsi
1374 2610 1552 2658 episcopi
1585 2617 1778 2654 tenent4o

481 2744 504 2771 5.
526 2744 620 2771 Cod.:
649 2743 700 2782 qui
720 2744 866 2785 implicat.
929 2752 966 2771 12.
986 2744 1085 2782 coda
1112 2744 1305 2783 abscondito.
1369 2752 1414 2770 20.
1436 2743 1541 2771 Recte:
1569 2744 1720 2771 affluente.

412 2787 458 2814 29.
480 2780 513 2805 111
536 2787 632 2813 marg.
654 2780 724 2806 int:
752 2779 867 2806 Contra
890 2779 1101 2806 mend1cantes
1122 2779 1251 2806 validos.

485 2873 533 2903 14.
561 2862 613 2895 Cf.
641 2863 753 2896 Serm.
779 2863 861 2895 Pars
890 2863 945 2903 IV,
974 2864 1085 2896 Serm.
1111 2864 1187 2895 XIII
1215 2864 1340 2905 (Serm.
1369 2863 1461 2895 Mixt.
1489 2862 1591 2904 XIX).
