1944 3323
93 224 171 268 ‘246

90 345 190 373 Three
212 345 302 372 kinds
323 348 352 372 ol

120 380 233 407 human
256 380 328 406 law:

103 457 122 476 1.
145 448 272 476 Natural
295 449 352 475 law

144 483 304 518 implicitly

118 518 276 553 approved
298 518 327 544 111

142 553 311 588 Scripture.

115 991 138 1009 ε.
160 982 243 1009 Truc
265 982 333 1014 law,

161 1017 295 1043 wlutlter

116 1051 279 1086 implicilly
301 1059 335 1077 or

125 1086 277 1121 explicitly
300 1086 328 1112 iu

143 1121 310 1155 Scriptum.

142 1156 167 1183 3.
190 1156 260 1182 Law
282 1155 316 1181 of

103 1191 215 1225 merely
238 1190 350 1216 human

162 1225 205 1251 fra
212 1233 238 1251 m
245 1224 249 1250 i
257 1233 294 1259 ng

160 1260 296 1286 wlletlier

120 1294 276 1329 approved
301 1294 336 1329 by

121 1329 280 1363 Scriptura:
302 1337 336 1355 or

198 1368 260 1390 1101.

93 1850 119 1876 Α
142 1849 227 1875 blaclt
250 1848 309 1881 dog
331 1848 364 1874 os

121 1884 170 1910 [lie
191 1883 281 1909 order
302 1882 335 1909 of

123 1919 167 1945 Sl.
189 1917 333 1944 Bene-dict

119 1962 188 1979 salvs
210 1952 270 1979 tllal
292 1951 341 1978 tlte

121 1988 284 2014 dill'erence
305 1986 334 2012 iu

153 2022 261 2048 orders
282 2021 307 2047 is

140 2056 320 2083 accidental.

102 2137 180 2164 Tllis
202 2137 313 2171 phrase
334 2135 359 2162 is

100 2171 260 2199 borrowed
283 2171 361 2197 from

126 2215 142 2233 a
163 2206 339 2235 Carme-lite,

102 2241 172 2267 who
193 2240 287 2267 called
311 2240 360 2268 W.

183 2284 198 2302 a
219 2276 279 2302 fox.

676 231 897 263 JOHANle
919 231 1102 263 wrcen*
1122 232 1375 264 sssawoNuM
1424 218 1576 275 [SERMO
1600 231 1692 259 xxx.

439 340 515 374 Lex
554 347 687 374 autem
728 339 903 373 humana
949 346 1079 385 potest
1124 338 1270 374 iterum
1316 338 1419 374 sumi
1463 338 1692 386 tripliciter:

381 396 511 444 primo
551 409 623 443 pro
663 396 748 442 lege
787 395 1018 431 humanitus
1059 395 1270 432 adinventa
1311 398 1378 432 sed
1418 395 1458 431 in
1496 396 1693 444 scriptura

378 466 491 490 sacra
524 455 572 489 ab
596 453 763 500 antiquo
797 452 1007 500 implicita,
1043 455 1217 489 secundo
1251 467 1323 501 pro
1358 455 1441 501 lege
1474 467 1579 500 vera,
1614 455 1693 491 sive

379 511 419 547 in
443 513 527 559 lege
545 511 615 547 Dei
641 510 826 558 explicita
851 510 968 546 fuerit
992 510 1071 546 sive
1096 511 1304 558 implicita,
1330 513 1424 547 dum
1450 512 1498 547 sit
1522 512 1695 548 hominis

380 569 591 614 directiva3
638 568 763 604 tercio
808 568 1076 616 nuncupative
1121 582 1194 616 pro
1240 570 1323 617 lege
1364 569 1595 606 humanitus
1635 583 1695 606 ex-

380 627 540 674 plicata,
567 628 661 662 dum
685 635 821 662 tamen
849 639 929 662 non
961 626 1010 662 sit
1034 625 1073 662 in
1104 626 1303 674 scriptura
1334 640 1448 664 sacra
1480 627 1694 676 implicita3

379 693 415 721 et
455 684 509 721 ita
550 685 693 732 duplex
732 685 791 720 lex
830 683 954 720 tercia
993 692 1050 720 est
1089 683 1239 732 iniqua.
1289 685 1336 721 Et
1375 685 1430 721 sic
1470 685 1695 734 intelligunt

379 742 543 790 quidam
590 743 698 790 quod
743 743 802 778 lex
847 741 979 778 divina
1025 750 1061 778 et
1100 743 1159 778 lex
1205 744 1380 779 humana
1425 756 1468 779 ex
1507 744 1695 792 opposito

379 800 695 847 distinguuntur3
751 809 787 836 et
845 799 919 836 ista
979 801 1158 836 membra
1211 800 1521 848 significacionis
1573 802 1695 838 tercie

379 858 566 894 dicuntur
598 857 693 894 satis
726 858 930 906 equivoce.
972 859 1019 893 Et
1053 866 1163 906 patet
1196 859 1303 906 quod
1337 859 1396 894 lex
1429 860 1605 896 humana
1638 868 1695 896 est

378 915 602 952 necessaria
625 915 781 966 viatori,
813 928 885 952 nec
918 924 1049 963 potest
1075 915 1288 964 quisquam
1322 916 1450 964 ipsam
1476 919 1693 954 destruere.

378 975 563 1009 Secundo
602 982 711 1021 patet
751 975 858 1022 quod
898 975 957 1009 lex
994 986 1099 1020 vera,
1142 974 1200 1020 (ut
1241 982 1298 1010 est
1331 975 1418 1022 plus
1450 975 1692 1023 necessaria)

380 1031 506 1079 magis
540 1031 769 1067 ostenditur
800 1031 839 1067 111
873 1031 1085 1080 scriptura.
1119 1033 1167 1067 Et
1199 1032 1323 1068 tercio
1357 1041 1480 1080 patet,
1515 1046 1603 1070 curn
1638 1035 1696 1069 16)(

378 1089 427 1125 511
474 1090 610 1137 regula
657 1089 873 1136 religionis,
921 1090 1028 1138 quod
1074 1089 1438 1138 proporcionaliter
1491 1103 1531 1126 56
1578 1092 1695 1127 habet

378 1146 517 1195 religio
557 1148 606 1183 ad
644 1147 892 1194 religionem,
938 1147 1039 1183 516111
1079 1160 1118 1183 56
1158 1148 1276 1183 habet
1309 1148 1367 1183 lex
1401 1149 1449 1184 ad
1482 1150 1623 1196 legem,
1659 1158 1695 1185 et

379 1217 449 1253 per
493 1217 741 1253 consequens
784 1205 844 1241 lex
887 1204 971 1241 sine
1016 1206 1152 1252 regula
1200 1206 1430 1242 humanitus
1481 1206 1693 1243 adinventa

378 1275 470 1310 sepe
520 1262 623 1311 sapit
667 1262 952 1310 calumpniam,
997 1263 1057 1299 lex
1101 1271 1234 1299 autem
1279 1264 1339 1299 vel
1384 1265 1519 1311 regula
1564 1264 1694 1301 divina

380 1334 459 1357 non
475 1329 607 1368 potest
630 1333 651 1357 a
670 1320 836 1357 veritate
853 1320 1035 1366 deficere,
1059 1329 1167 1368 patet
1184 1322 1291 1369 quod
1316 1321 1454 1369 religio
1476 1322 1694 1359 christiana

380 1387 438 1415 est
467 1378 687 1426 perfeccior
717 1391 835 1426 quam
868 1377 1002 1426 aliqua
1032 1378 1171 1425 religio
1201 1391 1299 1427 pure
1329 1380 1560 1416 humanitus
1584 1380 1695 1416 adin-

380 1444 509 1473 venta.
544 1439 626 1473 Nec
652 1445 708 1472 651
733 1449 828 1472 cura
852 1437 900 1472 de
924 1448 1164 1484 quacunque
1187 1436 1379 1484 religione
1403 1437 1632 1474 huiusmodi
1657 1437 1695 1474 in

382 1494 458 1530 fide
482 1493 556 1530 nisi
580 1495 627 1530 de
652 1502 802 1542 quanto
826 1493 866 1529 in
889 1493 1081 1541 religione
1098 1494 1259 1530 Domini
1284 1503 1340 1530 est
1355 1495 1533 1532 fundata.
1559 1496 1695 1532 Sancti

381 1560 513 1588 autem
535 1551 734 1588 infinitum
757 1551 965 1588 inferiores
982 1564 1101 1599 quam
1114 1552 1295 1588 Christus
1317 1552 1489 1590 sciencia
1506 1562 1541 1590 et
1552 1553 1695 1590 virtute

381 1618 606 1646 statuerunt
638 1609 712 1645 sibi
745 1622 818 1657 pro
857 1609 993 1657 regula
1016 1611 1223 1658 quomodo
1255 1611 1467 1647 voluerunt
1498 1611 1628 1648 vivere
1659 1620 1695 1648 et

382 1667 604 1704 stultificati
638 1667 677 1703 in
711 1668 785 1703 hoc
818 1680 911 1714 sepe
945 1667 1192 1713 defecerant3
1232 1680 1354 1715 genus
1387 1678 1520 1705 autem
1555 1682 1693 1706 eorum

381 1738 549 1774 sequens
587 1726 675 1774 plus
720 1724 997 1761 stultificatum
1038 1726 1250 1762 voluerunt
1292 1736 1530 1774 perpetuare
1575 1727 1693 1764 talem

382 1784 560 1831 regulam
580 1782 884 1831 quibuscunque
903 1795 1002 1831 quos
1022 1783 1265 1819 circueundo
1285 1792 1473 1831 poterunt
1491 1786 1693 1822 seducere.

439 1843 486 1876 Et
525 1840 564 1876 in
608 1840 683 1877 ista
727 1840 978 1889 blasphemia
1019 1840 1199 1877 consistit
1246 1841 1375 1878 maior
1419 1855 1511 1890 pars
1554 1843 1694 1880 veneni

382 1898 569 1934 ordinum
593 1897 856 1946 privatorum.
891 1900 1005 1934 Unde
1029 1898 1192 1946 quidam
1218 1899 1326 1936 canis
1348 1899 1460 1947 niger
1484 1902 1532 1937 de
1554 1901 1694 1938 ordine

382 1955 586 1992 Benedicti
619 1956 787 1992 assumit
820 1968 893 2004 pro
927 1955 1126 2004 principio
1155 1959 1261 2004 quod
1296 1957 1507 2005 religiones
1541 1959 1694 2007 private

381 2026 463 2049 non
501 2013 689 2049 differunt
729 2026 751 2050 a
787 2026 827 2050 56
866 2013 1033 2050 invicem
1074 2014 1258 2062 specifice
1291 2017 1359 2051 sed
1393 2015 1694 2053 accidentaliter

383 2079 552 2107 tantum.
588 2072 703 2107 Unde
735 2080 814 2107 tres
847 2071 960 2119 ponit
994 2084 1134 2108 causas
1158 2086 1280 2121 quare
1313 2072 1376 2109 isti
1409 2074 1570 2111 ordines
1603 2084 1694 2111 sunt

383 2128 546 2177 privati:
591 2128 723 2177 prima
756 2129 849 2177 quia
889 2129 1047 2177 privant
1085 2143 1177 2166 suos
1216 2131 1461 2179 professores
1500 2145 1522 2168 a
1561 2133 1694 2168 multis

384 2186 567 2223 faciendo
600 2186 687 2234 ipsa
725 2199 808 2223 esse
846 2186 920 2223 sibi
953 2187 1104 2233 illicita,
1139 2201 1213 2236 que
1247 2188 1277 2225 si
1315 2202 1396 2225 non
1427 2189 1528 2226 foret
1561 2190 1694 2226 huius-

385 2244 493 2280 modi
530 2244 736 2292 professio,
778 2245 907 2281 forent
948 2245 1021 2281 sibi
1062 2246 1185 2283 licita.
1239 2248 1348 2283 Voco
1397 2255 1528 2283 autem
1574 2247 1692 2284 istum

383 2303 605 2349 dompnum
641 2310 677 2338 et
701 2302 774 2338 sibi
807 2302 955 2339 similes
995 2316 1111 2340 canes
1145 2304 1293 2352 magni,
1326 2304 1420 2353 quia
1450 2305 1506 2341 sic
1538 2306 1693 2343 vocavit

383 2359 602 2396 Carmelita
631 2359 788 2407 publice
818 2360 1064 2408 predicando
1095 2374 1156 2398 me
1184 2362 1344 2410 vulpem
1374 2371 1410 2399 et
1439 2362 1547 2410 ipsos
1576 2376 1692 2400 canes

381 2417 539 2465 vulpem
579 2417 688 2453 illam
727 2430 852 2466 usque
886 2419 934 2455 ad
968 2418 1113 2455 exitum
1148 2419 1413 2468 insequentes.
1459 2422 1507 2456 Et
1537 2423 1692 2469 gaudeo

450 2549 525 2576 2‘5.
546 2550 579 2576 111
602 2557 715 2585 marga
747 2558 767 2582 1,
788 2558 814 2586 2,
836 2550 860 2578 3.
1004 2560 1031 2586 ς).
1054 2552 1148 2579 Cod.:
1179 2553 1272 2580 tercii.
1316 2588 1319 2589 ⁷
1416 2563 1456 2588 17.
1478 2554 1572 2582 Cod.:
1599 2555 1690 2589 capit.

382 2591 420 2622 31.
443 2584 537 2611 Cod.:
561 2584 618 2610 nisi
640 2584 791 2622 deUdeest.
882 2593 927 2620 27.
949 2586 1042 2614 Cod.:
1065 2587 1142 2614 veni.
1240 2587 1282 2615 32.
1306 2588 1400 2616 Cod.:
1422 2589 1534 2624 privati
1555 2589 1689 2624 primati.

382 2617 422 2646 35.
446 2618 540 2646 Cod.:
563 2627 698 2653 marigni.
772 2619 816 2654 37.
838 2620 871 2647 Ιι1
894 2629 1007 2655 marg:
1031 2630 1050 2648 1.

454 2702 510 2734 30.
549 2702 597 2732 De
631 2701 695 2732 isto
729 2712 812 2733 cane
846 2703 946 2745 nigro
980 2704 1021 2734 de
1056 2704 1178 2736 ordine
1208 2706 1384 2736 Benedicti
1421 2706 1462 2737 cf.
1489 2704 1687 2737 Johannem

386 2748 533 2790 Wellys,
565 2747 780 2779 monachum
816 2749 857 2780 de
890 2750 1076 2791 Ramseye,
1111 2751 1208 2782 cuius
1242 2751 1350 2790 ,Acta‘
1384 2752 1416 2782 in
1450 2751 1578 2783 Fascic.
1613 2750 1687 2791 ziz„

384 2804 461 2836 pag.
483 2794 546 2836 239
574 2801 824 2826 memorantur.
918 2796 969 2838 37.
989 2796 1198 2828 ‘Carmelita'
1218 2796 1245 2828 is
1268 2797 1324 2829 the
1344 2797 1531 2829 Carmelite
1553 2797 1692 2837 Stokes,

383 2839 424 2871 cf.
455 2839 601 2871 Lechler
628 2839 666 2879 11,
694 2838 771 2880 628,
798 2839 876 2884 629.

1716 869 1753 890 10

1717 1148 1750 1179 15

1712 1447 1753 1468 20

1713 1727 1751 1758 25

1711 2308 1748 2341 35
