1944 3323
84 932 122 955 10

87 1213 122 1246 15

85 1517 126 1538 20

87 1800 125 1832 25

138 284 273 313 SERMO
295 272 389 330 [ΙΙΙ]
623 281 797 313 TERTIA
824 280 950 311 PARS.

137 394 317 433 constitit
358 393 396 429 in
430 401 616 441 quatuor,
659 398 768 438 patet
802 389 910 437 quod
944 395 1119 435 quatuor
1152 392 1244 420 sunt
1277 391 1454 420 extrema

138 456 306 491 duarum
355 452 551 488 linearum
599 450 648 485 ad
693 448 858 484 modum
900 445 1028 483 crucis
1077 440 1453 487 transversatilium,

137 513 177 549 in
226 511 337 548 cuius
386 508 572 546 extremis
622 516 795 555 quatuor
845 503 1027 541 consistit
1079 500 1235 539 iusticie
1279 501 1455 548 comple—

139 579 332 607 mentum.
382 568 517 604 Prima
563 574 698 602 autem
748 564 852 601 linea
897 560 1159 610 longitudinis
1205 557 1395 594 iniciatus
1433 571 1455 594 a

138 632 223 665 Deo
247 637 284 664 et
307 626 505 664 transiens
529 638 599 673 per
622 623 830 660 hominem
855 621 1096 658 terminatur
1119 619 1159 655 in
1183 616 1457 655 abiectissima

138 695 335 725 creatura.
391 684 514 722 Linea
568 691 702 720 autem
749 679 975 718 latitudinis
1020 677 1176 715 iusticie
1222 674 1362 724 incipit
1407 676 1456 712 ab

138 744 280 783 amicis
314 752 350 780 et
384 743 605 792 procedens
646 753 716 789 per
750 738 957 777 hominem
991 739 1041 774 ad
1075 735 1259 772 inimicos
1292 746 1457 783 progre—

139 804 259 840 ditur.
300 804 348 838 Et
381 801 438 838 sic
476 801 692 837 tribuendo
733 810 924 847 supremo
965 806 1143 832 extremo
1177 792 1306 842 prime
1340 792 1455 837 linee,

138 863 214 899 hoc
260 870 330 906 est,
382 862 466 896 Deo
511 858 671 896 latriam
717 867 755 894 et
799 854 991 905 quicquid
1037 862 1095 890 est
1139 852 1213 889 sibi
1261 851 1456 895 debitum,

140 920 367 968 completur
419 917 591 954 iusticia.
656 918 771 952 Tunc
831 914 937 951 enim
992 911 1183 950 tribuitur
1234 910 1455 948 secundum

140 978 303 1015 inferius
355 985 576 1014 extremum
631 974 810 1011 eiusdem
856 972 958 1008 linee
1006 982 1126 1007 omne
1172 970 1351 1007 debitum
1401 966 1457 1003 rei

139 1036 318 1074 inferiori
371 1035 548 1080 homine,
601 1042 638 1070 et
695 1032 751 1069 sic
805 1031 1027 1068 secundum
1074 1028 1195 1066 aliam
1242 1027 1390 1064 lineam
1436 1038 1458 1062 a

140 1095 287 1132 dextris
320 1093 462 1131 amicis
495 1092 686 1129 tribuitur
719 1090 774 1127 eis
799 1089 979 1126 debitum
1014 1097 1051 1125 et
1084 1100 1106 1124 a
1139 1087 1300 1123 sinistro
1334 1086 1458 1121 latere

140 1154 315 1202 perfecte
359 1151 550 1188 tribuitur
594 1150 773 1187 debitum
820 1147 1008 1184 inimicis.
1054 1148 1102 1182 Et
1141 1145 1181 1181 in
1220 1144 1303 1181 istis
1344 1142 1458 1179 lineis

140 1221 273 1261 potest
308 1210 477 1247 materia
509 1208 668 1246 iusticie
701 1209 751 1245 ad
784 1206 943 1242 libitum
979 1204 1153 1241 dilatari.

200 1270 421 1319 Loquendo
461 1277 597 1305 autem
638 1269 686 1304 de
726 1263 1004 1313 descripcione
1044 1261 1201 1299 iusticie
1241 1261 1348 1297 dicta
1380 1260 1459 1295 for-

143 1328 300 1366 maliter
340 1328 478 1364 dicunt
515 1326 636 1375 logici
675 1325 784 1374 quod
824 1323 983 1360 iusticia
1023 1330 1080 1358 est
1113 1321 1239 1357 virtus
1281 1317 1458 1363 moralis,

142 1388 363 1424 secundum
404 1398 524 1434 quam
571 1385 695 1421 homo
736 1382 883 1419 dicitur
921 1380 1146 1418 formaliter
1191 1392 1274 1416 esse
1319 1377 1458 1421 iustus,

141 1455 184 1482 ut
218 1445 284 1482 illa
318 1443 544 1492 descripcio
578 1443 628 1479 sit
662 1440 888 1479 communis
921 1449 1004 1476 tarn
1037 1438 1132 1475 viris
1156 1450 1277 1486 quam
1303 1434 1460 1472 feminis·

142 1504 279 1540 dicunt
302 1502 480 1550 theologi
503 1503 612 1550 quod
636 1500 768 1538 omnis
791 1498 940 1536 femina
972 1498 1194 1534 secundum
1226 1494 1458 1532 interiorem

143 1561 348 1599 hominem
389 1570 447 1597 est
488 1560 572 1609 ipse
610 1559 775 1608 spiritus
815 1566 851 1594 et
897 1557 953 1593 sic
998 1556 1124 1593 iustus
1167 1555 1229 1591 vel
1276 1552 1459 1597 iniustus,

142 1634 215 1657 nec
253 1628 414 1668 oportet
454 1619 596 1655 timere
636 1616 840 1666 sophistas
877 1616 939 1652 vel
979 1613 1268 1663 grammaticos
1308 1611 1348 1646 in
1387 1611 1461 1647 hac

142 1688 269 1728 parte.
332 1677 513 1714 Sumitur
566 1685 699 1714 autem
760 1676 833 1711 hec
886 1671 1177 1722 descripcionis
1229 1671 1359 1707 forma
1411 1670 1460 1705 ab

142 1737 360 1774 Aristotele
399 1736 466 1784 qui
506 1735 547 1772 in
581 1732 897 1771 predicamentis
938 1731 1128 1769 describit
1167 1729 1301 1766 taliter
1333 1726 1461 1776 quali-

143 1805 267 1833 tatem
308 1804 345 1832 et
377 1795 600 1831 secundum
640 1794 744 1829 hanc
779 1792 953 1828 formam
994 1790 1110 1827 facile
1144 1797 1202 1825 est
1235 1786 1461 1824 describere

141 1854 330 1891 virtutem
365 1851 589 1902 quamlibet
620 1851 683 1888 vel
715 1858 942 1899 peccatum.

201 1913 386 1949 Secunda
425 1919 559 1948 autem
593 1909 718 1947 virtus
758 1907 974 1945 cardinalis
1008 1916 1065 1944 est
1098 1902 1341 1955 prudencia‚'
1368 1902 1462 1952 quia

143 1971 236 2007 licet
279 1972 402 2007 homo
441 1968 626 2006 habuerit
667 1979 925 2005 communem
966 1965 1167 2002 iusticiam
1208 1962 1283 2000 nisi
1317 1963 1463 1998 habeat

144 2029 406 2079 prudenciam
468 2040 541 2076 pro
601 2027 901 2075 complemento
960 2023 1116 2061 iusticie
1168 2021 1293 2059 nichil
1344 2021 1461 2057 valet.

144 2090 315 2136 Oportet
363 2099 458 2134 ergo
504 2098 576 2134 pro
623 2085 923 2133 complemento
968 2081 1126 2119 iusticie
1171 2079 1330 2117 annecti
1370 2092 1463 2127 pru-

145 2145 345 2182 denciam.
379 2147 448 2181 Est
481 2153 616 2181 autem
650 2142 872 2192 prudencia
904 2141 1029 2178 virtus
1069 2149 1212 2189 aptans
1247 2138 1379 2175 media
1413 2138 1463 2174 ad

145 2203 301 2240 iusticie
335 2203 694 2251 complementum,
731 2210 768 2238 et
800 2201 868 2238 illa
892 2201 1009 2237 debet
1042 2212 1116 2248 pro
1149 2198 1355 2234 reddenda
1378 2198 1463 2232 Deo

144 2261 303 2299 iusticia
342 2274 413 2310 per
451 2273 683 2309 supremam
724 2269 880 2308 partem
920 2258 1050 2295 crucis
1095 2257 1324 2301 ascendere,
1369 2254 1463 2303 quia

145 2320 396 2369 impossibile
436 2328 493 2356 est
526 2320 635 2368 quod
674 2317 833 2355 iusticia
867 2317 1003 2354 debita
1041 2324 1221 2353 servetur
1255 2316 1353 2359 Deo,
1388 2312 1463 2349 nisi

146 2387 326 2416 servetur
371 2379 498 2415 eciam
545 2377 708 2414 cuilibet
761 2385 957 2421 creature,
1011 2387 1102 2411 cum
1153 2374 1188 2409 in
1242 2374 1324 2422 ipso
1377 2379 1465 2408 sunt

148 2438 289 2483 omnia,
323 2446 359 2473 et
392 2436 484 2473 hinc
519 2435 666 2472 dicitur
698 2436 786 2471 Joh.
822 2437 905 2479 1110,
944 2446 988 2479 14
1029 2434 1137 2482 quod
1170 2432 1268 2467 sicut
1300 2430 1465 2481 Affoyses

146 2496 337 2532 exaltavit
392 2501 609 2544 serpentem
663 2494 698 2529 in
758 2494 924 2537 deserw,
984 2492 1035 2527 ita
1089 2490 1263 2527 exaltari
1313 2496 1465 2538 oportet

152 2554 351 2589 Christum
386 2553 421 2588 in
455 2565 582 2592 cruce.
616 2554 698 2588 Nec
732 2551 898 2587 dubium
941 2550 1036 2599 quin
1069 2558 1200 2586 totum
1235 2549 1310 2584 hoc
1344 2547 1465 2583 fiebat

147 2624 191 2648 ex
224 2624 382 2648 summa
415 2609 649 2659 prudencia.
685 2611 799 2646 Unde
833 2608 1001 2645 Matthei
1033 2609 1101 2654 XO,
1134 2609 1179 2643 16
1215 2614 1348 2642 movet
1380 2605 1464 2653 ipse

215 2778 239 2796 2.
262 2769 356 2797 (ἰωὰ-ε
387 2769 556 2796 literarum.
630 2776 673 2803 27.
696 2768 790 2796 Cod.:
813 2768 909 2795 virtus
930 2766 1028 2794 twice.

217 2886 271 2919 24.
300 2876 582 2916 eredit-amentis,
601 2875 621 2908 i.
643 2887 669 2907 e.
691 2876 723 2907 in
744 2875 950 2917 Categoriis.
979 2874 1029 2906 Cf.
1047 2873 1264 2915 Categoriae,
1283 2883 1357 2915 cap.
1374 2873 1463 2904 VIll.

147 2924 239 2966 Opp.
266 2931 352 2955 tom.
382 2923 438 2959 111,
464 2933 542 2965 pag.
572 2923 601 2954 5.
725 2922 776 2954 35.
805 2922 908 2953 Rom.
938 2921 997 2959 xl,
1026 2920 1079 2953 36.

1661 268 1742 311 459

1475 389 1587 416 Justice
1609 389 1645 419 is,
1667 397 1699 415 as
1720 389 1741 415 it

1483 433 1573 453 were,
1594 424 1643 450 the
1664 424 1734 451 four

1513 459 1614 494 points
1636 459 1670 486 of
1687 467 1702 485 a

1557 502 1654 521 cross.

1506 680 1574 708 The
1594 680 1719 718 iipright

1508 724 1614 751 passes
1637 719 1717 742 irom

1514 750 1583 777 (iod
1605 755 1636 777 t‹›
1656 750 1706 776 the

1479 787 1587 813 lowest
1607 790 1743 812 creature

1496 821 1554 847 and
1577 820 1626 847 the
1647 828 1731 846 arms

1479 856 1558 883 from
1580 854 1697 882 friends
1718 859 1747 881 to

1537 890 1684 918 enemies.

1536 1253 1693 1288 Formall)v

1487 1288 1614 1321 treated,
1636 1288 1742 1318 justice

1506 1324 1531 1349 is
1552 1323 1602 1349 the
1624 1323 1720 1350 moral

1477 1358 1574 1385 virtue
1597 1359 1634 1393 by
1651 1357 1751 1385 which

1512 1401 1582 1420 man
1604 1393 1630 1420 is
1652 1393 1721 1427 just.

1489 1913 1514 1932 2.
1536 1905 1604 1933 The
1627 1905 1739 1932 second

1489 1940 1625 1968 cardinal
1646 1940 1745 1967 virtue

1509 1977 1536 2003 is
1557 1975 1723 2010 prudencc,

1479 2010 1579 2037 which
1595 2010 1621 2037 is
1637 2010 1750 2037 needed

1484 2051 1514 2073 to
1536 2046 1625 2072 make
1646 2044 1752 2075 iustice

1573 2080 1664 2107 valid.
