1944 3323
100 915 107 934 Ι

102 1207 110 1228 1

100 1497 116 1518 2

103 1791 117 1803 ,,

104 2071 118 2103 3

153 265 289 293 sERMo
311 253 436 311 xum]
643 268 815 300 TERTIA
845 269 970 301 PARS.

210 376 356 411 Sensus
390 383 523 412 autem
548 374 722 423 Spiritus
745 375 880 412 Sancti
916 388 1034 424 quem
1070 385 1231 424 oportet
1265 388 1348 412 esse
1373 376 1467 412 veri>

152 442 275 470 tatem
311 434 553 470 catholicam
590 442 647 469 est
681 433 811 470 forma
844 447 866 470 a
900 447 978 482 qua
1012 434 1302 471 denominatur
1337 446 1473 471 carac-

152 500 254 528 teres
289 504 374 528 esse
407 491 523 528 sacri.
558 493 672 528 Unde
705 491 887 540 sequitur
920 492 959 528 in
989 501 1095 529 textu
1120 493 1328 541 Apostoli:
1358 492 1473 542 Quod

151 550 184 585 si
223 550 459 586 minis-tracia
498 549 634 585 mortis
673 550 794 585 literis
834 551 1055 599 deformata
1095 551 1130 587 in
1169 551 1361 600 lapidibus
1389 550 1473 600 suit

118 608 187 646 51'11
210 608 357 657 gloria,
389 608 440 643 itcz
474 615 514 643 ut
546 620 618 643 non
637 615 793 657 possent
815 608 1010 644 intendere
1026 609 1109 659 filii
1130 610 1253 645 Israel
1275 609 1470 658 infaciem

153 666 290 718 Aonsi
315 673 483 715 propter
512 666 685 716 gloriam
726 667 853 702 vultus
891 667 970 702 eius
1007 680 1078 716 que
1115 675 1339 713 evacuatur,
1379 679 1469 716 quo-

154 725 267 760 modo
307 736 378 759 non
417 724 545 774 magis
584 724 821 760 ministr-acio
853 725 1013 774 spiritus
1046 726 1119 761 erit
1151 726 1186 761 in
1217 726 1348 776 gloria
1361 726 1375 761 'r
1409 726 1468 761 Ad

154 782 459 830 intelligendum
485 790 619 818 autem
645 783 720 819 hoc
744 792 1027 831 argumentum
1044 784 1231 832 Apostoli
1250 797 1320 832 per
1335 785 1468 820 locum

154 840 427 877 invincibilem
466 853 488 877 a
528 840 672 877 maiori
711 850 872 889 oportet
918 841 1050 890 primo
1096 851 1238 879 notare
1277 842 1471 879 terminos

118 914 138 935 o
155 908 276 948 atque
301 898 526 936 historiam.
552 899 721 936 Constat
745 899 909 948 quidem
934 901 1043 949 quod
1067 900 1317 937 ministracio
1341 909 1472 949 potest

155 957 321 1005 intelligi
352 958 414 994 vel
447 957 559 994 accio
594 957 860 994 ministrantis
883 959 944 994 vel
966 958 1098 1007 ipsum
1121 958 1279 1007 signum
1303 958 1472 995 subditis

157 1015 450 1061 ministratum3
495 1025 532 1052 et
572 1016 628 1052 sic
670 1016 823 1065 lapides
862 1016 1001 1065 scripti
1041 1017 1166 1065 digito
1200 1017 1272 1054 Dei
1305 1018 1366 1054 vel
1405 1017 1470 1054 alii

155 1074 309 1122 lapides
354 1083 567 1123 sequentes
607 1075 657 1111 ad
696 1087 836 1111 eorum
878 1074 1184 1112 similitudinem
1227 1076 1374 1112 exarati
1415 1076 1471 1111 di-

156 1141 300 1168 cuntur
333 1131 582 1169 ministracio
616 1132 770 1179 mortis,
801 1133 895 1181 quia
928 1135 977 1170 ab
1011 1133 1088 1169 illis
1121 1134 1334 1171 occasione
1368 1134 1472 1170 mala

122 1197 322 1239 5accepta
356 1190 471 1227 multi
506 1200 597 1227 sunt
631 1190 794 1227 mortui.
848 1193 896 1228 Et
935 1193 985 1228 ad
1019 1191 1195 1229 litteram
1228 1193 1384 1241 lapides
1418 1191 1472 1228 illi

157 1249 315 1285 fuerunt
348 1249 548 1285 exanimes
582 1250 783 1286 deformes
817 1249 857 1286 in
892 1251 1205 1298 comparacione
1238 1252 1285 1288 ad
1316 1260 1475 1288 sanctas

156 1307 311 1344 animas
359 1307 398 1343 in
446 1307 590 1356 quibus
640 1308 823 1345 Christus
871 1308 998 1357 legem
1049 1322 1163 1346 suam
1213 1318 1474 1358 expresserat.

157 1366 365 1414 Scriptura
398 1366 560 1414 quidem
600 1365 669 1403 illa
707 1366 780 1402 fuit
813 1367 928 1403 valde
962 1367 1153 1404 deformis
1194 1376 1231 1404 et
1270 1368 1397 1417 turpis
1437 1367 1476 1404 in

158 1424 472 1472 comparacione
521 1426 571 1461 ad
619 1424 864 1473 scripturam
915 1439 1036 1474 quarn
1085 1425 1259 1474 Spiritus
1305 1428 1476 1463 Sanctus

123 1482 409 1530 oimpresserit
448 1482 660 1519 animabus
693 1483 842 1520 sanctis
876 1497 974 1532 quas
1009 1485 1088 1521 duo
1121 1485 1322 1522 sentencie
1356 1494 1476 1533 atque

158 1540 330 1577 sciencie
363 1550 446 1578 tam
481 1541 719 1578 mirabiliter
752 1541 967 1579 illustrant,

217 1598 393 1636 Ulterius
437 1601 662 1636 notandum
710 1609 767 1636 est
811 1613 855 1637 ex
900 1600 1067 1637 historia
1111 1603 1235 1638 Exod.
1282 1603 1474 1647 XXX1V0,

159 1659 366 1706 quomodo
406 1657 527 1694 facies
565 1658 694 1706 Moysi
735 1668 904 1696 cornuta
943 1659 1017 1695 fuit
1054 1660 1116 1696 vel
1156 1661 1312 1697 duobus
1352 1660 1475 1697 radiis

158 1715 403 1753 stillantibus
455 1728 500 1753 ex
551 1716 829 1754 collocucione
878 1730 967 1754 cum
1015 1717 1191 1755 Domino
1235 1728 1474 1767 perornata;

105 1779 142 1812 ,5
159 1783 326 1822 propter
359 1776 467 1824 quod
501 1774 572 1811 filii
605 1776 726 1812 Israel
758 1788 840 1812 non
872 1777 1076 1813 audebant
1108 1776 1149 1812 in
1181 1776 1312 1825 ipsum
1347 1786 1475 1814 atten—

160 1834 266 1879 dere,
303 1834 370 1870 sed
404 1832 506 1869 facie
539 1833 668 1870 velata
701 1834 944 1882 loquebatur
978 1847 1067 1871 curn
1103 1835 1171 1871 eis.
1206 1835 1293 1872 Hiis
1325 1836 1475 1873 notatis

159 1900 270 1940 patet
301 1904 441 1928 sensus
473 1893 686 1928 verborum
721 1893 907 1941 Apostoli
946 1901 1028 1930 tam
1064 1895 1111 1929 de
1143 1893 1344 1942 scriptura
1376 1895 1476 1944 lapi-

160 1951 255 1986 dum
289 1963 410 1998 quam
446 1951 493 1986 de
526 1950 659 1998 glossa
691 1951 807 1988 faciei
840 1953 1038 1999 Mosayce.
1086 1952 1214 1988 Maius
1248 1961 1381 1989 autem
1418 1962 1477 1990 est

161 2007 339 2044 animam
385 2008 577 2044 illustrari
623 2021 694 2057 per
739 2009 916 2058 graciam
963 2009 1099 2047 Sancti
1141 2010 1327 2059 Spiritus,
1374 2012 1477 2048 sicut

124 2066 328 2114 ocontigit
353 2066 416 2103 die
439 2068 710 2114 Pentecostes,
744 2070 908 2116 quando
942 2069 1002 2105 lex
1025 2068 1173 2106 Christi
1207 2070 1302 2106 data
1334 2069 1476 2116 fuerat⁷

160 2137 281 2173 quam
315 2133 400 2162 erat
433 2124 575 2162 faciem
601 2125 728 2174 Moysi
751 2126 886 2163 taliter
910 2126 1113 2175 corporali
1137 2127 1290 2164 lumine
1313 2128 1476 2165 radiari.

160 2185 248 2219 Hoc
282 2183 386 2219 enirn
421 2183 461 2220 in
493 2192 638 2220 natura
671 2197 743 2221 sua
776 2184 849 2221 fuit
882 2184 1149 2233 inperfeccius
1179 2195 1216 2222 et
1240 2195 1477 2223 evacuatum

161 2250 218 2277 est
251 2241 354 2278 infra
388 2241 593 2278 modicum
627 2251 807 2291 tempus3
847 2245 915 2280 sed
956 2243 1173 2281 irradiacio
1207 2244 1353 2282 mentis
1387 2258 1479 2282 cum

160 2308 377 2347 augmento
421 2299 555 2348 gracie
600 2314 726 2350 usque
773 2303 821 2338 ad
863 2301 1157 2339 beatitudinem
1198 2312 1234 2339 et
1273 2315 1344 2351 per
1384 2316 1479 2340 con—

103 2360 141 2393 '55
160 2370 328 2406 sequens
352 2358 391 2394 in
416 2368 655 2407 perpetuum
690 2369 933 2408 perseverat.
967 2361 1161 2398 Velamen
1193 2370 1327 2398 autern
1352 2361 1479 2410 Moysi

64 2409 144 2486 {82¹3
160 2417 383 2452 secundum
419 2417 524 2453 misti
554 2414 558 2470 l
589 2430 678 2454 cum
713 2431 874 2455 sensum
908 2431 1028 2467 quem
1063 2419 1226 2467 exponit
1257 2421 1479 2468 Apostolus

161 2474 292 2522 signat
344 2484 523 2512 cecatam
578 2476 793 2524 perfidiam
845 2478 1082 2523 judeorum,
1137 2487 1304 2526 propter
1356 2491 1476 2527 quam

162 2532 322 2581 attingit
355 2534 460 2570 ultra
492 2535 643 2570 nudam
678 2534 854 2571 litteram
887 2535 1032 2572 veteris
1064 2536 1296 2573 testamenti
1330 2538 1379 2574 ad
1422 2537 1478 2573 in-

161 2590 423 2639 telligendum
464 2591 670 2628 Christum
715 2605 852 2630 verum
898 2595 1025 2630 Deum
1074 2603 1111 2631 et
1155 2594 1360 2632 hominem
1409 2608 1480 2644 per

100 2661 146 2692 40
162 2661 423 2698 quascunque
467 2650 614 2699 figuras
659 2651 756 2700 legis
799 2651 944 2689 veteris
990 2653 1239 2690 denotatum.
1286 2656 1387 2691 Nam
1428 2654 1477 2690 ad

230 2791 257 2815 2,
278 2784 303 2811 3.
326 2783 421 2811 Cod.:
450 2790 628 2812 carecteres.
732 2794 779 2814 20.
802 2787 916 2815 sanctis
937 2789 1035 2815 twice.
1137 2796 1165 2816 21
1199 2789 1295 2816 Cod.:
1324 2791 1426 2816 mrumr
1448 2799 1476 2812 :ss

162 2819 397 2852 magistratum-3
420 2820 460 2846 ib.
483 2819 579 2847 Cod.:
601 2821 776 2848 illustravit.
851 2830 893 2849 22.
916 2828 959 2849 est
983 2823 1130 2852 historia:
1152 2832 1185 2850 ex
1208 2825 1302 2850 deest.

233 2902 334 2944 3—7.
361 2904 399 2934 ΙΙ.
427 2904 507 2935 Cor.
534 2904 589 2945 111,
615 2915 647 2946 7,
673 2905 705 2936 8.

1683 261 1761 307 399

1516 1908 1644 1936 Greater
1663 1909 1752 1948 glory
1769 1944 1772 1947 .

1492 1944 1526 1971 of
1543 1945 1593 1971 the
1613 1945 1718 1979 givmg
1738 1946 1769 1971 ot

1498 1979 1548 2006 the
1569 1979 1666 2014 Spirit
1686 1979 1759 2006 than

1527 2014 1562 2041 ot'
1578 2015 1627 2041 the
1650 2014 1732 2041 Law.
