<?xml version="1.0" encoding="UTF-8"?>
<!DOCTYPE html PUBLIC "-//W3C//DTD XHTML 1.0 Transitional//EN"
    "http://www.w3.org/TR/xhtml1/DTD/xhtml1-transitional.dtd">
<html xmlns="http://www.w3.org/1999/xhtml" xml:lang="en" lang="en">
 <head>
  <title>
</title>
<meta http-equiv="Content-Type" content="text/html;charset=utf-8" />
  <meta name='ocr-system' content='tesseract 3.04.00' />
  <meta name='ocr-capabilities' content='ocr_page ocr_carea ocr_par ocr_line ocrx_word'/>
</head>
<body>
  <div class='ocr_page' id='page_1' title='image "./iohanniswyclifse0703wycl_0482.png"; bbox 0 0 1944 3323; ppageno 0'>
   <div class='ocr_carea' id='block_1_1' title="bbox 175 244 255 286">
    <p class='ocr_par' dir='ltr' id='par_1_1' title="bbox 175 244 255 286">
     <span class='ocr_line' id='line_1_1' title="bbox 175 244 255 286; baseline 0.013 -10"><span class='ocrx_word' id='word_1_1' title='bbox 175 244 255 286; x_wconf 73' lang='lat'>460</span> 
     </span>
    </p>
   </div>
   <div class='ocr_carea' id='block_1_2' title="bbox 172 483 445 656">
    <p class='ocr_par' dir='ltr' id='par_1_2' title="bbox 173 483 445 545">
     <span class='ocr_line' id='line_1_2' title="bbox 173 483 445 512; baseline -0.004 -2"><span class='ocrx_word' id='word_1_2' title='bbox 173 483 196 510; x_wconf 63' lang='lat'>1³.</span> <span class='ocrx_word' id='word_1_3' title='bbox 218 484 315 511; x_wconf 78' lang='lat' dir='ltr'>Third</span> <span class='ocrx_word' id='word_1_4' title='bbox 339 484 445 512; x_wconf 69' lang='lat' dir='ltr'>virtue,</span> 
     </span>
     <span class='ocr_line' id='line_1_3' title="bbox 237 519 381 545; baseline 0 0"><span class='ocrx_word' id='word_1_5' title='bbox 237 519 381 545; x_wconf 64' lang='lat' dir='ltr'>fortitude</span> 
     </span>
    </p>

    <p class='ocr_par' dir='ltr' id='par_1_3' title="bbox 184 554 432 582">
     <span class='ocr_line' id='line_1_4' title="bbox 184 554 432 582; baseline 0.008 -4"><span class='ocrx_word' id='word_1_6' title='bbox 184 554 313 582; x_wconf 74' lang='lat' dir='ltr'>without</span> <span class='ocrx_word' id='word_1_7' title='bbox 334 554 432 581; x_wconf 67' lang='lat' dir='ltr'>which</span> 
     </span>
    </p>

    <p class='ocr_par' dir='ltr' id='par_1_4' title="bbox 172 590 435 656">
     <span class='ocr_line' id='line_1_5' title="bbox 172 590 435 617; baseline 0.011 -2"><span class='ocrx_word' id='word_1_8' title='bbox 172 598 240 615; x_wconf 84' lang='lat' dir='ltr'>man</span> <span class='ocrx_word' id='word_1_9' title='bbox 264 596 374 617; x_wconf 77' lang='lat' dir='ltr'>cannot</span> <span class='ocrx_word' id='word_1_10' title='bbox 397 590 435 616; x_wconf 67' lang='lat' dir='ltr'>ds)</span> 
     </span>
     <span class='ocr_line' id='line_1_6' title="bbox 250 625 365 656; baseline -0.009 -4"><span class='ocrx_word' id='word_1_11' title='bbox 250 625 365 656; x_wconf 73' lang='lat' dir='ltr'>justice.</span> 
     </span>
    </p>
   </div>
   <div class='ocr_carea' id='block_1_3' title="bbox 167 1109 443 1285">
    <p class='ocr_par' dir='ltr' id='par_1_5' title="bbox 167 1109 443 1179">
     <span class='ocr_line' id='line_1_7' title="bbox 167 1109 443 1146; baseline 0.011 -12"><span class='ocrx_word' id='word_1_12' title='bbox 167 1109 322 1142; x_wconf 54' lang='lat' dir='ltr'>4.I-*our1h</span> <span class='ocrx_word' id='word_1_13' title='bbox 336 1111 443 1146; x_wconf 72' lang='lat' dir='ltr'>virtue,</span> 
     </span>
     <span class='ocr_line' id='line_1_8' title="bbox 205 1149 408 1179; baseline 0.005 -8"><span class='ocrx_word' id='word_1_14' title='bbox 205 1149 408 1179; x_wconf 70' lang='lat' dir='ltr'>temporanee,</span> 
     </span>
    </p>

    <p class='ocr_par' dir='ltr' id='par_1_6' title="bbox 175 1179 436 1216">
     <span class='ocr_line' id='line_1_9' title="bbox 175 1179 436 1216; baseline 0.011 -12"><span class='ocrx_word' id='word_1_15' title='bbox 175 1179 288 1216; x_wconf 77' lang='lat' dir='ltr'>needed</span> <span class='ocrx_word' id='word_1_16' title='bbox 312 1184 341 1206; x_wconf 84' lang='lat' dir='ltr'>to</span> <span class='ocrx_word' id='word_1_17' title='bbox 363 1181 436 1215; x_wconf 76' lang='lat' dir='ltr'>keep</span> 
     </span>
    </p>

    <p class='ocr_par' dir='ltr' id='par_1_7' title="bbox 168 1214 435 1285">
     <span class='ocr_line' id='line_1_10' title="bbox 168 1214 435 1242; baseline 0.007 -2"><span class='ocrx_word' id='word_1_18' title='bbox 168 1214 314 1241; x_wconf 79' lang='lat' dir='ltr'>tortiuide</span> <span class='ocrx_word' id='word_1_19' title='bbox 335 1214 363 1241; x_wconf 94' lang='lat' dir='ltr'>in</span> <span class='ocrx_word' id='word_1_20' title='bbox 386 1215 435 1242; x_wconf 73' lang='lat' dir='ltr'>the</span> 
     </span>
     <span class='ocr_line' id='line_1_11' title="bbox 216 1248 392 1285; baseline 0.011 -11"><span class='ocrx_word' id='word_1_21' title='bbox 216 1248 295 1284; x_wconf 77' lang='lat' dir='ltr'>right</span> <span class='ocrx_word' id='word_1_22' title='bbox 317 1258 392 1285; x_wconf 74' lang='lat' dir='ltr'>way.</span> 
     </span>
    </p>
   </div>
   <div class='ocr_carea' id='block_1_4' title="bbox 175 1700 430 1761">
    <p class='ocr_par' dir='ltr' id='par_1_8' title="bbox 175 1700 430 1761">
     <span class='ocr_line' id='line_1_12' title="bbox 175 1700 430 1727; baseline -0.004 0"><span class='ocrx_word' id='word_1_23' title='bbox 175 1700 222 1727; x_wconf 81' lang='lat' dir='ltr'>All</span> <span class='ocrx_word' id='word_1_24' title='bbox 246 1700 360 1726; x_wconf 62' lang='lat' dir='ltr'>ximat-s</span> <span class='ocrx_word' id='word_1_25' title='bbox 381 1709 430 1726; x_wconf 77' lang='lat' dir='ltr'>are</span> 
     </span>
     <span class='ocr_line' id='line_1_13' title="bbox 212 1735 389 1761; baseline -0.011 0"><span class='ocrx_word' id='word_1_26' title='bbox 212 1735 389 1761; x_wconf 72' lang='lat' dir='ltr'>(oniiccted.</span> 
     </span>
    </p>
   </div>
   <div class='ocr_carea' id='block_1_5' title="bbox 175 2278 441 2445">
    <p class='ocr_par' dir='ltr' id='par_1_9' title="bbox 175 2278 441 2445">
     <span class='ocr_line' id='line_1_14' title="bbox 272 2278 338 2305; baseline 0 0"><span class='ocrx_word' id='word_1_27' title='bbox 272 2278 338 2305; x_wconf 77' lang='lat' dir='ltr'>The</span> 
     </span>
     <span class='ocr_line' id='line_1_15' title="bbox 198 2314 413 2348; baseline 0.005 -9"><span class='ocrx_word' id='word_1_28' title='bbox 198 2314 413 2348; x_wconf 71' lang='lat' dir='ltr'>philosophcrs</span> 
     </span>
     <span class='ocr_line' id='line_1_16' title="bbox 175 2347 441 2383; baseline 0 -9"><span class='ocrx_word' id='word_1_29' title='bbox 175 2356 226 2383; x_wconf 64' lang='lat' dir='ltr'>say</span> <span class='ocrx_word' id='word_1_30' title='bbox 248 2348 312 2374; x_wconf 78' lang='lat' dir='ltr'>that</span> <span class='ocrx_word' id='word_1_31' title='bbox 334 2347 441 2381; x_wconf 65' lang='lat' dir='ltr'>justice</span> 
     </span>
     <span class='ocr_line' id='line_1_17' title="bbox 212 2384 406 2410; baseline -0.005 0"><span class='ocrx_word' id='word_1_32' title='bbox 212 2384 349 2410; x_wconf 73' lang='lat' dir='ltr'>includes</span> <span class='ocrx_word' id='word_1_33' title='bbox 370 2384 406 2409; x_wconf 85' lang='lat' dir='ltr'>all</span> 
     </span>
     <span class='ocr_line' id='line_1_18' title="bbox 255 2418 360 2445; baseline 0 -1"><span class='ocrx_word' id='word_1_34' title='bbox 255 2418 360 2445; x_wconf 69' lang='lat' dir='ltr'>xirluc.</span> 
     </span>
    </p>
   </div>
   <div class='ocr_carea' id='block_1_6' title="bbox 755 237 1767 295">
    <p class='ocr_par' dir='ltr' id='par_1_10' title="bbox 755 237 1767 295">
     <span class='ocr_line' id='line_1_19' title="bbox 755 237 1767 295; baseline -0.007 -13"><span class='ocrx_word' id='word_1_35' title='bbox 755 251 978 282; x_wconf 69' lang='lat' dir='ltr'>JOHANNIS</span> <span class='ocrx_word' id='word_1_36' title='bbox 1000 250 1180 282; x_wconf 78' lang='lat' dir='ltr'>WYCLIF</span> <span class='ocrx_word' id='word_1_37' title='bbox 1199 251 1452 283; x_wconf 76' lang='lat' dir='ltr'>SERMONUM</span> <span class='ocrx_word' id='word_1_38' title='bbox 1517 237 1668 295; x_wconf 73' lang='lat' dir='ltr'>[SERMO</span> <span class='ocrx_word' id='word_1_39' title='bbox 1690 249 1767 276; x_wconf 82' lang='lat' dir='ltr'>LIII.</span> 
     </span>
    </p>
   </div>
   <div class='ocr_carea' id='block_1_7' title="bbox 454 357 1825 2713">
    <p class='ocr_par' dir='ltr' id='par_1_11' title="bbox 462 357 1767 462">
     <span class='ocr_line' id='line_1_20' title="bbox 462 357 1767 406; baseline 0.001 -14"><span class='ocrx_word' id='word_1_40' title='bbox 462 359 568 404; x_wconf 88' lang='lat' dir='ltr'>quod</span> <span class='ocrx_word' id='word_1_41' title='bbox 621 358 739 392; x_wconf 69' lang='lat' dir='ltr'>simius</span> <span class='ocrx_word' id='word_1_42' title='bbox 787 358 1000 405; x_wconf 72' lang='lat' dir='ltr'><em>prudentes</em></span> <span class='ocrx_word' id='word_1_43' title='bbox 1051 358 1146 393; x_wconf 77' lang='lat' dir='ltr'>sicut</span> <span class='ocrx_word' id='word_1_44' title='bbox 1198 366 1406 406; x_wconf 62' lang='lat' dir='ltr'>serpentes,</span> <span class='ocrx_word' id='word_1_45' title='bbox 1459 357 1551 405; x_wconf 86' lang='lat' dir='ltr'>quia</span> <span class='ocrx_word' id='word_1_46' title='bbox 1606 358 1767 394; x_wconf 79' lang='lat' dir='ltr'>indubie</span> 
     </span>
     <span class='ocr_line' id='line_1_21' title="bbox 462 414 1559 462; baseline 0.001 -12"><span class='ocrx_word' id='word_1_47' title='bbox 462 427 580 450; x_wconf 90' lang='lat' dir='ltr'>nemo</span> <span class='ocrx_word' id='word_1_48' title='bbox 615 423 743 462; x_wconf 81' lang='lat' dir='ltr'>potest</span> <span class='ocrx_word' id='word_1_49' title='bbox 777 414 860 450; x_wconf 79' lang='lat' dir='ltr'>sine</span> <span class='ocrx_word' id='word_1_50' title='bbox 894 415 1111 462; x_wconf 78' lang='lat' dir='ltr'>prudencia</span> <span class='ocrx_word' id='word_1_51' title='bbox 1145 415 1347 451; x_wconf 73' lang='lat' dir='ltr'>Christum</span> <span class='ocrx_word' id='word_1_52' title='bbox 1383 415 1559 451; x_wconf 88' lang='lat' dir='ltr'>induere.</span> 
     </span>
    </p>

    <p class='ocr_par' dir='ltr' id='par_1_12' title="bbox 454 472 1825 1676">
     <span class='ocr_line' id='line_1_22' title="bbox 520 472 1763 509; baseline 0.001 -2"><span class='ocrx_word' id='word_1_53' title='bbox 520 474 595 508; x_wconf 78' lang='lat' dir='ltr'>Sed</span> <span class='ocrx_word' id='word_1_54' title='bbox 637 485 725 508; x_wconf 83' lang='lat' dir='ltr'>cum</span> <span class='ocrx_word' id='word_1_55' title='bbox 767 485 846 508; x_wconf 88' lang='lat' dir='ltr'>non</span> <span class='ocrx_word' id='word_1_56' title='bbox 887 473 1035 508; x_wconf 78' lang='lat' dir='ltr'>sufficit</span> <span class='ocrx_word' id='word_1_57' title='bbox 1074 474 1220 509; x_wconf 87' lang='lat' dir='ltr'>habere</span> <span class='ocrx_word' id='word_1_58' title='bbox 1254 474 1324 508; x_wconf 85' lang='lat' dir='ltr'>has</span> <span class='ocrx_word' id='word_1_59' title='bbox 1359 474 1457 508; x_wconf 89' lang='lat' dir='ltr'>duas</span> <span class='ocrx_word' id='word_1_60' title='bbox 1491 472 1657 509; x_wconf 85' lang='lat' dir='ltr'>virtutes</span> <span class='ocrx_word' id='word_1_61' title='bbox 1692 473 1763 509; x_wconf 89' lang='lat' dir='ltr'>nisi</span> 
     </span>
     <span class='ocr_line' id='line_1_23' title="bbox 462 529 1767 571; baseline 0.002 -6"><span class='ocrx_word' id='word_1_62' title='bbox 462 529 584 566; x_wconf 86' lang='lat' dir='ltr'>tercia</span> <span class='ocrx_word' id='word_1_63' title='bbox 618 530 741 565; x_wconf 72' lang='lat' dir='ltr'>virtus</span> <span class='ocrx_word' id='word_1_64' title='bbox 775 530 992 566; x_wconf 86' lang='lat' dir='ltr'>cardinalis</span> <span class='ocrx_word' id='word_1_65' title='bbox 1026 530 1220 566; x_wconf 88' lang='lat' dir='ltr'>fortitudo</span> <span class='ocrx_word' id='word_1_66' title='bbox 1253 529 1403 566; x_wconf 83' lang='lat' dir='ltr'>scilicet</span> <span class='ocrx_word' id='word_1_67' title='bbox 1438 531 1642 571; x_wconf 77' lang='lat' dir='ltr'>habeatur,</span> <span class='ocrx_word' id='word_1_68' title='bbox 1678 531 1767 567; x_wconf 91' lang='lat' dir='ltr'>ideo</span> 
     </span>
     <span class='ocr_line' id='line_1_24' title="bbox 460 587 1800 635; baseline 0.001 -12"><span class='ocrx_word' id='word_1_69' title='bbox 460 596 619 634; x_wconf 82' lang='lat' dir='ltr'>oportet</span> <span class='ocrx_word' id='word_1_70' title='bbox 659 589 877 624; x_wconf 85' lang='lat' dir='ltr'>secundum</span> <span class='ocrx_word' id='word_1_71' title='bbox 919 588 1047 635; x_wconf 82' lang='lat' dir='ltr'>ipsam</span> <span class='ocrx_word' id='word_1_72' title='bbox 1092 587 1221 635; x_wconf 73' lang='lat' dir='ltr'>girare</span> <span class='ocrx_word' id='word_1_73' title='bbox 1266 589 1458 624; x_wconf 90' lang='lat' dir='ltr'>circulum</span> <span class='ocrx_word' id='word_1_74' title='bbox 1499 588 1574 624; x_wconf 89' lang='lat' dir='ltr'>vite</span> <span class='ocrx_word' id='word_1_75' title='bbox 1618 594 1800 625; x_wconf 81' lang='lat' dir='ltr'>nostre.5</span> 
     </span>
     <span class='ocr_line' id='line_1_25' title="bbox 461 645 1767 693; baseline 0.001 -13"><span class='ocrx_word' id='word_1_76' title='bbox 461 647 676 690; x_wconf 85' lang='lat' dir='ltr'>Quomodo</span> <span class='ocrx_word' id='word_1_77' title='bbox 707 648 838 693; x_wconf 72' lang='lat' dir='ltr'>(rogo)</span> <span class='ocrx_word' id='word_1_78' title='bbox 870 646 942 681; x_wconf 88' lang='lat' dir='ltr'>iret</span> <span class='ocrx_word' id='word_1_79' title='bbox 965 645 1093 682; x_wconf 82' lang='lat' dir='ltr'>viator</span> <span class='ocrx_word' id='word_1_80' title='bbox 1123 658 1144 681; x_wconf 87' lang='lat' dir='ltr'>a</span> <span class='ocrx_word' id='word_1_81' title='bbox 1175 646 1450 693; x_wconf 85' lang='lat' dir='ltr'>complecione</span> <span class='ocrx_word' id='word_1_82' title='bbox 1474 646 1590 681; x_wconf 90' lang='lat' dir='ltr'>unius</span> <span class='ocrx_word' id='word_1_83' title='bbox 1613 646 1767 682; x_wconf 84' lang='lat' dir='ltr'>iusticie</span> 
     </span>
     <span class='ocr_line' id='line_1_26' title="bbox 460 702 1767 751; baseline 0.001 -13"><span class='ocrx_word' id='word_1_84' title='bbox 460 704 509 739; x_wconf 86' lang='lat' dir='ltr'>ad</span> <span class='ocrx_word' id='word_1_85' title='bbox 543 702 664 739; x_wconf 87' lang='lat' dir='ltr'>aliam</span> <span class='ocrx_word' id='word_1_86' title='bbox 698 703 773 739; x_wconf 85' lang='lat' dir='ltr'>nisi</span> <span class='ocrx_word' id='word_1_87' title='bbox 808 704 972 740; x_wconf 86' lang='lat' dir='ltr'>haberet</span> <span class='ocrx_word' id='word_1_88' title='bbox 994 703 1269 739; x_wconf 83' lang='lat' dir='ltr'>fortitudinem</span> <span class='ocrx_word' id='word_1_89' title='bbox 1305 704 1359 739; x_wconf 93' lang='lat' dir='ltr'>sic</span> <span class='ocrx_word' id='word_1_90' title='bbox 1393 704 1558 751; x_wconf 70' lang='lat' dir='ltr'>agendi?</span> <span class='ocrx_word' id='word_1_91' title='bbox 1591 706 1667 740; x_wconf 84' lang='lat' dir='ltr'>Sed</span> <span class='ocrx_word' id='word_1_92' title='bbox 1701 704 1767 740; x_wconf 91' lang='lat' dir='ltr'>illa</span> 
     </span>
     <span class='ocr_line' id='line_1_27' title="bbox 459 761 1767 809; baseline -0.001 -12"><span class='ocrx_word' id='word_1_93' title='bbox 459 774 539 797; x_wconf 90' lang='lat' dir='ltr'>non</span> <span class='ocrx_word' id='word_1_94' title='bbox 584 761 740 797; x_wconf 90' lang='lat' dir='ltr'>videtur</span> <span class='ocrx_word' id='word_1_95' title='bbox 786 761 881 797; x_wconf 91' lang='lat' dir='ltr'>mihi</span> <span class='ocrx_word' id='word_1_96' title='bbox 928 761 1122 797; x_wconf 87' lang='lat' dir='ltr'>fortitudo</span> <span class='ocrx_word' id='word_1_97' title='bbox 1176 761 1372 798; x_wconf 88' lang='lat' dir='ltr'>naturalis</span> <span class='ocrx_word' id='word_1_98' title='bbox 1425 761 1648 809; x_wconf 87' lang='lat' dir='ltr'>corporalis</span> <span class='ocrx_word' id='word_1_99' title='bbox 1700 771 1767 798; x_wconf 89' lang='lat' dir='ltr'>aut</span> 
     </span>
     <span class='ocr_line' id='line_1_28' title="bbox 459 819 1767 866; baseline 0.002 -13"><span class='ocrx_word' id='word_1_100' title='bbox 459 819 583 854; x_wconf 89' lang='lat' dir='ltr'>animi</span> <span class='ocrx_word' id='word_1_101' title='bbox 622 821 691 855; x_wconf 89' lang='lat' dir='ltr'>sed</span> <span class='ocrx_word' id='word_1_102' title='bbox 732 819 947 856; x_wconf 78' lang='lat' dir='ltr'>habitualis</span> <span class='ocrx_word' id='word_1_103' title='bbox 987 828 1054 855; x_wconf 89' lang='lat' dir='ltr'>aut</span> <span class='ocrx_word' id='word_1_104' title='bbox 1088 819 1253 855; x_wconf 86' lang='lat' dir='ltr'>moralis</span> <span class='ocrx_word' id='word_1_105' title='bbox 1287 819 1480 855; x_wconf 88' lang='lat' dir='ltr'>fortitudo</span> <span class='ocrx_word' id='word_1_106' title='bbox 1522 819 1685 866; x_wconf 87' lang='lat' dir='ltr'>spiritus</span> <span class='ocrx_word' id='word_1_107' title='bbox 1719 821 1767 855; x_wconf 86' lang='lat' dir='ltr'>ad</span> 
     </span>
     <span class='ocr_line' id='line_1_29' title="bbox 460 876 1825 924; baseline -0.001 -12"><span class='ocrx_word' id='word_1_108' title='bbox 460 885 691 913; x_wconf 90' lang='lat' dir='ltr'>constanter</span> <span class='ocrx_word' id='word_1_109' title='bbox 724 886 760 913; x_wconf 90' lang='lat' dir='ltr'>et</span> <span class='ocrx_word' id='word_1_110' title='bbox 795 877 974 913; x_wconf 80' lang='lat' dir='ltr'>hilariter</span> <span class='ocrx_word' id='word_1_111' title='bbox 1007 878 1278 924; x_wconf 82' lang='lat' dir='ltr'>operandum;</span> <span class='ocrx_word' id='word_1_112' title='bbox 1321 886 1357 913; x_wconf 90' lang='lat' dir='ltr'>et</span> <span class='ocrx_word' id='word_1_113' title='bbox 1390 876 1481 913; x_wconf 90' lang='lat' dir='ltr'>hinc</span> <span class='ocrx_word' id='word_1_114' title='bbox 1514 876 1658 913; x_wconf 88' lang='lat' dir='ltr'>dicitur</span> <span class='ocrx_word' id='word_1_115' title='bbox 1690 878 1767 913; x_wconf 91' lang='lat' dir='ltr'>for-</span> <span class='ocrx_word' id='word_1_116' title='bbox 1789 891 1825 911; x_wconf 90' lang='lat'>10</span> 
     </span>
     <span class='ocr_line' id='line_1_30' title="bbox 461 934 1767 982; baseline 0.001 -13"><span class='ocrx_word' id='word_1_117' title='bbox 461 934 590 970; x_wconf 86' lang='lat' dir='ltr'>titudo</span> <span class='ocrx_word' id='word_1_118' title='bbox 624 944 810 982; x_wconf 87' lang='lat' dir='ltr'>quartum</span> <span class='ocrx_word' id='word_1_119' title='bbox 846 936 994 971; x_wconf 89' lang='lat' dir='ltr'>donum</span> <span class='ocrx_word' id='word_1_120' title='bbox 1030 934 1201 982; x_wconf 80' lang='lat' dir='ltr'>Spiritus</span> <span class='ocrx_word' id='word_1_121' title='bbox 1226 935 1361 970; x_wconf 77' lang='lat' dir='ltr'>Sancti</span> <span class='ocrx_word' id='word_1_122' title='bbox 1397 934 1528 980; x_wconf 82' lang='lat' dir='ltr'>(Ysaie</span> <span class='ocrx_word' id='word_1_123' title='bbox 1552 936 1652 979; x_wconf 64' lang='lat' dir='ltr'>XIO).</span> <span class='ocrx_word' id='word_1_124' title='bbox 1687 938 1767 971; x_wconf 86' lang='lat' dir='ltr'>Nec</span> 
     </span>
     <span class='ocr_line' id='line_1_31' title="bbox 459 992 1765 1029; baseline 0 -2"><span class='ocrx_word' id='word_1_125' title='bbox 459 992 605 1028; x_wconf 78' lang='lat' dir='ltr'>sufficit</span> <span class='ocrx_word' id='word_1_126' title='bbox 649 992 828 1029; x_wconf 80' lang='lat' dir='ltr'>virtuoso</span> <span class='ocrx_word' id='word_1_127' title='bbox 874 994 1019 1028; x_wconf 83' lang='lat' dir='ltr'>habere</span> <span class='ocrx_word' id='word_1_128' title='bbox 1063 993 1183 1028; x_wconf 84' lang='lat' dir='ltr'>talem</span> <span class='ocrx_word' id='word_1_129' title='bbox 1232 992 1507 1028; x_wconf 89' lang='lat' dir='ltr'>fortitudinem</span> <span class='ocrx_word' id='word_1_130' title='bbox 1555 992 1630 1028; x_wconf 88' lang='lat' dir='ltr'>nisi</span> <span class='ocrx_word' id='word_1_131' title='bbox 1677 1006 1765 1028; x_wconf 91' lang='lat' dir='ltr'>cum</span> 
     </span>
     <span class='ocr_line' id='line_1_32' title="bbox 460 1050 1766 1098; baseline -0.001 -12"><span class='ocrx_word' id='word_1_132' title='bbox 460 1051 535 1086; x_wconf 86' lang='lat' dir='ltr'>hoc</span> <span class='ocrx_word' id='word_1_133' title='bbox 578 1050 761 1086; x_wconf 78' lang='lat' dir='ltr'>habuerit</span> <span class='ocrx_word' id='word_1_134' title='bbox 806 1052 1124 1098; x_wconf 85' lang='lat' dir='ltr'>temperanciam</span> <span class='ocrx_word' id='word_1_135' title='bbox 1172 1050 1448 1086; x_wconf 89' lang='lat' dir='ltr'>fortitudinem</span> <span class='ocrx_word' id='word_1_136' title='bbox 1496 1051 1766 1097; x_wconf 67' lang='lat' dir='ltr'>regulantemj,</span> 
     </span>
     <span class='ocr_line' id='line_1_33' title="bbox 459 1107 1767 1155; baseline -0.001 -11"><span class='ocrx_word' id='word_1_137' title='bbox 459 1107 560 1144; x_wconf 87' lang='lat' dir='ltr'>sicut</span> <span class='ocrx_word' id='word_1_138' title='bbox 606 1108 710 1144; x_wconf 87' lang='lat' dir='ltr'>enim</span> <span class='ocrx_word' id='word_1_139' title='bbox 759 1109 908 1144; x_wconf 85' lang='lat' dir='ltr'>habens</span> <span class='ocrx_word' id='word_1_140' title='bbox 954 1107 1231 1144; x_wconf 85' lang='lat' dir='ltr'>fortitudinem</span> <span class='ocrx_word' id='word_1_141' title='bbox 1285 1107 1464 1155; x_wconf 90' lang='lat' dir='ltr'>corporis</span> <span class='ocrx_word' id='word_1_142' title='bbox 1513 1109 1580 1143; x_wconf 87' lang='lat' dir='ltr'>sed</span> <span class='ocrx_word' id='word_1_143' title='bbox 1630 1120 1767 1144; x_wconf 82' lang='lat' dir='ltr'>carens</span> 
     </span>
     <span class='ocr_line' id='line_1_34' title="bbox 459 1165 1823 1214; baseline -0.001 -13"><span class='ocrx_word' id='word_1_144' title='bbox 459 1168 580 1202; x_wconf 85' lang='lat' dir='ltr'>modo</span> <span class='ocrx_word' id='word_1_145' title='bbox 603 1166 810 1214; x_wconf 82' lang='lat' dir='ltr'>operandi,</span> <span class='ocrx_word' id='word_1_146' title='bbox 835 1166 1109 1202; x_wconf 90' lang='lat' dir='ltr'>fortitudinem</span> <span class='ocrx_word' id='word_1_147' title='bbox 1135 1166 1243 1202; x_wconf 88' lang='lat' dir='ltr'>illam</span> <span class='ocrx_word' id='word_1_148' title='bbox 1269 1168 1489 1202; x_wconf 84' lang='lat' dir='ltr'>destrueret</span> <span class='ocrx_word' id='word_1_149' title='bbox 1512 1165 1613 1201; x_wconf 88' lang='lat' dir='ltr'>infra</span> <span class='ocrx_word' id='word_1_150' title='bbox 1638 1168 1766 1205; x_wconf 73' lang='lat' dir='ltr'>breve,</span> <span class='ocrx_word' id='word_1_151' title='bbox 1788 1169 1823 1200; x_wconf 79' lang='lat'>15</span> 
     </span>
     <span class='ocr_line' id='line_1_35' title="bbox 457 1217 1766 1271; baseline -0.002 -11"><span class='ocrx_word' id='word_1_152' title='bbox 457 1224 513 1260; x_wconf 83' lang='lat' dir='ltr'>sie</span> <span class='ocrx_word' id='word_1_153' title='bbox 553 1225 702 1260; x_wconf 88' lang='lat' dir='ltr'>habens</span> <span class='ocrx_word' id='word_1_154' title='bbox 741 1217 1018 1260; x_wconf 84' lang='lat' dir='ltr'>fortitudinem</span> <span class='ocrx_word' id='word_1_155' title='bbox 1061 1225 1253 1260; x_wconf 81' lang='lat' dir='ltr'>moralem</span> <span class='ocrx_word' id='word_1_156' title='bbox 1293 1223 1367 1259; x_wconf 87' lang='lat' dir='ltr'>nisi</span> <span class='ocrx_word' id='word_1_157' title='bbox 1402 1223 1583 1259; x_wconf 80' lang='lat' dir='ltr'>habuerit</span> <span class='ocrx_word' id='word_1_158' title='bbox 1616 1232 1766 1271; x_wconf 85' lang='lat' dir='ltr'>tempe-</span> 
     </span>
     <span class='ocr_line' id='line_1_36' title="bbox 457 1281 1767 1328; baseline -0.001 -10"><span class='ocrx_word' id='word_1_159' title='bbox 457 1282 634 1318; x_wconf 89' lang='lat' dir='ltr'>ranciam</span> <span class='ocrx_word' id='word_1_160' title='bbox 688 1282 878 1318; x_wconf 77' lang='lat' dir='ltr'>citissime</span> <span class='ocrx_word' id='word_1_161' title='bbox 926 1282 1113 1318; x_wconf 74' lang='lat' dir='ltr'>deviaret.</span> <span class='ocrx_word' id='word_1_162' title='bbox 1159 1284 1241 1317; x_wconf 88' lang='lat' dir='ltr'>Nec</span> <span class='ocrx_word' id='word_1_163' title='bbox 1281 1290 1338 1317; x_wconf 85' lang='lat' dir='ltr'>est</span> <span class='ocrx_word' id='word_1_164' title='bbox 1383 1282 1450 1317; x_wconf 89' lang='lat' dir='ltr'>illa</span> <span class='ocrx_word' id='word_1_165' title='bbox 1494 1281 1767 1328; x_wconf 84' lang='lat' dir='ltr'>temperancia</span> 
     </span>
     <span class='ocr_line' id='line_1_37' title="bbox 459 1338 1766 1386; baseline -0.001 -11"><span class='ocrx_word' id='word_1_166' title='bbox 459 1341 516 1381; x_wconf 75' lang='lat' dir='ltr'>(ut</span> <span class='ocrx_word' id='word_1_167' title='bbox 541 1340 639 1375; x_wconf 89' lang='lat' dir='ltr'>mihi</span> <span class='ocrx_word' id='word_1_168' title='bbox 662 1340 831 1383; x_wconf 84' lang='lat' dir='ltr'>videtur)</span> <span class='ocrx_word' id='word_1_169' title='bbox 858 1339 980 1375; x_wconf 80' lang='lat' dir='ltr'>virtus</span> <span class='ocrx_word' id='word_1_170' title='bbox 1013 1339 1197 1374; x_wconf 82' lang='lat' dir='ltr'>sumendi</span> <span class='ocrx_word' id='word_1_171' title='bbox 1232 1339 1395 1384; x_wconf 86' lang='lat' dir='ltr'>cibaria,</span> <span class='ocrx_word' id='word_1_172' title='bbox 1430 1341 1497 1374; x_wconf 87' lang='lat' dir='ltr'>sed</span> <span class='ocrx_word' id='word_1_173' title='bbox 1530 1338 1766 1386; x_wconf 79' lang='lat' dir='ltr'>generaliter</span> 
     </span>
     <span class='ocr_line' id='line_1_38' title="bbox 457 1396 1763 1445; baseline -0.001 -13"><span class='ocrx_word' id='word_1_174' title='bbox 457 1397 578 1433; x_wconf 82' lang='lat' dir='ltr'>virtus</span> <span class='ocrx_word' id='word_1_175' title='bbox 620 1397 851 1445; x_wconf 86' lang='lat' dir='ltr'>applicandi</span> <span class='ocrx_word' id='word_1_176' title='bbox 893 1396 1168 1433; x_wconf 83' lang='lat' dir='ltr'>fortitudinem</span> <span class='ocrx_word' id='word_1_177' title='bbox 1210 1397 1404 1432; x_wconf 78' lang='lat' dir='ltr'>moralem</span> <span class='ocrx_word' id='word_1_178' title='bbox 1445 1398 1491 1432; x_wconf 88' lang='lat' dir='ltr'>ad</span> <span class='ocrx_word' id='word_1_179' title='bbox 1533 1409 1633 1443; x_wconf 90' lang='lat' dir='ltr'>opus</span> <span class='ocrx_word' id='word_1_180' title='bbox 1675 1409 1763 1432; x_wconf 89' lang='lat' dir='ltr'>cum</span> 
     </span>
     <span class='ocr_line' id='line_1_39' title="bbox 458 1454 1825 1502; baseline 0 -13"><span class='ocrx_word' id='word_1_181' title='bbox 458 1455 599 1491; x_wconf 84' lang='lat' dir='ltr'>morali</span> <span class='ocrx_word' id='word_1_182' title='bbox 624 1455 832 1491; x_wconf 88' lang='lat' dir='ltr'>modestia.</span> <span class='ocrx_word' id='word_1_183' title='bbox 860 1457 904 1490; x_wconf 70' lang='lat' dir='ltr'>Et</span> <span class='ocrx_word' id='word_1_184' title='bbox 930 1463 1036 1502; x_wconf 83' lang='lat' dir='ltr'>patet</span> <span class='ocrx_word' id='word_1_185' title='bbox 1060 1455 1166 1502; x_wconf 89' lang='lat' dir='ltr'>quod</span> <span class='ocrx_word' id='word_1_186' title='bbox 1186 1454 1414 1502; x_wconf 81' lang='lat' dir='ltr'>quicunque</span> <span class='ocrx_word' id='word_1_187' title='bbox 1439 1454 1621 1490; x_wconf 81' lang='lat' dir='ltr'>habuerit</span> <span class='ocrx_word' id='word_1_188' title='bbox 1646 1467 1764 1490; x_wconf 88' lang='lat' dir='ltr'>unam</span> <span class='ocrx_word' id='word_1_189' title='bbox 1785 1466 1825 1485; x_wconf 83' lang='lat'>20</span> 
     </span>
     <span class='ocr_line' id='line_1_40' title="bbox 454 1512 1766 1561; baseline -0.001 -14"><span class='ocrx_word' id='word_1_190' title='bbox 454 1513 612 1548; x_wconf 85' lang='lat' dir='ltr'>illarum</span> <span class='ocrx_word' id='word_1_191' title='bbox 648 1522 833 1561; x_wconf 87' lang='lat' dir='ltr'>quatuor,</span> <span class='ocrx_word' id='word_1_192' title='bbox 876 1514 992 1548; x_wconf 87' lang='lat' dir='ltr'>habet</span> <span class='ocrx_word' id='word_1_193' title='bbox 1027 1512 1260 1560; x_wconf 76' lang='lat' dir='ltr'>quamlibet,</span> <span class='ocrx_word' id='word_1_194' title='bbox 1295 1525 1384 1548; x_wconf 88' lang='lat' dir='ltr'>cum</span> <span class='ocrx_word' id='word_1_195' title='bbox 1426 1512 1651 1548; x_wconf 83' lang='lat' dir='ltr'>necessario</span> <span class='ocrx_word' id='word_1_196' title='bbox 1691 1512 1766 1547; x_wconf 87' lang='lat' dir='ltr'>sint</span> 
     </span>
     <span class='ocr_line' id='line_1_41' title="bbox 456 1569 1766 1617; baseline -0.002 -11"><span class='ocrx_word' id='word_1_197' title='bbox 456 1583 643 1607; x_wconf 80' lang='lat' dir='ltr'>connexe.</span> <span class='ocrx_word' id='word_1_198' title='bbox 670 1570 939 1607; x_wconf 82' lang='lat' dir='ltr'>Dilataciones</span> <span class='ocrx_word' id='word_1_199' title='bbox 963 1579 1095 1606; x_wconf 92' lang='lat' dir='ltr'>autem</span> <span class='ocrx_word' id='word_1_200' title='bbox 1122 1569 1225 1605; x_wconf 88' lang='lat' dir='ltr'>illius</span> <span class='ocrx_word' id='word_1_201' title='bbox 1250 1570 1413 1606; x_wconf 86' lang='lat' dir='ltr'>materie</span> <span class='ocrx_word' id='word_1_202' title='bbox 1439 1578 1475 1605; x_wconf 85' lang='lat' dir='ltr'>et</span> <span class='ocrx_word' id='word_1_203' title='bbox 1500 1569 1766 1617; x_wconf 69' lang='lat' dir='ltr'>proprietates</span> 
     </span>
     <span class='ocr_line' id='line_1_42' title="bbox 457 1626 1765 1676; baseline -0.001 -13"><span class='ocrx_word' id='word_1_204' title='bbox 457 1628 570 1664; x_wconf 88' lang='lat' dir='ltr'>huius</span> <span class='ocrx_word' id='word_1_205' title='bbox 610 1628 765 1665; x_wconf 81' lang='lat' dir='ltr'>virtutis</span> <span class='ocrx_word' id='word_1_206' title='bbox 805 1628 1079 1676; x_wconf 81' lang='lat' dir='ltr'>quadruplicis</span> <span class='ocrx_word' id='word_1_207' title='bbox 1118 1627 1301 1675; x_wconf 86' lang='lat' dir='ltr'>relinquo</span> <span class='ocrx_word' id='word_1_208' title='bbox 1341 1627 1428 1663; x_wconf 86' lang='lat' dir='ltr'>aliis</span> <span class='ocrx_word' id='word_1_209' title='bbox 1467 1626 1765 1674; x_wconf 84' lang='lat' dir='ltr'>applicandum.</span> 
     </span>
    </p>

    <p class='ocr_par' dir='ltr' id='par_1_13' title="bbox 456 1684 1823 2253">
     <span class='ocr_line' id='line_1_43' title="bbox 513 1684 1765 1734; baseline -0.002 -12"><span class='ocrx_word' id='word_1_210' title='bbox 513 1689 612 1722; x_wconf 88' lang='lat' dir='ltr'>Cum</span> <span class='ocrx_word' id='word_1_211' title='bbox 637 1699 731 1734; x_wconf 73' lang='lat' dir='ltr'>ergo</span> <span class='ocrx_word' id='word_1_212' title='bbox 755 1699 893 1722; x_wconf 84' lang='lat' dir='ltr'>omnes</span> <span class='ocrx_word' id='word_1_213' title='bbox 917 1686 1082 1722; x_wconf 87' lang='lat' dir='ltr'>virtutes</span> <span class='ocrx_word' id='word_1_214' title='bbox 1105 1695 1194 1721; x_wconf 90' lang='lat' dir='ltr'>sunt</span> <span class='ocrx_word' id='word_1_215' title='bbox 1228 1698 1415 1729; x_wconf 79' lang='lat' dir='ltr'>connexe,</span> <span class='ocrx_word' id='word_1_216' title='bbox 1449 1685 1551 1721; x_wconf 90' lang='lat' dir='ltr'>sicut</span> <span class='ocrx_word' id='word_1_217' title='bbox 1584 1694 1619 1720; x_wconf 88' lang='lat' dir='ltr'>et</span> <span class='ocrx_word' id='word_1_218' title='bbox 1652 1684 1765 1728; x_wconf 66' lang='lat' dir='ltr'>vicia,</span> 
     </span>
     <span class='ocr_line' id='line_1_44' title="bbox 456 1742 1823 1792; baseline -0.004 -12"><span class='ocrx_word' id='word_1_219' title='bbox 456 1753 564 1792; x_wconf 86' lang='lat' dir='ltr'>patet</span> <span class='ocrx_word' id='word_1_220' title='bbox 605 1746 710 1792; x_wconf 88' lang='lat' dir='ltr'>quod</span> <span class='ocrx_word' id='word_1_221' title='bbox 756 1757 861 1780; x_wconf 90' lang='lat' dir='ltr'>nunc</span> <span class='ocrx_word' id='word_1_222' title='bbox 899 1752 1066 1791; x_wconf 82' lang='lat' dir='ltr'>possunt</span> <span class='ocrx_word' id='word_1_223' title='bbox 1104 1743 1269 1790; x_wconf 68' lang='lat' dir='ltr'>intelligi</span> <span class='ocrx_word' id='word_1_224' title='bbox 1309 1756 1379 1791; x_wconf 83' lang='lat' dir='ltr'>per</span> <span class='ocrx_word' id='word_1_225' title='bbox 1420 1755 1539 1778; x_wconf 89' lang='lat' dir='ltr'>unam</span> <span class='ocrx_word' id='word_1_226' title='bbox 1580 1742 1764 1778; x_wconf 85' lang='lat' dir='ltr'>virtutem</span> <span class='ocrx_word' id='word_1_227' title='bbox 1785 1745 1823 1774; x_wconf 73' lang='lat'>25</span> 
     </span>
     <span class='ocr_line' id='line_1_45' title="bbox 456 1799 1764 1850; baseline -0.002 -12"><span class='ocrx_word' id='word_1_228' title='bbox 456 1811 491 1838; x_wconf 84' lang='lat' dir='ltr'>et</span> <span class='ocrx_word' id='word_1_229' title='bbox 525 1815 629 1838; x_wconf 90' lang='lat' dir='ltr'>nunc</span> <span class='ocrx_word' id='word_1_230' title='bbox 663 1815 732 1850; x_wconf 86' lang='lat' dir='ltr'>per</span> <span class='ocrx_word' id='word_1_231' title='bbox 765 1804 862 1838; x_wconf 89' lang='lat' dir='ltr'>duas</span> <span class='ocrx_word' id='word_1_232' title='bbox 894 1802 954 1837; x_wconf 87' lang='lat' dir='ltr'>vel</span> <span class='ocrx_word' id='word_1_233' title='bbox 988 1810 1187 1849; x_wconf 82' lang='lat' dir='ltr'>quotquot</span> <span class='ocrx_word' id='word_1_234' title='bbox 1211 1802 1332 1837; x_wconf 87' lang='lat' dir='ltr'>homo</span> <span class='ocrx_word' id='word_1_235' title='bbox 1356 1799 1524 1837; x_wconf 87' lang='lat' dir='ltr'>voluerit</span> <span class='ocrx_word' id='word_1_236' title='bbox 1547 1802 1764 1836; x_wconf 82' lang='lat' dir='ltr'>secundum</span> 
     </span>
     <span class='ocr_line' id='line_1_46' title="bbox 456 1857 1766 1907; baseline -0.003 -11"><span class='ocrx_word' id='word_1_237' title='bbox 456 1860 745 1907; x_wconf 85' lang='lat' dir='ltr'>pertinenciam</span> <span class='ocrx_word' id='word_1_238' title='bbox 780 1861 829 1896; x_wconf 88' lang='lat' dir='ltr'>ad</span> <span class='ocrx_word' id='word_1_239' title='bbox 863 1860 1119 1895; x_wconf 88' lang='lat' dir='ltr'>hortandum.</span> <span class='ocrx_word' id='word_1_240' title='bbox 1165 1860 1225 1894; x_wconf 85' lang='lat' dir='ltr'>Ad</span> <span class='ocrx_word' id='word_1_241' title='bbox 1260 1860 1333 1894; x_wconf 88' lang='lat' dir='ltr'>hoc</span> <span class='ocrx_word' id='word_1_242' title='bbox 1367 1858 1469 1894; x_wconf 88' lang='lat' dir='ltr'>enim</span> <span class='ocrx_word' id='word_1_243' title='bbox 1504 1858 1606 1893; x_wconf 88' lang='lat' dir='ltr'>valet</span> <span class='ocrx_word' id='word_1_244' title='bbox 1639 1857 1766 1906; x_wconf 89' lang='lat' dir='ltr'>appli-</span> 
     </span>
     <span class='ocr_line' id='line_1_47' title="bbox 457 1915 1766 1965; baseline -0.002 -12"><span class='ocrx_word' id='word_1_245' title='bbox 457 1917 567 1953; x_wconf 85' lang='lat' dir='ltr'>cacio</span> <span class='ocrx_word' id='word_1_246' title='bbox 601 1917 824 1965; x_wconf 81' lang='lat' dir='ltr'>specierum</span> <span class='ocrx_word' id='word_1_247' title='bbox 857 1917 1026 1961; x_wconf 86' lang='lat' dir='ltr'>virtutis,</span> <span class='ocrx_word' id='word_1_248' title='bbox 1060 1925 1102 1952; x_wconf 89' lang='lat' dir='ltr'>ut</span> <span class='ocrx_word' id='word_1_249' title='bbox 1131 1916 1220 1952; x_wconf 89' lang='lat' dir='ltr'>talis</span> <span class='ocrx_word' id='word_1_250' title='bbox 1244 1916 1366 1952; x_wconf 86' lang='lat' dir='ltr'>virtus</span> <span class='ocrx_word' id='word_1_251' title='bbox 1392 1915 1623 1951; x_wconf 88' lang='lat' dir='ltr'>distinccius</span> <span class='ocrx_word' id='word_1_252' title='bbox 1647 1924 1766 1963; x_wconf 86' lang='lat' dir='ltr'>atque</span> 
     </span>
     <span class='ocr_line' id='line_1_48' title="bbox 456 1972 1766 2022; baseline -0.003 -11"><span class='ocrx_word' id='word_1_253' title='bbox 456 1975 652 2011; x_wconf 91' lang='lat' dir='ltr'>intencius</span> <span class='ocrx_word' id='word_1_254' title='bbox 686 1976 892 2011; x_wconf 79' lang='lat' dir='ltr'>habeatur.</span> <span class='ocrx_word' id='word_1_255' title='bbox 939 1976 979 2010; x_wconf 92' lang='lat' dir='ltr'>In</span> <span class='ocrx_word' id='word_1_256' title='bbox 1013 1976 1088 2010; x_wconf 87' lang='lat' dir='ltr'>hoc</span> <span class='ocrx_word' id='word_1_257' title='bbox 1120 1983 1252 2010; x_wconf 87' lang='lat' dir='ltr'>autem</span> <span class='ocrx_word' id='word_1_258' title='bbox 1287 1982 1417 2022; x_wconf 88' lang='lat' dir='ltr'>potest</span> <span class='ocrx_word' id='word_1_259' title='bbox 1457 1974 1578 2009; x_wconf 90' lang='lat' dir='ltr'>homo</span> <span class='ocrx_word' id='word_1_260' title='bbox 1615 1972 1654 2008; x_wconf 90' lang='lat' dir='ltr'>in</span> <span class='ocrx_word' id='word_1_261' title='bbox 1690 1985 1766 2008; x_wconf 92' lang='lat' dir='ltr'>una</span> 
     </span>
     <span class='ocr_line' id='line_1_49' title="bbox 457 2030 1823 2080; baseline -0.002 -12"><span class='ocrx_word' id='word_1_262' title='bbox 457 2032 601 2069; x_wconf 84' lang='lat' dir='ltr'>virtute</span> <span class='ocrx_word' id='word_1_263' title='bbox 624 2033 746 2069; x_wconf 89' lang='lat' dir='ltr'>alium</span> <span class='ocrx_word' id='word_1_264' title='bbox 770 2033 830 2069; x_wconf 90' lang='lat' dir='ltr'>vel</span> <span class='ocrx_word' id='word_1_265' title='bbox 854 2045 893 2068; x_wconf 86' lang='lat' dir='ltr'>se</span> <span class='ocrx_word' id='word_1_266' title='bbox 920 2032 1051 2080; x_wconf 89' lang='lat' dir='ltr'>ipsum</span> <span class='ocrx_word' id='word_1_267' title='bbox 1086 2032 1288 2076; x_wconf 81' lang='lat' dir='ltr'>excellere,</span> <span class='ocrx_word' id='word_1_268' title='bbox 1324 2044 1412 2067; x_wconf 91' lang='lat' dir='ltr'>cum</span> <span class='ocrx_word' id='word_1_269' title='bbox 1447 2031 1569 2067; x_wconf 88' lang='lat' dir='ltr'>multe</span> <span class='ocrx_word' id='word_1_270' title='bbox 1602 2030 1765 2066; x_wconf 86' lang='lat' dir='ltr'>virtutes</span> <span class='ocrx_word' id='word_1_271' title='bbox 1782 2033 1823 2064; x_wconf 77' lang='lat'>30</span> 
     </span>
     <span class='ocr_line' id='line_1_50' title="bbox 458 2088 1766 2137; baseline -0.002 -11"><span class='ocrx_word' id='word_1_272' title='bbox 458 2092 655 2126; x_wconf 80' lang='lat' dir='ltr'>habentur</span> <span class='ocrx_word' id='word_1_273' title='bbox 678 2092 727 2126; x_wconf 88' lang='lat' dir='ltr'>ad</span> <span class='ocrx_word' id='word_1_274' title='bbox 751 2090 928 2137; x_wconf 80' lang='lat' dir='ltr'>graciam</span> <span class='ocrx_word' id='word_1_275' title='bbox 951 2091 1010 2126; x_wconf 87' lang='lat' dir='ltr'>vel</span> <span class='ocrx_word' id='word_1_276' title='bbox 1035 2088 1243 2125; x_wconf 87' lang='lat' dir='ltr'>caritatem</span> <span class='ocrx_word' id='word_1_277' title='bbox 1266 2090 1334 2125; x_wconf 86' lang='lat' dir='ltr'>sed</span> <span class='ocrx_word' id='word_1_278' title='bbox 1359 2088 1397 2124; x_wconf 92' lang='lat' dir='ltr'>in</span> <span class='ocrx_word' id='word_1_279' title='bbox 1430 2088 1628 2136; x_wconf 85' lang='lat' dir='ltr'>potencia,</span> <span class='ocrx_word' id='word_1_280' title='bbox 1662 2089 1766 2123; x_wconf 91' lang='lat' dir='ltr'>unde</span> 
     </span>
     <span class='ocr_line' id='line_1_51' title="bbox 457 2147 1766 2195; baseline -0.002 -11"><span class='ocrx_word' id='word_1_281' title='bbox 457 2148 674 2195; x_wconf 82' lang='lat' dir='ltr'>Apostolus</span> <span class='ocrx_word' id='word_1_282' title='bbox 719 2147 814 2184; x_wconf 89' lang='lat' dir='ltr'>dicit</span> <span class='ocrx_word' id='word_1_283' title='bbox 857 2148 964 2195; x_wconf 87' lang='lat' dir='ltr'>quod</span> <span class='ocrx_word' id='word_1_284' title='bbox 1003 2160 1123 2182; x_wconf 78' lang='lat' dir='ltr'>novus</span> <span class='ocrx_word' id='word_1_285' title='bbox 1161 2147 1273 2182; x_wconf 81' lang='lat' dir='ltr'>homo</span> <span class='ocrx_word' id='word_1_286' title='bbox 1312 2154 1466 2182; x_wconf 74' lang='lat' dir='ltr'>creatus</span> <span class='ocrx_word' id='word_1_287' title='bbox 1509 2159 1530 2182; x_wconf 91' lang='lat' dir='ltr'>a</span> <span class='ocrx_word' id='word_1_288' title='bbox 1570 2148 1652 2182; x_wconf 90' lang='lat' dir='ltr'>Deo</span> <span class='ocrx_word' id='word_1_289' title='bbox 1697 2158 1766 2193; x_wconf 88' lang='lat' dir='ltr'>per</span> 
     </span>
     <span class='ocr_line' id='line_1_52' title="bbox 458 2204 1672 2253; baseline -0.003 -11"><span class='ocrx_word' id='word_1_290' title='bbox 458 2205 634 2253; x_wconf 77' lang='lat' dir='ltr'>graciam</span> <span class='ocrx_word' id='word_1_291' title='bbox 669 2205 906 2253; x_wconf 85' lang='lat' dir='ltr'>producitur</span> <span class='ocrx_word' id='word_1_292' title='bbox 939 2205 974 2240; x_wconf 84' lang='lat' dir='ltr'>in</span> <span class='ocrx_word' id='word_1_293' title='bbox 1008 2205 1155 2240; x_wconf 73' lang='lat' dir='ltr'>iusticia</span> <span class='ocrx_word' id='word_1_294' title='bbox 1189 2212 1223 2240; x_wconf 83' lang='lat' dir='ltr'>et</span> <span class='ocrx_word' id='word_1_295' title='bbox 1254 2205 1456 2240; x_wconf 76' lang='lat' dir='ltr'>sanctitate</span> <span class='ocrx_word' id='word_1_296' title='bbox 1488 2204 1672 2239; x_wconf 68' lang='lat' dir='ltr'>veritatis.</span> 
     </span>
    </p>

    <p class='ocr_par' dir='ltr' id='par_1_14' title="bbox 459 2260 1822 2713">
     <span class='ocr_line' id='line_1_53' title="bbox 515 2260 1765 2310; baseline -0.002 -11"><span class='ocrx_word' id='word_1_297' title='bbox 515 2265 563 2299; x_wconf 85' lang='lat' dir='ltr'>Et</span> <span class='ocrx_word' id='word_1_298' title='bbox 602 2263 693 2299; x_wconf 89' lang='lat' dir='ltr'>hinc</span> <span class='ocrx_word' id='word_1_299' title='bbox 733 2263 869 2299; x_wconf 88' lang='lat' dir='ltr'>dicunt</span> <span class='ocrx_word' id='word_1_300' title='bbox 908 2262 1138 2310; x_wconf 82' lang='lat' dir='ltr'>philosophi</span> <span class='ocrx_word' id='word_1_301' title='bbox 1182 2264 1289 2310; x_wconf 89' lang='lat' dir='ltr'>quod</span> <span class='ocrx_word' id='word_1_302' title='bbox 1329 2261 1487 2297; x_wconf 86' lang='lat' dir='ltr'>iusticia</span> <span class='ocrx_word' id='word_1_303' title='bbox 1534 2270 1590 2297; x_wconf 91' lang='lat' dir='ltr'>est</span> <span class='ocrx_word' id='word_1_304' title='bbox 1635 2260 1765 2297; x_wconf 89' lang='lat' dir='ltr'>omnis</span> 
     </span>
     <span class='ocr_line' id='line_1_54' title="bbox 459 2318 1821 2369; baseline -0.004 -12"><span class='ocrx_word' id='word_1_305' title='bbox 459 2321 594 2363; x_wconf 78' lang='lat' dir='ltr'>virtus,</span> <span class='ocrx_word' id='word_1_306' title='bbox 635 2320 729 2369; x_wconf 88' lang='lat' dir='ltr'>quia</span> <span class='ocrx_word' id='word_1_307' title='bbox 767 2322 937 2356; x_wconf 87' lang='lat' dir='ltr'>reddens</span> <span class='ocrx_word' id='word_1_308' title='bbox 977 2319 1192 2368; x_wconf 85' lang='lat' dir='ltr'>unicuique</span> <span class='ocrx_word' id='word_1_309' title='bbox 1231 2319 1305 2355; x_wconf 85' lang='lat' dir='ltr'>sibi</span> <span class='ocrx_word' id='word_1_310' title='bbox 1345 2318 1537 2362; x_wconf 86' lang='lat' dir='ltr'>debitum,</span> <span class='ocrx_word' id='word_1_311' title='bbox 1571 2327 1764 2366; x_wconf 88' lang='lat' dir='ltr'>quantum</span> <span class='ocrx_word' id='word_1_312' title='bbox 1783 2321 1821 2352; x_wconf 68' lang='lat'>35</span> 
     </span>
     <span class='ocr_line' id='line_1_55' title="bbox 460 2375 1766 2426; baseline -0.002 -12"><span class='ocrx_word' id='word_1_313' title='bbox 460 2387 517 2414; x_wconf 88' lang='lat' dir='ltr'>est</span> <span class='ocrx_word' id='word_1_314' title='bbox 573 2378 612 2414; x_wconf 91' lang='lat' dir='ltr'>in</span> <span class='ocrx_word' id='word_1_315' title='bbox 665 2387 863 2426; x_wconf 85' lang='lat' dir='ltr'>potestate</span> <span class='ocrx_word' id='word_1_316' title='bbox 920 2377 1107 2422; x_wconf 81' lang='lat' dir='ltr'>hominis,</span> <span class='ocrx_word' id='word_1_317' title='bbox 1159 2377 1252 2413; x_wconf 88' lang='lat' dir='ltr'>facit</span> <span class='ocrx_word' id='word_1_318' title='bbox 1302 2376 1406 2413; x_wconf 89' lang='lat' dir='ltr'>enim</span> <span class='ocrx_word' id='word_1_319' title='bbox 1461 2375 1766 2424; x_wconf 88' lang='lat' dir='ltr'>quomodolibet</span> 
     </span>
     <span class='ocr_line' id='line_1_56' title="bbox 459 2434 1765 2482; baseline -0.002 -10"><span class='ocrx_word' id='word_1_320' title='bbox 459 2436 704 2481; x_wconf 78' lang='lat' dir='ltr'>virtuosum3</span> <span class='ocrx_word' id='word_1_321' title='bbox 744 2445 781 2472; x_wconf 91' lang='lat' dir='ltr'>et</span> <span class='ocrx_word' id='word_1_322' title='bbox 820 2435 876 2472; x_wconf 86' lang='lat' dir='ltr'>sic</span> <span class='ocrx_word' id='word_1_323' title='bbox 914 2435 1216 2482; x_wconf 80' lang='lat' dir='ltr'>intelligendum</span> <span class='ocrx_word' id='word_1_324' title='bbox 1258 2444 1315 2470; x_wconf 87' lang='lat' dir='ltr'>est</span> <span class='ocrx_word' id='word_1_325' title='bbox 1355 2436 1402 2470; x_wconf 89' lang='lat' dir='ltr'>de</span> <span class='ocrx_word' id='word_1_326' title='bbox 1444 2434 1655 2470; x_wconf 88' lang='lat' dir='ltr'>sanctitate</span> <span class='ocrx_word' id='word_1_327' title='bbox 1689 2446 1765 2481; x_wconf 90' lang='lat' dir='ltr'>que</span> 
     </span>
     <span class='ocr_line' id='line_1_57' title="bbox 461 2491 1764 2530; baseline -0.002 -1"><span class='ocrx_word' id='word_1_328' title='bbox 461 2503 517 2530; x_wconf 89' lang='lat' dir='ltr'>est</span> <span class='ocrx_word' id='word_1_329' title='bbox 563 2493 731 2529; x_wconf 83' lang='lat' dir='ltr'>firmitas</span> <span class='ocrx_word' id='word_1_330' title='bbox 777 2493 1005 2529; x_wconf 85' lang='lat' dir='ltr'>declinandi</span> <span class='ocrx_word' id='word_1_331' title='bbox 1056 2505 1077 2528; x_wconf 94' lang='lat' dir='ltr'>a</span> <span class='ocrx_word' id='word_1_332' title='bbox 1127 2492 1241 2529; x_wconf 88' lang='lat' dir='ltr'>malis</span> <span class='ocrx_word' id='word_1_333' title='bbox 1293 2501 1330 2528; x_wconf 90' lang='lat' dir='ltr'>et</span> <span class='ocrx_word' id='word_1_334' title='bbox 1381 2491 1599 2528; x_wconf 89' lang='lat' dir='ltr'>adherendi</span> <span class='ocrx_word' id='word_1_335' title='bbox 1652 2491 1764 2526; x_wconf 89' lang='lat' dir='ltr'>bonis</span> 
     </span>
     <span class='ocr_line' id='line_1_58' title="bbox 460 2548 1764 2598; baseline -0.003 -11"><span class='ocrx_word' id='word_1_336' title='bbox 460 2564 539 2587; x_wconf 91' lang='lat' dir='ltr'>non</span> <span class='ocrx_word' id='word_1_337' title='bbox 579 2552 708 2587; x_wconf 87' lang='lat' dir='ltr'>solum</span> <span class='ocrx_word' id='word_1_338' title='bbox 749 2552 881 2598; x_wconf 86' lang='lat' dir='ltr'>quoad</span> <span class='ocrx_word' id='word_1_339' title='bbox 929 2552 1149 2586; x_wconf 87' lang='lat' dir='ltr'>humanum</span> <span class='ocrx_word' id='word_1_340' title='bbox 1197 2550 1389 2586; x_wconf 88' lang='lat' dir='ltr'>iudicium</span> <span class='ocrx_word' id='word_1_341' title='bbox 1431 2551 1499 2585; x_wconf 89' lang='lat' dir='ltr'>sed</span> <span class='ocrx_word' id='word_1_342' title='bbox 1539 2548 1764 2595; x_wconf 87' lang='lat' dir='ltr'>specialiter</span> 
     </span>
     <span class='ocr_line' id='line_1_59' title="bbox 459 2605 1822 2656; baseline -0.003 -12"><span class='ocrx_word' id='word_1_343' title='bbox 459 2610 592 2656; x_wconf 88' lang='lat' dir='ltr'>quoad</span> <span class='ocrx_word' id='word_1_344' title='bbox 652 2608 861 2644; x_wconf 84' lang='lat' dir='ltr'>arbitrium</span> <span class='ocrx_word' id='word_1_345' title='bbox 921 2608 1112 2644; x_wconf 85' lang='lat' dir='ltr'>veritatis.</span> <span class='ocrx_word' id='word_1_346' title='bbox 1179 2609 1295 2652; x_wconf 84' lang='lat' dir='ltr'>Quod</span> <span class='ocrx_word' id='word_1_347' title='bbox 1348 2616 1480 2643; x_wconf 89' lang='lat' dir='ltr'>autem</span> <span class='ocrx_word' id='word_1_348' title='bbox 1534 2605 1763 2654; x_wconf 89' lang='lat' dir='ltr'>philosophi</span> <span class='ocrx_word' id='word_1_349' title='bbox 1778 2619 1822 2649; x_wconf 82' lang='lat'>40</span> 
     </span>
     <span class='ocr_line' id='line_1_60' title="bbox 459 2663 1763 2713; baseline -0.002 -12"><span class='ocrx_word' id='word_1_350' title='bbox 459 2666 707 2713; x_wconf 81' lang='lat' dir='ltr'>distinguunt</span> <span class='ocrx_word' id='word_1_351' title='bbox 747 2667 794 2701; x_wconf 89' lang='lat' dir='ltr'>de</span> <span class='ocrx_word' id='word_1_352' title='bbox 827 2665 984 2702; x_wconf 89' lang='lat' dir='ltr'>iusticia</span> <span class='ocrx_word' id='word_1_353' title='bbox 1018 2665 1271 2701; x_wconf 82' lang='lat' dir='ltr'>distributiva</span> <span class='ocrx_word' id='word_1_354' title='bbox 1311 2673 1346 2701; x_wconf 90' lang='lat' dir='ltr'>et</span> <span class='ocrx_word' id='word_1_355' title='bbox 1383 2663 1669 2700; x_wconf 87' lang='lat' dir='ltr'>commutativa</span> <span class='ocrx_word' id='word_1_356' title='bbox 1705 2665 1763 2710; x_wconf 82' lang='lat' dir='ltr'>(ut</span> 
     </span>
    </p>
   </div>
   <div class='ocr_carea' id='block_1_8' title="bbox 531 2852 1762 2898">
    <p class='ocr_par' dir='ltr' id='par_1_15' title="bbox 531 2852 1762 2898">
     <span class='ocr_line' id='line_1_61' title="bbox 531 2852 1762 2898; baseline -0.003 -10"><span class='ocrx_word' id='word_1_357' title='bbox 531 2868 556 2888; x_wconf 96' lang='lat'>1.</span> <span class='ocrx_word' id='word_1_358' title='bbox 577 2856 626 2889; x_wconf 89' lang='lat' dir='ltr'>Cf.</span> <span class='ocrx_word' id='word_1_359' title='bbox 643 2856 860 2898; x_wconf 80' lang='lat' dir='ltr'>Trialogum,</span> <span class='ocrx_word' id='word_1_360' title='bbox 880 2866 946 2898; x_wconf 79' lang='lat' dir='ltr'>pag</span> <span class='ocrx_word' id='word_1_361' title='bbox 978 2855 1050 2888; x_wconf 83' lang='lat'>132.</span> <span class='ocrx_word' id='word_1_362' title='bbox 1134 2866 1182 2886; x_wconf 90' lang='lat'>11.</span> <span class='ocrx_word' id='word_1_363' title='bbox 1202 2855 1244 2886; x_wconf 85' lang='lat' dir='ltr'>Is.</span> <span class='ocrx_word' id='word_1_364' title='bbox 1263 2855 1320 2894; x_wconf 81' lang='lat' dir='ltr'>XI,</span> <span class='ocrx_word' id='word_1_365' title='bbox 1342 2865 1370 2886; x_wconf 88' lang='lat'>2.</span> <span class='ocrx_word' id='word_1_366' title='bbox 1453 2854 1505 2886; x_wconf 83' lang='lat'>32.</span> <span class='ocrx_word' id='word_1_367' title='bbox 1524 2852 1762 2896; x_wconf 79' lang='lat' dir='ltr'>Eph.1V‚24.</span> 
     </span>
    </p>
   </div>
  </div>
 </body>
</html>
