1944 3323
159 259 295 288 sumno
317 250 457 307 uvir]
644 264 823 296 TERTlA
852 266 973 296 vARs.
1684 272 1765 306 407

158 371 198 407 Si
238 372 331 407 data
371 379 472 407 esset
510 371 570 406 lex
608 371 786 408 Mosaica
819 385 896 421 que
937 385 981 409 ex
1019 385 1060 409 se
1100 382 1235 421 posset
1274 373 1476 411 vivificare

156 428 433 477 spiritualiter,
468 441 558 465 vere
592 441 635 466 ex
668 429 735 466 illa
770 430 853 478 lege
878 430 978 467 foret
1003 430 1160 468 iusticia
1184 432 1251 467 sed
1275 431 1476 479 scriptura

157 487 254 535 legis
292 487 469 524 Mosaice
509 487 706 524 conclusit
753 498 963 536 peccatum
1010 490 1382 537 superhabundare,
1429 503 1475 527 eo

157 547 265 594 quod
298 547 478 582 nondum
513 554 597 582 erat
629 546 857 584 satisfaccio
893 560 967 595 pro
1001 557 1182 595 peccato,
1217 557 1254 584 et
1287 560 1358 596 per
1381 561 1475 585 con-

125 607 330 653 5sequens
362 616 502 640 omnes
535 612 630 641 tune
662 604 814 642 viantes
848 615 1057 654 tamquam
1090 606 1273 655 oppressi
1307 606 1476 644 crimine

158 662 429 699 militaverant
462 663 534 698 sub
568 672 749 710 peccato.

212 720 357 757 Tereia
390 720 500 757 racio
534 733 611 770 que
645 730 702 757 est
728 731 835 759 extra
861 722 1073 771 epistolam
1099 731 1177 759 stat
1200 722 1240 758 in
1264 722 1341 759 isto
1366 725 1475 771 quod
1519 727 1726 767 ⁴Thirdlyjahe

156 778 391 828 priusquam
420 778 571 816 veniret
601 779 698 816 fides
723 780 884 826 Christi,
921 780 1120 829 disposuit
1149 781 1210 817 lex
1232 793 1304 829 per
1328 781 1474 829 figuras
1509 764 1742 826 ”iiilieivgiesszic

156 838 274 874 rudes
309 846 346 874 et
379 846 555 874 remotas
589 839 639 874 ad
675 838 792 875 fidem
820 838 968 876 Christi
1003 840 1247 876 credendam
1282 848 1318 875 et
1352 839 1475 876 susci·
1525 832 1659 896 tmifllij'ffi
1681 834 1728 861 sor

101 909 140 931 10
155 896 360 944 piendam.
396 897 512 933 Unde
544 898 578 932 Ia
607 897 700 933 Cor.
734 898 801 943 XO,
834 911 872 933 11
921 897 1063 934 Omnia
1097 897 1132 933 in
1153 898 1297 947 figura
1330 898 1474 934 contin-
1664 890 1669 895 ’

152 955 296 1005 gebun!
327 955 415 991 illis.
449 956 498 990 Et
530 953 586 991 sic
620 956 808 992 conclusa
842 964 899 992 est
932 955 1150 992 multitudo
1174 955 1354 992 fidelium
1377 969 1476 1005 quo-

155 1014 378 1049 dammodo
411 1021 550 1050 coacte
582 1012 623 1049 in
657 1013 778 1050 fidem
803 1013 951 1050 Christi
984 1026 1105 1063 quam
1141 1013 1400 1051 crediderunt
1432 1024 1475 1051 ut

155 1084 227 1107 nos
260 1073 329 1107 sed
364 1071 496 1107 minus
528 1070 654 1108 libere
686 1080 807 1121 atque
842 1072 961 1108 clare.
1007 1074 1056 1108 Et
1095 1071 1151 1108 sic
1188 1072 1261 1108 fuit
1300 1073 1359 1109 lex
1398 1073 1474 1109 ista

155 1130 387 1178 pedagogus
429 1129 648 1178 disponens
687 1132 737 1166 ad
778 1130 897 1166 fidem
934 1130 1095 1176 Christi5
1135 1130 1238 1167 sicut
1278 1144 1376 1179 puer
1416 1131 1474 1167 in-

101 1192 136 1223 15
154 1187 315 1224 ducitur
345 1187 491 1224 timore
524 1187 706 1236 magistri
740 1190 789 1225 ad
820 1188 1009 1225 virtutem
1043 1188 1233 1225 futuram.

212 1245 327 1283 Circa
368 1247 471 1283 hanc
504 1246 716 1295 epistolam
753 1247 960 1283 dubitatur
992 1255 1127 1283 utrum
1163 1247 1233 1283 filii
1259 1277 1470 1284 .......

153 1317 274 1353 quam
315 1304 375 1341 sui
414 1304 484 1341 filii
522 1305 745 1341 naturales:
792 1306 873 1342 Nee
913 1305 1079 1341 dubium
1114 1305 1210 1354 quin
1250 1318 1293 1342 ex
1326 1305 1472 1342 111111111-
1523 1311 1731 1349 Buta-stobe

153 1364 269 1400 cione
300 1363 486 1411 Apostoli
527 1372 563 1400 et
603 1363 766 1400 racione
805 1376 897 1412 pars
936 1363 1180 1400 affirmativa
1213 1364 1326 1400 istius
1360 1364 1471 1400 dubii
1512 1349 1734 1417 Abss-ffissu‘ffl'tby

153 1422 202 1458 sit
241 1423 428 1467 tenenda,
469 1434 516 1458 eo
555 1423 664 1470 quod
702 1422 802 1458 nulli
841 1431 933 1459 sunt
973 1422 1044 1458 filii
1085 1421 1255 1459 alicuius
1295 1423 1471 1460 hominis
1498 1416 1747 1481 i11¹ffssffssffiffjff²¹¹¹

97 1495 137 1516 20
154 1480 389 1525 laudabiles,
423 1480 499 1517 nisi
534 1481 581 1516 de
614 1489 766 1529 quanto
799 1480 868 1517 illa
902 1480 1050 1517 filiacio
1083 1481 1274 1517 fundatur
1308 1481 1347 1516 in
1372 1483 1468 1527 Deo,
1680 1474 1708 1489 ⁸*

153 1552 242 1576 cum
283 1541 389 1575 Deus
428 1548 466 1581 et
505 1539 615 1576 racio
653 1552 725 1575 sua
764 1548 927 1587 superat
966 1539 1188 1588 quamlibet
1227 1548 1469 1576 creaturam.

152 1599 230 1634 Sed
264 1597 304 1634 in
336 1606 532 1647 quantum
567 1597 693 1646 aliqui
727 1606 819 1634 sunt
853 1597 922 1633 filii
956 1597 1202 1634 imitacionis
1226 1598 1264 1634 in
1291 1598 1470 1635 moribus

151 1665 242 1693 sunt
274 1665 356 1693 tam
392 1655 463 1692 filii
496 1669 618 1704 quam
652 1655 723 1692 filii
756 1656 827 1693 Dei
861 1657 930 1692 sed
963 1669 1044 1692 non
1075 1656 1115 1692 in
1148 1666 1345 1705 quantum
1378 1666 1470 1693 sunt

153 1714 223 1751 11111
255 1715 416 1751 Abrahe
454 1715 677 1751 naturales:
719 1727 814 1763 ergo
854 1727 946 1763 pars
985 1714 1228 1752 affirmativa
1261 1715 1371 1751 dubii
1406 1728 1468 1752 ca-

95 1775 133 1807 25
151 1772 298 1810 tholice
333 1782 390 1810 est
422 1774 608 1819 tenenda,
642 1772 744 1809 sicut
778 1774 895 1809 docet
927 1774 1158 1821 Apostolus.

209 1832 287 1868 Sed
326 1844 398 1880 pro
431 1831 611 1868 ulteriori
646 1831 928 1868 declaracione
960 1831 1073 1868 istius
1108 1832 1275 1868 materie
1309 1842 1365 1868 est
1397 1846 1468 1869 no-
1483 1838 1633 1873 Throngh
1656 1839 1761 1885 Clu-'ist

150 1891 318 1927 tandum
364 1891 473 1938 quod
518 1889 660 1926 unicus
705 1899 762 1926 est
807 1889 1004 1926 naturalis
1050 1889 1121 1926 Dei
1167 1890 1271 1927 filius
1316 1890 1469 1928 scilicet
1496 1873 1747 1943 q*}{p{{ss„qss“1³]‡

151 1945 339 1985 dominus
361 1950 473 1985 Jesus
498 1948 694 1994 Christus,
728 1950 796 1985 sed
830 1962 900 1997 per
933 1948 1065 1997 ipsum
1101 1948 1217 1985 multi
1250 1949 1321 1985 filii
1344 1951 1469 1998 adop·
1514 1943 1730 2006 ililiiisiiijlii'fgv

150 2007 231 2044 tivi.
273 2009 342 2043 Est
381 2016 516 2043 autem
558 2007 629 2043 Dei
670 2006 775 2043 filius
816 2007 883 2056 qui
924 2020 967 2043 ex
1001 2009 1084 2043 Deo
1126 2016 1183 2044 est
1222 2007 1379 2055 genitus
1418 2010 1468 2044 ad
1722 2000 1727 2005 ⁸

93 2067 134 2099 30
150 2064 443 2102 beatitudinem
479 2066 809 2114 consequendum
845 2066 953 2102 iuxta
976 2074 1260 2113 argumentum
1284 2067 1468 2114 Apostoli

253 2153 259 2160 .
284 2124 407 2173 sifilii
428 2132 463 2159 et
485 2124 658 2160 heredes.
684 2123 884 2160 Dividitur
907 2133 1041 2161 autem
1066 2132 1174 2160 totus
1198 2125 1271 2161 iste
1295 2126 1468 2161 mundus

149 2182 189 2218 in
214 2181 285 2218 Dei
319 2181 422 2218 filios
446 2191 484 2218 et
505 2182 670 2228 diaboli,
703 2182 805 2219 sicut
830 2183 932 2219 filios
956 2181 1150 2231 principis
1173 2182 1290 2219 huius
1314 2184 1466 2220 mundi.

151 2240 344 2286 Quamvis
378 2249 513 2277 autem
545 2240 708 2277 illorum
743 2241 956 2278 distinccio
990 2240 1079 2289 capi
1103 2250 1235 2288 potest
1260 2254 1303 2278 ex
1327 2243 1468 2290 prede-

149 2298 372 2335 stinacione
391 2307 429 2335 et
444 2298 516 2335 Dei
534 2299 795 2347 presciencia‚
811 2309 1120 2347 verumptamen
1140 2300 1232 2348 quia
1252 2308 1468 2349 utrumque

93 2358 132 2391 35
149 2357 320 2393 istorum
353 2366 411 2393 est
443 2357 559 2393 nobis
593 2357 858 2405 incognitum,
893 2357 984 2394 ideo
1008 2358 1212 2405 loquendo
1238 2358 1467 2395 evidencius

149 2424 283 2464 potest
307 2415 383 2451 dici
410 2417 518 2464 quod
542 2415 608 2452 ille
632 2415 872 2464 descriptive
897 2425 954 2452 est
978 2415 1050 2452 Dei
1076 2415 1178 2451 filius
1202 2416 1269 2464 qui
1295 2416 1468 2453 finaliter

150 2473 330 2522 sequitur
347 2473 550 2510 Christum
576 2474 616 2509 in
640 2474 834 2510 moribus.
860 2475 952 2510 Ideo
970 2473 1058 2511 Joh.
1079 2476 1127 2520 10,
1152 2484 1212 2519 12,
1237 2475 1278 2510 13
1302 2474 1466 2512 dicitur:

156 2532 350 2580 Quotquot
381 2539 508 2568 autem
533 2540 760 2582 receperunt
783 2545 881 2575 euin,
915 2533 1019 2568 dedit
1040 2532 1093 2568 eis
1110 2540 1338 2581 potestatem
1356 2534 1468 2583 filios

150 2590 227 2625 Dei
255 2590 366 2640 fieri,
410 2590 482 2625 hiis
519 2591 585 2639 qui
621 2591 783 2626 credunt
820 2591 856 2626 ἱιι
896 2591 1045 2627 nomine
1077 2591 1169 2638 eius,
1208 2592 1272 2640 qui
1308 2604 1379 2627 non
1419 2604 1469 2628 ex

219 2758 260 2786 16.
288 2759 357 2793 111113
388 2760 435 2786 hic
465 2760 582 2795 aliquot
616 2761 707 2787 verba
737 2760 887 2788 excidisse
918 2765 1056 2795 apparet.
1091 2761 1214 2788 Lacuna
1243 2761 1273 2788 in
1304 2761 1372 2788 cod.
1406 2770 1465 2788 uou

148 2793 333 2828 assignatur.
406 2793 452 2822 30.
467 2794 632 2829 Apostoli;
656 2795 794 2830 sequitur
814 2795 922 2823 lacuna
943 2796 972 2823 iu
994 2795 1062 2823 cod.
1136 2795 1179 2823 32.
1202 2795 1297 2823 Cod.:
1324 2801 1351 2823 et
1372 2796 1465 2823 deest.

221 2900 274 2932 31.
304 2901 405 2932 Rom.
424 2901 515 2940 VIII,
546 2911 596 2944 17.
