1944 3323
114 877 150 898 XO

115 1159 150 1192 15

112 1463 154 1483 20

162 229 298 259 SERMo
319 217 412 275 ΧΠ]
649 227 827 259 TERT1A
853 226 980 258 PARS.

163 340 272 388 quod
305 338 527 374 secundum
561 335 732 371 formam
767 346 846 381 qua
880 332 1139 381 predicarunt
1172 331 1345 379 apostoli
1381 332 1481 367 foret

164 398 222 433 lex
246 395 394 434 Christi
428 392 648 443 perfeccius
682 391 878 440 explicata
909 403 1029 439 quam
1064 390 1285 426 secundum
1321 389 1482 425 frivolas

165 464 201 491 et
235 455 389 491 fabulas
432 452 662 489 hodiernas.
717 449 828 486 Sicut
862 449 968 485 enim
1008 461 1090 485 non
1123 447 1281 496 expedit
1313 459 1483 484 onerare

164 513 352 561 frigidum
388 524 477 548 cum
512 517 712 559 quotquot
744 507 920 544 vestibus
953 516 1119 555 propter
1152 505 1287 553 frigus,
1322 505 1378 542 sic
1411 518 1483 542 nec

164 571 321 620 expedit
345 577 545 619 quotquot
569 566 830 617 appendicias
859 578 1064 614 apponere
1094 564 1281 601 domibus
1304 565 1365 600 vel
1395 563 1484 600 aliis

165 628 416 678 tegumentis,
443 636 480 664 et
507 626 737 675 specialiter
759 625 867 673 quod
889 623 966 660 illis
986 623 1098 660 linite
1125 623 1286 659 fuerunt
1307 623 1368 659 vel
1392 635 1485 658 con-

165 696 336 728 servate:
354 684 617 724 conformiter
632 697 712 721 non
728 682 886 732 expedit
901 682 985 718 sine
1002 682 1078 718 fine
1094 682 1242 718 addere
1257 682 1409 729 glossas
1424 681 1484 717 vel

167 747 324 794 regulas
359 746 409 782 ad
443 743 687 792 scripturam
727 751 764 778 et
797 740 1027 790 specialiter
1060 753 1141 776 non
1175 752 1240 776 eas
1274 749 1483 788 tamquam

166 804 332 841 alterius
371 802 528 852 generis
568 810 605 838 et
644 800 719 837 sibi
759 798 1031 837 observientes
1070 798 1290 834 induendo.
1338 798 1485 845 Regule

166 872 299 900 autem
347 862 509 898 illorum
555 859 743 896 ordinum
790 858 1025 906 blaspheme
1069 856 1327 902 inducuntur,
1368 869 1414 892 ac
1454 855 1482 891 si

166 921 344 970 quelibet
388 932 524 956 earum
572 919 675 955 foret
718 916 940 966 perfeccior
973 928 1094 964 quarn
1141 915 1199 950 lex
1240 914 1402 960 Christi,
1449 923 1486 950 et

166 981 221 1017 ita
254 979 492 1028 blasphema
526 976 712 1013 induccio
746 988 828 1012 non
860 975 965 1011 valet
997 975 1047 1010 ad
1072 972 1392 1009 declinacionem
1425 973 1487 1008 vel

165 1037 434 1075 voluntariam
453 1034 725 1072 defensionem
746 1033 844 1081 legis
860 1031 1009 1069 Christi
1033 1032 1100 1068 sed
1117 1032 1167 1068 ad
1192 1031 1274 1067 eius
1297 1032 1486 1067 obscura-

167 1097 324 1134 cionem
358 1108 404 1132 ac
437 1093 806 1143 parvipencionem.

225 1157 273 1191 Et
297 1163 408 1203 patet
438 1151 695 1189 mendacium
726 1162 845 1187 cause
874 1148 1045 1197 triplicis
1075 1148 1167 1184 ficte
1191 1160 1316 1196 quare
1339 1159 1487 1196 sponsa

169 1213 316 1251 Christi
354 1212 481 1249 viaret
525 1209 748 1259 perfeccius
794 1209 1015 1245 secundum
1067 1205 1396 1243 commixtionem
1444 1218 1486 1242 ex

168 1273 253 1320 lege
291 1270 426 1308 divina
466 1278 503 1306 et
543 1270 721 1305 humana
761 1276 799 1304 et
838 1266 965 1303 eciam
1001 1264 1256 1314 exposicione
1289 1264 1486 1312 scripture

169 1343 281 1367 sacre
315 1342 437 1379 quam
469 1340 568 1377 pure
601 1328 822 1364 secundum
857 1326 983 1373 legem
1010 1323 1200 1363 divinam,
1236 1322 1369 1371 primo
1393 1322 1487 1371 quia

169 1390 225 1425 sic
256 1388 403 1425 viando
441 1388 545 1423 foret
577 1386 637 1422 lex
670 1384 819 1423 Christi
859 1385 948 1432 plus
988 1383 1149 1430 cognita
1182 1382 1222 1417 in
1255 1381 1411 1419 effectu.
1445 1390 1487 1416 ut

171 1456 279 1496 patet
303 1448 350 1483 de
373 1455 480 1483 statu
505 1444 670 1481 ecclesie
693 1442 915 1492 primitive3
947 1442 1123 1478 secundo
1148 1440 1242 1488 quia
1265 1439 1487 1488 perfeccius

170 1506 467 1554 corrigerentur
500 1503 667 1540 rebelles
700 1515 770 1551 per
802 1502 928 1549 legem
964 1499 1189 1548 simplicem
1224 1498 1486 1534 christianam

170 1578 291 1613 quam
338 1565 460 1599 modo
514 1561 770 1609 corriguntur
815 1572 885 1608 per
932 1559 1037 1606 leges
1084 1557 1216 1593 minus
1264 1556 1488 1593 laudabiles

170 1622 387 1672 sophistice
420 1621 625 1670 palliatas3
661 1628 697 1656 et
721 1618 846 1655 tercio
871 1618 964 1666 quia
997 1618 1102 1664 leges
1137 1615 1364 1663 evangelice
1397 1614 1487 1650 licet

171 1693 405 1718 communes
455 1678 710 1728 obligacione
761 1685 851 1713 sunt
904 1674 1076 1712 maxime
1127 1673 1391 1722 applicabiles
1437 1674 1487 1709 ad

115 1747 152 1779 25,
170 1753 271 1789 opus
300 1740 389 1788 plus
417 1737 691 1775 necessarium
714 1735 872 1772 viatori.
908 1733 1076 1781 Fingere
1108 1741 1243 1768 autem
1268 1740 1346 1768 tres
1370 1732 1488 1768 falsas

116 2041 157 2073 30

118 2633 161 2663 40

171 1811 312 1836 causas
363 1797 448 1834 istis
500 1795 707 1845 oppositas
758 1807 832 1843 pro
886 1791 1130 1829 stabiliendo
1181 1789 1385 1827 contrario
1432 1798 1488 1826 est

171 1858 469 1905 blasphemum.

229 1915 405 1952 Ulterius
444 1923 555 1963 patet
594 1925 716 1962 quarn
757 1911 1015 1959 prophanum
1057 1916 1114 1944 est
1147 1908 1321 1955 allegare
1362 1906 1490 1955 philo-

172 1975 344 2023 sophum
369 1974 546 2010 secundo
563 1969 872 2008 Rethoricorum
898 1969 1006 2017 quod
1039 1966 1181 2003 melius
1207 1975 1263 2002 est
1289 1965 1491 2001 civitatem

174 2033 255 2081 regi
294 2045 366 2081 per
406 2033 510 2079 leges
549 2030 720 2078 scriptas
760 2040 881 2077 quam
915 2039 986 2075 per
1019 2024 1231 2062 arbitrium
1267 2023 1490 2060 hominum.

175 2095 276 2129 Nam
315 2091 423 2127 iuxta
461 2089 644 2126 ordinem
679 2086 828 2124 Christi
869 2085 1007 2122 civitas
1047 2083 1214 2120 ecclesie
1254 2083 1370 2118 debet
1411 2081 1492 2129 regi

176 2148 498 2187 mensurabiliter
549 2160 620 2196 per
669 2155 900 2193 utrumque.
955 2144 1082 2179 Debet
1135 2141 1240 2178 enim
1295 2140 1377 2188 regi
1423 2152 1493 2188 per

175 2210 301 2256 legem
344 2207 542 2255 scripture
580 2204 775 2253 scriptam
823 2201 1040 2251 dupliciter
1085 2201 1152 2237 sed
1199 2198 1376 2236 vivacius
1423 2210 1492 2246 per

175 2266 386 2304 arbitrium
421 2264 631 2301 hominum
666 2264 793 2311 legem
834 2261 911 2297 illis
951 2259 1085 2296 debite
1124 2256 1492 2307 promulgancium,

143 2333 265 2364 §cum
313 2337 387 2361 vox
430 2323 517 2360 viva
564 2330 696 2359 movet
742 2319 928 2357 effeccius
979 2330 1100 2367 quam
1148 2316 1361 2364 scriptura.
1416 2315 1493 2351 Sed

175 2383 301 2421 tercio
340 2382 550 2431 potissime
589 2393 660 2429 per
700 2377 1013 2427 inspiracionem
1052 2375 1124 2412 Dei
1164 2374 1231 2424 qui
1272 2372 1494 2422 graciosius

175 2443 378 2479 assisteret
411 2439 518 2476 fideli
542 2438 690 2475 Christi
725 2436 866 2473 mediis
900 2442 1148 2472 contentato,
1182 2433 1308 2469 Multe
1331 2431 1494 2481 quidem

175 2502 281 2549 leges
306 2501 481 2536 humane
514 2506 605 2534 sunt
630 2497 827 2545 culpande
861 2503 1028 2543 propter
1052 2505 1165 2529 suam
1190 2490 1493 2540 generalitatem

178 2569 215 2596 et
266 2556 592 2595 commixtionem
647 2568 738 2591 cum
791 2553 977 2597 falsitate,
1032 2552 1158 2587 multe
1209 2549 1336 2586 eciam
1389 2549 1495 2596 leges

179 2620 354 2654 humane
378 2615 470 2652 licet
493 2614 595 2650 iuste
619 2622 756 2650 tamen
780 2620 947 2660 propter
977 2608 1324 2658 propinquitatem
1350 2606 1495 2643 iniuste

249 2760 285 2779 12.
303 2751 398 2779 Cod.:
422 2758 482 2777 non
503 2749 653 2776 videlicet.
732 2747 884 2780 14.Cod.:
909 2754 942 2773 ac
964 2754 1017 2780 per
1037 2744 1276 2779 impencionem.
1352 2750 1398 2774 24.
1421 2741 1496 2767 obli-

177 2799 320 2834 gacione3
348 2798 433 2825 cod.:
462 2796 563 2823 obliffl‘.
638 2794 677 2823 31.
700 2795 794 2822 Cod.:
823 2793 931 2820 civitas
952 2789 1023 2819 effi.

250 2881 301 2914 ²9·
336 2870 477 2901 Rectius
505 2869 598 2900 Artis
624 2867 835 2899 Rhetoricae
862 2867 885 2905 1,
912 2865 960 2897 13.
996 2865 1089 2906 Opp.
1117 2872 1199 2896 tom.
1229 2862 1284 2901 ΙΙΙ,
1312 2871 1390 2903 pag.
1419 2860 1495 2901 705.

1521 1154 1637 1190 Falsity
1658 1155 1693 1182 of
1710 1155 1759 1181 the

1509 1198 1636 1217 reasons
1657 1191 1771 1225 alleged

1503 1226 1550 1253 soi·
1570 1225 1776 1258 adulteratum

1530 1261 1662 1288 Christ's
1685 1261 1752 1286 law.

1507 1904 1574 1942 (hir
1592 1903 1781 1942 opponent&

1527 1943 1652 1965 Citation
1676 1938 1756 1965 from

1546 1974 1695 2000 Aristone
1715 1973 1741 1999 is

1578 2009 1716 2043 profane.
