1944 3323
89 646 167 673 How
189 654 234 672 wc
255 645 349 679 ought

114 686 145 707 to
165 681 269 707 follow
291 681 320 707 in

154 715 286 742 Clu-istu<

126 750 307 785 sootstccps‚

82 1403 111 1425 10
133 1398 201 1433 gain
226 1398 352 1430 heaven,

96 1745 154 1772 and
177 1745 265 1772 avoid
289 1745 337 1771 tlic

129 1781 221 1815 pei-ils
242 1781 305 1807 that

109 1815 262 1842 surround
286 1824 331 1841 us,

657 241 879 273 JOHANNIS
900 240 1080 272 WYCLIF
1099 239 1356 272 SERMONUM
1381 224 1531 282 [SERMO
1554 235 1678 264 XXVII.

826 414 1021 453 SERMO
1055 413 1222 453 XXVII.

434 523 611 558 Christus
648 521 765 557 semel
798 532 938 569 passus
975 526 1030 555 est
1062 531 1138 567 pro
1177 519 1294 563 nobis,
1329 519 1433 554 vobis
1465 518 1682 566 relinquens

371 581 604 629 exemplum,
642 587 682 614 ut
719 578 930 627 sequamini
967 577 1128 627 vestigia
1157 571 1161 630 Ι
1190 577 1280 614 eius.
1315 578 1348 612 Ia
1377 575 1481 612 Petri
1516 577 1580 620 110,
1617 555 1781 633 ’.ζμξὲἔλ

430 641 504 674 Ista
528 637 696 685 epistola
725 636 839 681 (sicut
864 635 986 671 multe
1009 634 1100 682 alie)
1126 635 1242 670 docet
1265 635 1469 682 quomodo
1493 635 1683 669 debemus

371 695 519 732 imitari
566 694 769 731 Christum
818 693 857 729 in
905 694 1026 728 modo
1063 691 1232 728 vivendi.
1279 693 1326 727 Et
1370 691 1409 727 in
1454 690 1716 728 diversitatefi

372 754 484 790 istius
522 753 680 801 sequele
719 760 829 800 patet
867 750 1054 799 nequicia
1087 749 1215 786 tocius
1254 749 1421 786 ecclesie
1460 748 1681 785 militantis.

371 815 471 848 Nam
495 812 568 847 Joh
575 839 717 847 .....
752 809 957 846 scribitur:
982 808 1219 857 Exemplum
1244 808 1332 843 dedi
1353 807 1457 843 vobis
1480 815 1532 853 ut,
1555 819 1682 855 quem-

370 870 578 905 admodum
602 868 768 919 egofeci
785 867 901 912 vobis,
925 867 975 902 ita
997 874 1031 902 et
1054 865 1312 914 vossczcz'cztz’s;
1336 873 1372 901 et
1388 867 1421 900 Ia
1436 866 1527 901 Cor.
1544 866 1652 909 X10,1
1673 880 1680 900 ε

372 928 589 963 Imitatores
612 927 686 962 mei
706 933 835 968 estote,
868 925 964 961 sicut
996 931 1030 960 et
1062 936 1135 973 ego
1164 923 1329 968 Clzristi;
1362 930 1398 959 et
1422 924 1454 958 Ia
1478 921 1583 958 Petri
1608 924 1680 958 110:

375 986 552 1021 (Ilm-istus
578 997 720 1034 passus
751 991 805 1019 est
832 995 909 1032 pro
941 982 1059 1028 nobis,
1082 981 1189 1017 vobis
1212 981 1427 1029 relinquens
1449 980 1682 1029 exemplum,
1702 992 1741 1015 ιο

371 1051 410 1079 ut
431 1043 642 1092 sequamini
664 1041 824 1092 vestigia
849 1041 939 1078 eius.
975 1039 1015 1076 Si
1038 1052 1131 1087 ergo
1161 1047 1273 1075 tanta
1294 1037 1442 1075 Christi
1471 1037 1682 1086 precepcio

372 1110 407 1137 et
452 1109 563 1137 tanta
607 1100 711 1136 vasis
756 1098 815 1136 sui
855 1097 1104 1134 doctrinacio
1153 1105 1190 1133 et
1229 1105 1338 1133 tanta
1377 1096 1576 1144 passionis
1615 1108 1683 1131 sue

372 1158 563 1195 excitacio
602 1171 683 1195 non
726 1165 886 1193 movent
925 1157 975 1192 ad
1020 1156 1267 1203 sequendum
1313 1153 1460 1191 Christi
1504 1153 1682 1201 vestigia,

371 1230 451 1253 non
484 1217 600 1253 video
630 1216 726 1264 quin
754 1214 957 1251 inmobilis
987 1226 1076 1250 cum
1107 1212 1191 1249 istis
1222 1212 1383 1260 paribus
1417 1211 1467 1247 sit
1490 1212 1683 1259 dyabolus

372 1275 615 1311 incarnatus.
651 1273 888 1310 Planissima
918 1271 1080 1320 quidem
1109 1279 1199 1307 sunt
1223 1270 1329 1306 dicta
1353 1269 1523 1318 Spiritus
1547 1269 1682 1306 Sancti
1704 1270 1740 1302 15

377 1334 483 1381 quod
530 1332 660 1368 omnis
703 1331 832 1367 viator
877 1331 993 1366 debet
1036 1328 1271 1365 omnimode
1315 1327 1426 1376 sequi
1466 1327 1682 1364 Christum.

376 1391 415 1427 Si
461 1391 565 1427 enim
608 1390 793 1426 volumus
838 1389 966 1424 celum
1012 1386 1238 1434 adquirere,
1283 1399 1374 1422 cum
1419 1386 1497 1434 ipse
1539 1386 1587 1421 sit
1624 1385 1683 1421 via

372 1448 579 1493 (johannis
601 1449 721 1497 XIV0‚
747 1449 784 1486 6>
814 1446 896 1482 sine
920 1458 997 1494 qua
1027 1457 1145 1481 nemo
1169 1453 1299 1492 potest
1323 1444 1452 1480 celum
1476 1442 1682 1490 attingere,

372 1515 481 1554 patet
515 1507 622 1554 quod
655 1505 943 1541 necessitamur
976 1502 1088 1550 sequi
1119 1502 1283 1549 vestigia
1317 1501 1432 1537 huius
1466 1501 1589 1537 ducis.

429 1567 588 1605 Iterum,
607 1576 696 1599 cum
713 1561 1000 1599 necessitamur
1015 1573 1085 1608 per
1099 1560 1204 1596 viam
1220 1559 1488 1607 periculosam
1505 1558 1684 1595 hostibus
1702 1571 1742 1592 20

372 1621 661 1670 multiplicibus
694 1620 891 1665 incedere,
926 1627 1035 1667 patet
1058 1619 1164 1666 quod
1199 1626 1359 1665 oportet
1381 1630 1454 1653 nos
1487 1616 1682 1664 refugium

372 1681 486 1716 huius
521 1679 735 1728 inquirere,
771 1687 807 1715 et
831 1678 989 1722 iterum,
1025 1689 1115 1712 cum
1138 1675 1201 1712 via
1234 1675 1283 1712 sit
1306 1674 1474 1719 lubrica,
1508 1674 1684 1722 undique

371 1738 523 1774 caribdi
546 1738 693 1774 vallata
722 1745 758 1772 et
781 1736 864 1772 sine
887 1735 1048 1783 sequela
1071 1733 1187 1770 huius
1217 1734 1315 1769 lucis
1344 1732 1684 1781 periculosissima

371 1797 535 1832 tenebra
569 1795 849 1842 circumsepta,
884 1801 994 1841 patet
1018 1793 1125 1840 quod
1159 1791 1286 1827 fidelis
1320 1790 1482 1838 cupiens
1513 1789 1683 1838 quietari

371 1854 453 1890 sine
478 1854 611 1901 lapsus
635 1852 743 1900 gravi
768 1851 947 1900 periculo
979 1880 986 1886 .
1011 1879 1016 1885 .
1043 1879 1049 1885 .
1076 1878 1082 1885 .
1107 1848 1406 1897 splendenciam
1431 1848 1547 1884 huius
1570 1847 1681 1893 lucis,
1700 1848 1739 1881 25

371 1912 460 1948 ideo
499 1913 572 1947 Joh
579 1939 720 1947 .....
767 1909 930 1945 dicitur:
971 1908 1168 1943 Modiczmz
1214 1908 1339 1942 lumen
1387 1906 1422 1941 in
1468 1906 1572 1941 vobis
1616 1913 1683 1951 est,

370 1969 564 2005 ambulate
604 1970 692 2004 dnm
733 1969 853 2003 lucem
894 1966 1052 2010 habetis,
1093 1973 1132 2000 zzt
1171 1978 1242 2000 non
1282 1965 1434 2000 tenebre
1473 1976 1539 1999 vos
1581 1975 1682 1999 conz-

366 2027 622 2076 prehendant.
671 2028 719 2062 Et
757 2033 867 2073 patet
899 2025 1007 2072 quod
1047 2031 1376 2071 contempnentes
1411 2021 1486 2057 ista
1518 2020 1683 2068 vestigia

371 2093 461 2120 sunt
494 2084 673 2120 infideles
705 2083 745 2119 in
769 2082 918 2119 diaboli
952 2080 1066 2117 devio
1100 2080 1313 2129 desperati.
1347 2081 1447 2116 Cum
1481 2091 1574 2127 ergo
1608 2078 1683 2115 ista

371 2143 420 2178 sit
454 2142 701 2187 brevissima,
737 2140 960 2177 clarissima
992 2148 1114 2187 atque
1146 2138 1360 2183 tutissima,
1394 2145 1503 2185 patet
1537 2136 1683 2172 cecitas
1699 2137 1740 2170 30

372 2200 622 2236 deviancium
663 2199 729 2248 qui
769 2198 953 2235 semitam
994 2197 1109 2233 istam
1150 2204 1343 2244 spernunt
1383 2204 1419 2231 et
1457 2193 1683 2242 specialiter

372 2271 460 2294 cum
510 2258 671 2305 argucia
717 2254 1027 2304 exemplacionis
1072 2254 1187 2290 huius
1232 2253 1336 2290 finis:
1384 2252 1566 2290 Christus
1608 2253 1684 2287 dux

372 2315 463 2352 belli
498 2316 675 2351 fidelium
714 2324 773 2351 tot
811 2315 860 2350 sit
892 2327 1044 2362 passus,
1080 2312 1146 2360 qui
1185 2311 1288 2348 enirn
1323 2312 1513 2347 frustrare
1545 2309 1685 2346 nititur

372 2386 494 2421 opera
528 2382 635 2410 recta
659 2372 806 2409 terreni
839 2371 1012 2408 hominis
1047 2379 1103 2406 est
1127 2371 1363 2418 culpandus,
1398 2369 1524 2404 multo
1559 2366 1684 2415 magis

373 2431 439 2479 qui
478 2432 517 2466 in
554 2440 711 2467 tantum
751 2430 810 2466 sui
849 2429 1066 2477 perniciem
1100 2427 1240 2464 nititur
1273 2427 1462 2463 frustrare
1494 2426 1683 2462 blasfeme
1700 2426 1738 2459 35

373 2491 500 2525 Deum
535 2497 571 2525 et
604 2489 824 2525 hominem.

441 2622 465 2650 3.
488 2622 582 2649 Cod.:
605 2622 683 2649 Petri
704 2622 768 2649 1110.
849 2629 876 2656 ς).
898 2621 993 2648 Cod.:
1016 2629 1070 2655 ego
1092 2619 1180 2647 Petri.
1261 2627 1301 2654 ις).
1325 2618 1419 2646 Cod.:
1440 2617 1568 2652 vestigia
1588 2616 1681 2644 deest.

371 2657 505 2687 Addidi:
527 2657 567 2684 ib.
590 2657 684 2684 Cod.:
707 2657 792 2687 dnc‘:
815 2656 1002 2689 ducatnsff).
1060 2663 1105 2688 ει.
1127 2654 1222 2681 Cod.:
1244 2654 1395 2681 circnmce
1420 2658 1459 2680 ta.
1515 2653 1558 2681 25.
1581 2652 1681 2687 splen-

373 2693 511 2719 dencinxn
536 2692 625 2718 huius
646 2691 739 2723 lut-iffi
761 2692 809 2718 liic
830 2691 956 2717 verbnm
979 2690 1128 2717 excidisse
1151 2689 1280 2716 videtur.
1371 2697 1383 2715 2
1411 2709 1416 2714 .
1437 2688 1521 2721 J0h.;
1544 2686 1680 2721 sequitur

373 2729 479 2754 lacuna
503 2726 531 2753 in
554 2727 622 2753 cod.
688 2728 731 2752 28.
753 2726 847 2752 Coi:
870 2729 1116 2760 contempnente.
1179 2732 1224 2758 29·
1246 2724 1302 2751 ista
1324 2723 1387 2750 scil.
1410 2723 1457 2750 via
1478 2722 1540 2749 sive
1561 2721 1679 2747 semita.

448 2821 473 2842 1.
494 2809 678 2841 Dominica
696 2809 850 2839 secunda
871 2815 949 2849 post
969 2805 1110 2837 Pascha.
1132 2803 1351 2847 Cf.Wyclif⁷s
1366 2805 1543 2843 Sermons,
1562 2805 1616 2835 ed.
1635 2803 1680 2845 by

374 2857 516 2896 Arnold,
538 2855 577 2895 11,
596 2865 673 2898 pag.
696 2863 887 2897 292—294.
959 2863 990 2896 7.
1016 2852 1095 2884 Joh.
1115 2852 1205 2892 XIII,
1229 2852 1278 2884 15.
1352 2851 1408 2884 26.
1434 2850 1513 2882 Joh.
1534 2850 1606 2891 XII,
1627 2850 1680 2883 35.
