<?xml version="1.0" encoding="UTF-8"?>
<!DOCTYPE html PUBLIC "-//W3C//DTD XHTML 1.0 Transitional//EN"
    "http://www.w3.org/TR/xhtml1/DTD/xhtml1-transitional.dtd">
<html xmlns="http://www.w3.org/1999/xhtml" xml:lang="en" lang="en">
 <head>
  <title>
</title>
<meta http-equiv="Content-Type" content="text/html;charset=utf-8" />
  <meta name='ocr-system' content='tesseract 3.04.00' />
  <meta name='ocr-capabilities' content='ocr_page ocr_carea ocr_par ocr_line ocrx_word'/>
</head>
<body>
  <div class='ocr_page' id='page_1' title='image "./iohanniswyclifse0703wycl_0036.png"; bbox 0 0 1944 3323; ppageno 0'>
   <div class='ocr_carea' id='block_1_1' title="bbox 200 246 245 279">
    <p class='ocr_par' dir='ltr' id='par_1_1' title="bbox 200 246 245 279">
     <span class='ocr_line' id='line_1_1' title="bbox 200 246 245 279; baseline 0 0"><span class='ocrx_word' id='word_1_1' title='bbox 200 246 245 279; x_wconf 80' lang='lat'>14</span> 
     </span>
    </p>
   </div>
   <div class='ocr_carea' id='block_1_2' title="bbox 779 228 1792 286">
    <p class='ocr_par' dir='ltr' id='par_1_2' title="bbox 779 228 1792 286">
     <span class='ocr_line' id='line_1_2' title="bbox 779 228 1792 286; baseline -0.004 -12"><span class='ocrx_word' id='word_1_2' title='bbox 779 242 1001 274; x_wconf 74' lang='lat' dir='ltr'>JOHANNIS</span> <span class='ocrx_word' id='word_1_3' title='bbox 1019 242 1201 275; x_wconf 71' lang='lat' dir='ltr'>WYCLIF</span> <span class='ocrx_word' id='word_1_4' title='bbox 1221 242 1474 274; x_wconf 86' lang='lat' dir='ltr'>SERMONUM</span> <span class='ocrx_word' id='word_1_5' title='bbox 1584 228 1734 286; x_wconf 79' lang='lat' dir='ltr'>[SERMO</span> <span class='ocrx_word' id='word_1_6' title='bbox 1756 239 1792 266; x_wconf 83' lang='lat' dir='ltr'>H-</span> 
     </span>
    </p>
   </div>
   <div class='ocr_carea' id='block_1_3' title="bbox 200 347 1791 396">
    <p class='ocr_par' dir='ltr' id='par_1_3' title="bbox 200 347 1791 396">
     <span class='ocr_line' id='line_1_3' title="bbox 200 347 1791 396; baseline 0.002 -15"><span class='ocrx_word' id='word_1_7' title='bbox 200 354 248 382; x_wconf 87' lang='lat' dir='ltr'>To</span> <span class='ocrx_word' id='word_1_8' title='bbox 270 355 318 381; x_wconf 75' lang='lat' dir='ltr'>the</span> <span class='ocrx_word' id='word_1_9' title='bbox 338 354 417 381; x_wconf 70' lang='lat' dir='ltr'>Jews</span> <span class='ocrx_word' id='word_1_10' title='bbox 439 354 460 381; x_wconf 83' lang='lat' dir='ltr'>it</span> <span class='ocrx_word' id='word_1_11' title='bbox 486 348 533 383; x_wconf 89' lang='lat' dir='ltr'>de</span> <span class='ocrx_word' id='word_1_12' title='bbox 565 348 699 384; x_wconf 68' lang='lat' dir='ltr'>,Iudeis</span> <span class='ocrx_word' id='word_1_13' title='bbox 740 360 859 396; x_wconf 89' lang='lat' dir='ltr'>quam</span> <span class='ocrx_word' id='word_1_14' title='bbox 899 347 1081 395; x_wconf 80' lang='lat' dir='ltr'>gentibus</span> <span class='ocrx_word' id='word_1_15' title='bbox 1121 356 1178 384; x_wconf 87' lang='lat' dir='ltr'>est</span> <span class='ocrx_word' id='word_1_16' title='bbox 1216 348 1441 393; x_wconf 79' lang='lat' dir='ltr'>salvandus,</span> <span class='ocrx_word' id='word_1_17' title='bbox 1480 360 1616 384; x_wconf 84' lang='lat' dir='ltr'>verum</span> <span class='ocrx_word' id='word_1_18' title='bbox 1656 357 1791 384; x_wconf 86' lang='lat' dir='ltr'>tamen</span> 
     </span>
    </p>
   </div>
   <div class='ocr_carea' id='block_1_4' title="bbox 210 389 449 459">
    <p class='ocr_par' dir='ltr' id='par_1_4' title="bbox 210 389 449 459">
     <span class='ocr_line' id='line_1_4' title="bbox 210 389 449 416; baseline 0 0"><span class='ocrx_word' id='word_1_19' title='bbox 210 398 273 416; x_wconf 78' lang='lat' dir='ltr'>was</span> <span class='ocrx_word' id='word_1_20' title='bbox 294 390 375 416; x_wconf 77' lang='lat' dir='ltr'>shew</span> <span class='ocrx_word' id='word_1_21' title='bbox 382 398 398 416; x_wconf 85' lang='lat' dir='ltr'>n</span> <span class='ocrx_word' id='word_1_22' title='bbox 420 389 449 416; x_wconf 82' lang='lat' dir='ltr'>in</span> 
     </span>
     <span class='ocr_line' id='line_1_5' title="bbox 271 424 390 459; baseline -0.008 -8"><span class='ocrx_word' id='word_1_23' title='bbox 271 424 390 459; x_wconf 66' lang='lat' dir='ltr'>degree,</span> 
     </span>
    </p>
   </div>
   <div class='ocr_carea' id='block_1_5' title="bbox 195 874 454 936">
    <p class='ocr_par' dir='ltr' id='par_1_5' title="bbox 195 874 454 936">
     <span class='ocr_line' id='line_1_6' title="bbox 195 874 454 901; baseline -0.008 0"><span class='ocrx_word' id='word_1_24' title='bbox 195 879 225 901; x_wconf 79' lang='lat'>10</span> <span class='ocrx_word' id='word_1_25' title='bbox 247 875 295 901; x_wconf 72' lang='lat' dir='ltr'>the</span> <span class='ocrx_word' id='word_1_26' title='bbox 317 874 454 901; x_wconf 73' lang='lat' dir='ltr'>Gentiles</span> 
     </span>
     <span class='ocr_line' id='line_1_7' title="bbox 217 909 439 936; baseline -0.009 0"><span class='ocrx_word' id='word_1_27' title='bbox 217 910 246 936; x_wconf 83' lang='lat' dir='ltr'>in</span> <span class='ocrx_word' id='word_1_28' title='bbox 269 909 439 936; x_wconf 75' lang='lat' dir='ltr'>multitude.</span> 
     </span>
    </p>
   </div>
   <div class='ocr_carea' id='block_1_6' title="bbox 475 405 1796 1725">
    <p class='ocr_par' dir='ltr' id='par_1_6' title="bbox 480 405 1794 858">
     <span class='ocr_line' id='line_1_8' title="bbox 483 405 1792 453; baseline 0.001 -12"><span class='ocrx_word' id='word_1_29' title='bbox 483 407 701 442; x_wconf 89' lang='lat' dir='ltr'>secundum</span> <span class='ocrx_word' id='word_1_30' title='bbox 738 407 905 453; x_wconf 81' lang='lat' dir='ltr'>gradum</span> <span class='ocrx_word' id='word_1_31' title='bbox 945 405 1133 442; x_wconf 87' lang='lat' dir='ltr'>alciorem</span> <span class='ocrx_word' id='word_1_32' title='bbox 1175 418 1220 442; x_wconf 89' lang='lat' dir='ltr'>ac</span> <span class='ocrx_word' id='word_1_33' title='bbox 1260 406 1495 453; x_wconf 80' lang='lat' dir='ltr'>digniorem,</span> <span class='ocrx_word' id='word_1_34' title='bbox 1536 419 1625 442; x_wconf 87' lang='lat' dir='ltr'>cum</span> <span class='ocrx_word' id='word_1_35' title='bbox 1667 415 1792 442; x_wconf 84' lang='lat' dir='ltr'>mater</span> 
     </span>
     <span class='ocr_line' id='line_1_9' title="bbox 483 462 1792 512; baseline 0 -13"><span class='ocrx_word' id='word_1_36' title='bbox 483 463 658 509; x_wconf 78' lang='lat' dir='ltr'>Domini,</span> <span class='ocrx_word' id='word_1_37' title='bbox 699 463 782 499; x_wconf 88' lang='lat' dir='ltr'>eius</span> <span class='ocrx_word' id='word_1_38' title='bbox 824 462 1007 511; x_wconf 85' lang='lat' dir='ltr'>discipuli</span> <span class='ocrx_word' id='word_1_39' title='bbox 1048 472 1084 500; x_wconf 88' lang='lat' dir='ltr'>et</span> <span class='ocrx_word' id='word_1_40' title='bbox 1124 463 1302 512; x_wconf 76' lang='lat' dir='ltr'>Baptista</span> <span class='ocrx_word' id='word_1_41' title='bbox 1345 465 1560 500; x_wconf 89' lang='lat' dir='ltr'>creduntur</span> <span class='ocrx_word' id='word_1_42' title='bbox 1599 464 1792 500; x_wconf 87' lang='lat' dir='ltr'>intensius</span> 
     </span>
     <span class='ocr_line' id='line_1_10' title="bbox 482 520 1789 569; baseline 0 -12"><span class='ocrx_word' id='word_1_43' title='bbox 482 520 702 557; x_wconf 84' lang='lat' dir='ltr'>beatificari</span> <span class='ocrx_word' id='word_1_44' title='bbox 743 533 863 569; x_wconf 89' lang='lat' dir='ltr'>quam</span> <span class='ocrx_word' id='word_1_45' title='bbox 904 521 1072 557; x_wconf 87' lang='lat' dir='ltr'>totidem</span> <span class='ocrx_word' id='word_1_46' title='bbox 1114 522 1160 557; x_wconf 89' lang='lat' dir='ltr'>de</span> <span class='ocrx_word' id='word_1_47' title='bbox 1200 521 1351 558; x_wconf 87' lang='lat' dir='ltr'>vocatis</span> <span class='ocrx_word' id='word_1_48' title='bbox 1389 522 1591 569; x_wconf 78' lang='lat' dir='ltr'>gentibus3</span> <span class='ocrx_word' id='word_1_49' title='bbox 1633 531 1668 558; x_wconf 90' lang='lat' dir='ltr'>et</span> <span class='ocrx_word' id='word_1_50' title='bbox 1702 535 1789 558; x_wconf 91' lang='lat' dir='ltr'>cum</span> 
     </span>
     <span class='ocr_line' id='line_1_11' title="bbox 482 578 1791 628; baseline 0.001 -14"><span class='ocrx_word' id='word_1_51' title='bbox 482 591 581 626; x_wconf 87' lang='lat' dir='ltr'>pure</span> <span class='ocrx_word' id='word_1_52' title='bbox 604 578 917 615; x_wconf 83' lang='lat' dir='ltr'>misericorditer</span> <span class='ocrx_word' id='word_1_53' title='bbox 941 588 977 615; x_wconf 90' lang='lat' dir='ltr'>et</span> <span class='ocrx_word' id='word_1_54' title='bbox 1000 578 1179 626; x_wconf 82' lang='lat' dir='ltr'>graciose</span> <span class='ocrx_word' id='word_1_55' title='bbox 1196 581 1300 616; x_wconf 92' lang='lat' dir='ltr'>Deus</span> <span class='ocrx_word' id='word_1_56' title='bbox 1323 580 1564 617; x_wconf 83' lang='lat' dir='ltr'>beatificavit</span> <span class='ocrx_word' id='word_1_57' title='bbox 1586 589 1791 628; x_wconf 87' lang='lat' dir='ltr'>utrosque,</span> 
     </span>
     <span class='ocr_line' id='line_1_12' title="bbox 480 636 1794 684; baseline 0 -12"><span class='ocrx_word' id='word_1_58' title='bbox 480 636 636 673; x_wconf 71' lang='lat' dir='ltr'>ridetur</span> <span class='ocrx_word' id='word_1_59' title='bbox 659 636 866 684; x_wconf 81' lang='lat' dir='ltr'>probabile</span> <span class='ocrx_word' id='word_1_60' title='bbox 890 638 995 684; x_wconf 83' lang='lat' dir='ltr'>quod</span> <span class='ocrx_word' id='word_1_61' title='bbox 1022 639 1126 673; x_wconf 89' lang='lat' dir='ltr'>Deus</span> <span class='ocrx_word' id='word_1_62' title='bbox 1148 636 1367 683; x_wconf 82' lang='lat' dir='ltr'>graciosius</span> <span class='ocrx_word' id='word_1_63' title='bbox 1393 637 1633 674; x_wconf 82' lang='lat' dir='ltr'>beatificavit</span> <span class='ocrx_word' id='word_1_64' title='bbox 1648 639 1794 673; x_wconf 89' lang='lat' dir='ltr'>Judeos</span> 
     </span>
     <span class='ocr_line' id='line_1_13' title="bbox 481 694 1794 742; baseline 0.001 -12"><span class='ocrx_word' id='word_1_65' title='bbox 481 695 614 742; x_wconf 87' lang='lat' dir='ltr'>quoad</span> <span class='ocrx_word' id='word_1_66' title='bbox 656 694 926 730; x_wconf 84' lang='lat' dir='ltr'>intencionem</span> <span class='ocrx_word' id='word_1_67' title='bbox 961 694 1217 730; x_wconf 81' lang='lat' dir='ltr'>beatitudinis</span> <span class='ocrx_word' id='word_1_68' title='bbox 1251 707 1526 742; x_wconf 88' lang='lat' dir='ltr'>personarum.</span> <span class='ocrx_word' id='word_1_69' title='bbox 1561 698 1608 731; x_wconf 80' lang='lat' dir='ltr'>Et</span> <span class='ocrx_word' id='word_1_70' title='bbox 1641 695 1697 732; x_wconf 92' lang='lat' dir='ltr'>sic</span> <span class='ocrx_word' id='word_1_71' title='bbox 1728 708 1794 731; x_wconf 78' lang='lat' dir='ltr'>vo-</span> 
     </span>
     <span class='ocr_line' id='line_1_14' title="bbox 481 751 1792 800; baseline 0.001 -13"><span class='ocrx_word' id='word_1_72' title='bbox 481 752 583 788; x_wconf 82' lang='lat' dir='ltr'>cavit</span> <span class='ocrx_word' id='word_1_73' title='bbox 616 764 684 787; x_wconf 91' lang='lat' dir='ltr'>eos</span> <span class='ocrx_word' id='word_1_74' title='bbox 719 751 963 798; x_wconf 79' lang='lat' dir='ltr'>distinccius,</span> <span class='ocrx_word' id='word_1_75' title='bbox 998 751 1192 800; x_wconf 89' lang='lat' dir='ltr'>quidquid</span> <span class='ocrx_word' id='word_1_76' title='bbox 1227 752 1484 789; x_wconf 82' lang='lat' dir='ltr'>beatitudinis</span> <span class='ocrx_word' id='word_1_77' title='bbox 1524 752 1578 789; x_wconf 90' lang='lat' dir='ltr'>eis</span> <span class='ocrx_word' id='word_1_78' title='bbox 1611 753 1792 797; x_wconf 84' lang='lat' dir='ltr'>contulit,</span> 
     </span>
     <span class='ocr_line' id='line_1_15' title="bbox 483 809 1451 858; baseline 0.001 -13"><span class='ocrx_word' id='word_1_79' title='bbox 483 809 554 845; x_wconf 88' lang='lat' dir='ltr'>fuit</span> <span class='ocrx_word' id='word_1_80' title='bbox 586 809 764 846; x_wconf 88' lang='lat' dir='ltr'>totaliter</span> <span class='ocrx_word' id='word_1_81' title='bbox 797 809 1023 857; x_wconf 81' lang='lat' dir='ltr'>graciosum</span> <span class='ocrx_word' id='word_1_82' title='bbox 1059 818 1178 858; x_wconf 88' lang='lat' dir='ltr'>atque</span> <span class='ocrx_word' id='word_1_83' title='bbox 1212 809 1451 846; x_wconf 85' lang='lat' dir='ltr'>misericors.</span> 
     </span>
    </p>

    <p class='ocr_par' dir='ltr' id='par_1_7' title="bbox 475 867 1796 1725">
     <span class='ocr_line' id='line_1_16' title="bbox 539 867 1794 916; baseline 0.001 -13"><span class='ocrx_word' id='word_1_84' title='bbox 539 867 579 903; x_wconf 88' lang='lat' dir='ltr'>Si</span> <span class='ocrx_word' id='word_1_85' title='bbox 625 875 758 903; x_wconf 84' lang='lat' dir='ltr'>autem</span> <span class='ocrx_word' id='word_1_86' title='bbox 802 876 938 916; x_wconf 84' lang='lat' dir='ltr'>gentes</span> <span class='ocrx_word' id='word_1_87' title='bbox 981 867 1137 904; x_wconf 85' lang='lat' dir='ltr'>vocavit</span> <span class='ocrx_word' id='word_1_88' title='bbox 1183 867 1384 915; x_wconf 85' lang='lat' dir='ltr'>copiosius</span> <span class='ocrx_word' id='word_1_89' title='bbox 1429 872 1485 913; x_wconf 92' lang='lat' dir='ltr'>(ut</span> <span class='ocrx_word' id='word_1_90' title='bbox 1530 868 1794 916; x_wconf 84' lang='lat' dir='ltr'>probabiliter</span> 
     </span>
     <span class='ocr_line' id='line_1_17' title="bbox 480 924 1793 975; baseline 0.001 -15"><span class='ocrx_word' id='word_1_91' title='bbox 480 927 718 975; x_wconf 73' lang='lat' dir='ltr'>reputatur),</span> <span class='ocrx_word' id='word_1_92' title='bbox 770 933 865 962; x_wconf 89' lang='lat' dir='ltr'>tunc</span> <span class='ocrx_word' id='word_1_93' title='bbox 915 927 1049 973; x_wconf 89' lang='lat' dir='ltr'>quoad</span> <span class='ocrx_word' id='word_1_94' title='bbox 1104 924 1399 961; x_wconf 88' lang='lat' dir='ltr'>multitudinem</span> <span class='ocrx_word' id='word_1_95' title='bbox 1454 938 1543 962; x_wconf 91' lang='lat' dir='ltr'>cum</span> <span class='ocrx_word' id='word_1_96' title='bbox 1597 925 1650 962; x_wconf 88' lang='lat' dir='ltr'>eis</span> <span class='ocrx_word' id='word_1_97' title='bbox 1701 925 1793 962; x_wconf 90' lang='lat' dir='ltr'>fecit</span> 
     </span>
     <span class='ocr_line' id='line_1_18' title="bbox 480 982 1793 1032; baseline 0.002 -14"><span class='ocrx_word' id='word_1_98' title='bbox 480 982 791 1019; x_wconf 88' lang='lat' dir='ltr'>misericordius.</span> <span class='ocrx_word' id='word_1_99' title='bbox 845 985 893 1018; x_wconf 87' lang='lat' dir='ltr'>Et</span> <span class='ocrx_word' id='word_1_100' title='bbox 932 983 1022 1019; x_wconf 88' lang='lat' dir='ltr'>ideo</span> <span class='ocrx_word' id='word_1_101' title='bbox 1061 983 1279 1031; x_wconf 87' lang='lat' dir='ltr'>Apostolus</span> <span class='ocrx_word' id='word_1_102' title='bbox 1322 991 1436 1019; x_wconf 87' lang='lat' dir='ltr'>notat</span> <span class='ocrx_word' id='word_1_103' title='bbox 1480 992 1652 1032; x_wconf 89' lang='lat' dir='ltr'>quatuor</span> <span class='ocrx_word' id='word_1_104' title='bbox 1704 984 1793 1020; x_wconf 85' lang='lat' dir='ltr'>loca</span> 
     </span>
     <span class='ocr_line' id='line_1_19' title="bbox 479 1040 1794 1089; baseline 0.001 -13"><span class='ocrx_word' id='word_1_105' title='bbox 479 1040 675 1088; x_wconf 87' lang='lat' dir='ltr'>scripture</span> <span class='ocrx_word' id='word_1_106' title='bbox 726 1040 765 1077; x_wconf 91' lang='lat' dir='ltr'>in</span> <span class='ocrx_word' id='word_1_107' title='bbox 804 1040 947 1088; x_wconf 84' lang='lat' dir='ltr'>quibus</span> <span class='ocrx_word' id='word_1_108' title='bbox 991 1049 1126 1089; x_wconf 89' lang='lat' dir='ltr'>gentes</span> <span class='ocrx_word' id='word_1_109' title='bbox 1167 1053 1188 1077; x_wconf 83' lang='lat' dir='ltr'>a</span> <span class='ocrx_word' id='word_1_110' title='bbox 1226 1043 1309 1077; x_wconf 91' lang='lat' dir='ltr'>Deo</span> <span class='ocrx_word' id='word_1_111' title='bbox 1351 1040 1664 1077; x_wconf 85' lang='lat' dir='ltr'>misericorditer</span> <span class='ocrx_word' id='word_1_112' title='bbox 1703 1050 1794 1077; x_wconf 91' lang='lat' dir='ltr'>sunt</span> 
     </span>
     <span class='ocr_line' id='line_1_20' title="bbox 478 1098 1794 1149; baseline 0.001 -15"><span class='ocrx_word' id='word_1_113' title='bbox 478 1107 629 1134; x_wconf 78' lang='lat' dir='ltr'>vocate.</span> <span class='ocrx_word' id='word_1_114' title='bbox 670 1098 826 1134; x_wconf 86' lang='lat' dir='ltr'>Primus</span> <span class='ocrx_word' id='word_1_115' title='bbox 859 1107 915 1134; x_wconf 89' lang='lat' dir='ltr'>est</span> <span class='ocrx_word' id='word_1_116' title='bbox 959 1098 1057 1134; x_wconf 89' lang='lat' dir='ltr'>illud</span> <span class='ocrx_word' id='word_1_117' title='bbox 1089 1098 1251 1143; x_wconf 84' lang='lat' dir='ltr'>(Psalmi</span> <span class='ocrx_word' id='word_1_118' title='bbox 1283 1100 1421 1144; x_wconf 82' lang='lat' dir='ltr'>XV110,</span> <span class='ocrx_word' id='word_1_119' title='bbox 1460 1100 1541 1145; x_wconf 85' lang='lat'><strong>50):</strong></span> <span class='ocrx_word' id='word_1_120' title='bbox 1581 1099 1794 1149; x_wconf 78' lang='lat' dir='ltr'>Propterea</span> 
     </span>
     <span class='ocr_line' id='line_1_21' title="bbox 479 1156 1796 1206; baseline 0.002 -15"><span class='ocrx_word' id='word_1_121' title='bbox 479 1156 687 1205; x_wconf 81' lang='lat' dir='ltr'>confitebor</span> <span class='ocrx_word' id='word_1_122' title='bbox 718 1156 784 1191; x_wconf 80' lang='lat' dir='ltr'>tihi</span> <span class='ocrx_word' id='word_1_123' title='bbox 814 1157 849 1192; x_wconf 87' lang='lat' dir='ltr'>in</span> <span class='ocrx_word' id='word_1_124' title='bbox 881 1156 1058 1206; x_wconf 72' lang='lat' dir='ltr'>gentibus</span> <span class='ocrx_word' id='word_1_125' title='bbox 1087 1156 1252 1192; x_wconf 85' lang='lat' dir='ltr'>Domine</span> <span class='ocrx_word' id='word_1_126' title='bbox 1283 1164 1318 1193; x_wconf 86' lang='lat' dir='ltr'>et</span> <span class='ocrx_word' id='word_1_127' title='bbox 1348 1157 1492 1193; x_wconf 83' lang='lat' dir='ltr'>nomini</span> <span class='ocrx_word' id='word_1_128' title='bbox 1521 1164 1584 1193; x_wconf 85' lang='lat' dir='ltr'>tuo</span> <span class='ocrx_word' id='word_1_129' title='bbox 1617 1158 1796 1200; x_wconf 77' lang='lat' dir='ltr'>cantabo,-</span> 
     </span>
     <span class='ocr_line' id='line_1_22' title="bbox 480 1213 1793 1263; baseline 0.001 -14"><span class='ocrx_word' id='word_1_130' title='bbox 480 1213 547 1249; x_wconf 85' lang='lat' dir='ltr'>ubi</span> <span class='ocrx_word' id='word_1_131' title='bbox 592 1214 790 1262; x_wconf 89' lang='lat' dir='ltr'>propheta</span> <span class='ocrx_word' id='word_1_132' title='bbox 835 1213 874 1250; x_wconf 93' lang='lat' dir='ltr'>in</span> <span class='ocrx_word' id='word_1_133' title='bbox 925 1226 1095 1262; x_wconf 88' lang='lat' dir='ltr'>persona</span> <span class='ocrx_word' id='word_1_134' title='bbox 1141 1214 1288 1250; x_wconf 87' lang='lat' dir='ltr'>Christi</span> <span class='ocrx_word' id='word_1_135' title='bbox 1334 1213 1514 1263; x_wconf 88' lang='lat' dir='ltr'>loquitur</span> <span class='ocrx_word' id='word_1_136' title='bbox 1558 1217 1642 1251; x_wconf 91' lang='lat' dir='ltr'>Deo</span> <span class='ocrx_word' id='word_1_137' title='bbox 1690 1215 1793 1263; x_wconf 88' lang='lat' dir='ltr'>patri</span> 
     </span>
     <span class='ocr_line' id='line_1_23' title="bbox 481 1271 1795 1319; baseline 0.002 -12"><span class='ocrx_word' id='word_1_138' title='bbox 481 1273 588 1319; x_wconf 87' lang='lat' dir='ltr'>quod</span> <span class='ocrx_word' id='word_1_139' title='bbox 622 1271 740 1307; x_wconf 90' lang='lat' dir='ltr'>faciet</span> <span class='ocrx_word' id='word_1_140' title='bbox 772 1280 907 1319; x_wconf 89' lang='lat' dir='ltr'>gentes</span> <span class='ocrx_word' id='word_1_141' title='bbox 940 1285 1089 1319; x_wconf 81' lang='lat' dir='ltr'>organa</span> <span class='ocrx_word' id='word_1_142' title='bbox 1122 1285 1192 1308; x_wconf 86' lang='lat' dir='ltr'>sua</span> <span class='ocrx_word' id='word_1_143' title='bbox 1224 1273 1273 1308; x_wconf 88' lang='lat' dir='ltr'>ad</span> <span class='ocrx_word' id='word_1_144' title='bbox 1307 1272 1580 1308; x_wconf 86' lang='lat' dir='ltr'>confitendum</span> <span class='ocrx_word' id='word_1_145' title='bbox 1619 1273 1723 1309; x_wconf 85' lang='lat' dir='ltr'>Patri</span> <span class='ocrx_word' id='word_1_146' title='bbox 1758 1281 1795 1309; x_wconf 85' lang='lat' dir='ltr'>et</span> 
     </span>
     <span class='ocr_line' id='line_1_24' title="bbox 481 1328 1794 1378; baseline 0 -13"><span class='ocrx_word' id='word_1_147' title='bbox 481 1329 658 1365; x_wconf 88' lang='lat' dir='ltr'>cantabit</span> <span class='ocrx_word' id='word_1_148' title='bbox 689 1328 890 1377; x_wconf 87' lang='lat' dir='ltr'>copiosius</span> <span class='ocrx_word' id='word_1_149' title='bbox 919 1342 990 1365; x_wconf 90' lang='lat' dir='ltr'>suo</span> <span class='ocrx_word' id='word_1_150' title='bbox 1020 1329 1173 1366; x_wconf 89' lang='lat' dir='ltr'>nomini</span> <span class='ocrx_word' id='word_1_151' title='bbox 1203 1329 1295 1378; x_wconf 86' lang='lat' dir='ltr'>quia</span> <span class='ocrx_word' id='word_1_152' title='bbox 1324 1331 1444 1366; x_wconf 91' lang='lat' dir='ltr'>verbo</span> <span class='ocrx_word' id='word_1_153' title='bbox 1469 1330 1553 1367; x_wconf 90' lang='lat' dir='ltr'>Dei.</span> <span class='ocrx_word' id='word_1_154' title='bbox 1577 1331 1628 1366; x_wconf 82' lang='lat' dir='ltr'>Et</span> <span class='ocrx_word' id='word_1_155' title='bbox 1656 1331 1794 1367; x_wconf 84' lang='lat' dir='ltr'>iterum</span> 
     </span>
     <span class='ocr_line' id='line_1_25' title="bbox 481 1387 1793 1438; baseline 0.002 -16"><span class='ocrx_word' id='word_1_156' title='bbox 481 1388 655 1423; x_wconf 91' lang='lat' dir='ltr'>secundo</span> <span class='ocrx_word' id='word_1_157' title='bbox 680 1387 769 1422; x_wconf 76' lang='lat' dir='ltr'><em>dicit</em></span> <span class='ocrx_word' id='word_1_158' title='bbox 797 1387 910 1433; x_wconf 78' lang='lat' dir='ltr'>(Isaie</span> <span class='ocrx_word' id='word_1_159' title='bbox 932 1389 1071 1434; x_wconf 79' lang='lat' dir='ltr'><strong>XXV0‚</strong></span> <span class='ocrx_word' id='word_1_160' title='bbox 1094 1390 1141 1434; x_wconf 85' lang='lat'>1):</span> <span class='ocrx_word' id='word_1_161' title='bbox 1166 1388 1358 1424; x_wconf 79' lang='lat' dir='ltr'>Letamini</span> <span class='ocrx_word' id='word_1_162' title='bbox 1385 1396 1520 1438; x_wconf 77' lang='lat' dir='ltr'>gentes</span> <span class='ocrx_word' id='word_1_163' title='bbox 1552 1401 1635 1424; x_wconf 83' lang='lat' dir='ltr'>cum</span> <span class='ocrx_word' id='word_1_164' title='bbox 1664 1389 1793 1438; x_wconf 80' lang='lat' dir='ltr'>plebe:</span> 
     </span>
     <span class='ocr_line' id='line_1_26' title="bbox 480 1444 1787 1482; baseline 0.002 -3"><span class='ocrx_word' id='word_1_165' title='bbox 480 1445 547 1480; x_wconf 88' lang='lat' dir='ltr'>ubi</span> <span class='ocrx_word' id='word_1_166' title='bbox 587 1444 803 1481; x_wconf 84' lang='lat' dir='ltr'>translacio</span> <span class='ocrx_word' id='word_1_167' title='bbox 842 1454 979 1481; x_wconf 89' lang='lat' dir='ltr'>nostra</span> <span class='ocrx_word' id='word_1_168' title='bbox 1020 1446 1138 1481; x_wconf 87' lang='lat' dir='ltr'>habet</span> <span class='ocrx_word' id='word_1_169' title='bbox 1171 1446 1353 1481; x_wconf 80' lang='lat' dir='ltr'>letabitur</span> <span class='ocrx_word' id='word_1_170' title='bbox 1386 1447 1537 1482; x_wconf 80' lang='lat' dir='ltr'>deserta</span> <span class='ocrx_word' id='word_1_171' title='bbox 1570 1455 1606 1482; x_wconf 91' lang='lat' dir='ltr'>et</span> <span class='ocrx_word' id='word_1_172' title='bbox 1638 1446 1679 1482; x_wconf 91' lang='lat' dir='ltr'>in</span> <span class='ocrx_word' id='word_1_173' title='bbox 1712 1459 1787 1482; x_wconf 88' lang='lat' dir='ltr'>rec-</span> 
     </span>
     <span class='ocr_line' id='line_1_27' title="bbox 480 1502 1794 1551; baseline 0.002 -14"><span class='ocrx_word' id='word_1_174' title='bbox 480 1502 691 1538; x_wconf 88' lang='lat' dir='ltr'>titudinem</span> <span class='ocrx_word' id='word_1_175' title='bbox 745 1515 917 1538; x_wconf 89' lang='lat' dir='ltr'>morum.</span> <span class='ocrx_word' id='word_1_176' title='bbox 975 1505 1062 1551; x_wconf 88' lang='lat' dir='ltr'>Ipsa</span> <span class='ocrx_word' id='word_1_177' title='bbox 1111 1512 1243 1539; x_wconf 87' lang='lat' dir='ltr'>autem</span> <span class='ocrx_word' id='word_1_178' title='bbox 1289 1503 1488 1550; x_wconf 81' lang='lat' dir='ltr'>letabitur,</span> <span class='ocrx_word' id='word_1_179' title='bbox 1543 1517 1632 1540; x_wconf 89' lang='lat' dir='ltr'>cum</span> <span class='ocrx_word' id='word_1_180' title='bbox 1678 1504 1794 1540; x_wconf 89' lang='lat' dir='ltr'>fuerit</span> 
     </span>
     <span class='ocr_line' id='line_1_28' title="bbox 480 1560 1793 1608; baseline 0.002 -13"><span class='ocrx_word' id='word_1_181' title='bbox 480 1572 668 1596; x_wconf 88' lang='lat' dir='ltr'>conversa</span> <span class='ocrx_word' id='word_1_182' title='bbox 693 1561 742 1596; x_wconf 88' lang='lat' dir='ltr'>ad</span> <span class='ocrx_word' id='word_1_183' title='bbox 759 1560 990 1596; x_wconf 87' lang='lat' dir='ltr'>Dominum.</span> <span class='ocrx_word' id='word_1_184' title='bbox 1015 1563 1062 1596; x_wconf 78' lang='lat' dir='ltr'>Et</span> <span class='ocrx_word' id='word_1_185' title='bbox 1085 1561 1228 1597; x_wconf 87' lang='lat' dir='ltr'>iterum</span> <span class='ocrx_word' id='word_1_186' title='bbox 1245 1561 1370 1598; x_wconf 90' lang='lat' dir='ltr'>tercio</span> <span class='ocrx_word' id='word_1_187' title='bbox 1385 1562 1560 1607; x_wconf 84' lang='lat' dir='ltr'>(Psalmo</span> <span class='ocrx_word' id='word_1_188' title='bbox 1577 1563 1793 1608; x_wconf 79' lang='lat' dir='ltr'>CXV10,1):</span> 
     </span>
     <span class='ocr_line' id='line_1_29' title="bbox 481 1618 1795 1670; baseline 0.002 -18"><span class='ocrx_word' id='word_1_189' title='bbox 481 1618 657 1653; x_wconf 76' lang='lat' dir='ltr'>Laudate</span> <span class='ocrx_word' id='word_1_190' title='bbox 688 1630 820 1654; x_wconf 82' lang='lat' dir='ltr'>omnes</span> <span class='ocrx_word' id='word_1_191' title='bbox 850 1626 984 1669; x_wconf 79' lang='lat' dir='ltr'>gentes</span> <span class='ocrx_word' id='word_1_192' title='bbox 1014 1619 1236 1665; x_wconf 79' lang='lat' dir='ltr'>Dominum,</span> <span class='ocrx_word' id='word_1_193' title='bbox 1271 1620 1518 1670; x_wconf 68' lang='lat' dir='ltr'>magnfficate</span> <span class='ocrx_word' id='word_1_194' title='bbox 1549 1632 1632 1656; x_wconf 85' lang='lat' dir='ltr'>eum</span> <span class='ocrx_word' id='word_1_195' title='bbox 1667 1632 1795 1655; x_wconf 76' lang='lat' dir='ltr'>onmes</span> 
     </span>
     <span class='ocr_line' id='line_1_30' title="bbox 475 1675 1793 1725; baseline 0.002 -14"><span class='ocrx_word' id='word_1_196' title='bbox 475 1676 622 1725; x_wconf 76' lang='lat' dir='ltr'>populi.</span> <span class='ocrx_word' id='word_1_197' title='bbox 658 1675 849 1721; x_wconf 87' lang='lat' dir='ltr'>Quamvis</span> <span class='ocrx_word' id='word_1_198' title='bbox 879 1685 1012 1713; x_wconf 90' lang='lat' dir='ltr'>autem</span> <span class='ocrx_word' id='word_1_199' title='bbox 1045 1677 1196 1724; x_wconf 86' lang='lat' dir='ltr'>singule</span> <span class='ocrx_word' id='word_1_200' title='bbox 1219 1686 1354 1724; x_wconf 88' lang='lat' dir='ltr'>gentes</span> <span class='ocrx_word' id='word_1_201' title='bbox 1378 1686 1563 1714; x_wconf 88' lang='lat' dir='ltr'>tenentur</span> <span class='ocrx_word' id='word_1_202' title='bbox 1587 1687 1623 1714; x_wconf 92' lang='lat' dir='ltr'>et</span> <span class='ocrx_word' id='word_1_203' title='bbox 1647 1678 1793 1714; x_wconf 89' lang='lat' dir='ltr'>habent</span> 
     </span>
    </p>
   </div>
   <div class='ocr_carea' id='block_1_7' title="bbox 479 1733 1849 1783">
    <p class='ocr_par' dir='ltr' id='par_1_8' title="bbox 479 1733 1849 1783">
     <span class='ocr_line' id='line_1_31' title="bbox 479 1733 1849 1783; baseline 0.001 -14"><span class='ocrx_word' id='word_1_204' title='bbox 479 1733 758 1769; x_wconf 85' lang='lat' dir='ltr'>necessitatem</span> <span class='ocrx_word' id='word_1_205' title='bbox 799 1734 990 1770; x_wconf 89' lang='lat' dir='ltr'>laudandi</span> <span class='ocrx_word' id='word_1_206' title='bbox 1024 1735 1256 1780; x_wconf 86' lang='lat' dir='ltr'>Dominum,</span> <span class='ocrx_word' id='word_1_207' title='bbox 1296 1744 1431 1772; x_wconf 85' lang='lat' dir='ltr'>tamen</span> <span class='ocrx_word' id='word_1_208' title='bbox 1471 1735 1608 1772; x_wconf 88' lang='lat' dir='ltr'>omnia</span> <span class='ocrx_word' id='word_1_209' title='bbox 1648 1748 1792 1783; x_wconf 79' lang='lat' dir='ltr'>genera</span> <span class='ocrx_word' id='word_1_210' title='bbox 1835 1740 1849 1770; x_wconf 60' lang='grc' dir='ltr'><strong><em>ὃ</em></strong></span> 
     </span>
    </p>
   </div>
   <div class='ocr_carea' id='block_1_8' title="bbox 479 1791 1793 2593">
    <p class='ocr_par' dir='ltr' id='par_1_9' title="bbox 479 1791 1793 2593">
     <span class='ocr_line' id='line_1_32' title="bbox 480 1791 1793 1841; baseline 0.002 -15"><span class='ocrx_word' id='word_1_211' title='bbox 480 1791 662 1839; x_wconf 82' lang='lat' dir='ltr'>gencium</span> <span class='ocrx_word' id='word_1_212' title='bbox 684 1793 902 1828; x_wconf 87' lang='lat' dir='ltr'>secundum</span> <span class='ocrx_word' id='word_1_213' title='bbox 927 1792 1211 1840; x_wconf 82' lang='lat' dir='ltr'>gratitudinem</span> <span class='ocrx_word' id='word_1_214' title='bbox 1237 1794 1285 1829; x_wconf 88' lang='lat' dir='ltr'>ad</span> <span class='ocrx_word' id='word_1_215' title='bbox 1308 1805 1432 1841; x_wconf 88' lang='lat' dir='ltr'>genus</span> <span class='ocrx_word' id='word_1_216' title='bbox 1456 1805 1591 1829; x_wconf 90' lang='lat' dir='ltr'>earum</span> <span class='ocrx_word' id='word_1_217' title='bbox 1609 1802 1793 1830; x_wconf 86' lang='lat' dir='ltr'>tenentur</span> 
     </span>
     <span class='ocr_line' id='line_1_33' title="bbox 480 1849 1790 1899; baseline 0.001 -14"><span class='ocrx_word' id='word_1_218' title='bbox 480 1849 705 1897; x_wconf 87' lang='lat' dir='ltr'>specialiter</span> <span class='ocrx_word' id='word_1_219' title='bbox 734 1850 897 1886; x_wconf 88' lang='lat' dir='ltr'>laudare</span> <span class='ocrx_word' id='word_1_220' title='bbox 921 1850 1138 1886; x_wconf 88' lang='lat' dir='ltr'>Christum.</span> <span class='ocrx_word' id='word_1_221' title='bbox 1172 1850 1321 1887; x_wconf 80' lang='lat' dir='ltr'>Exhinc</span> <span class='ocrx_word' id='word_1_222' title='bbox 1351 1851 1455 1887; x_wconf 89' lang='lat' dir='ltr'>enim</span> <span class='ocrx_word' id='word_1_223' title='bbox 1485 1864 1623 1888; x_wconf 88' lang='lat' dir='ltr'>omnes</span> <span class='ocrx_word' id='word_1_224' title='bbox 1653 1851 1790 1899; x_wconf 85' lang='lat' dir='ltr'>populi</span> 
     </span>
     <span class='ocr_line' id='line_1_34' title="bbox 479 1907 1791 1955; baseline 0.002 -13"><span class='ocrx_word' id='word_1_225' title='bbox 479 1915 663 1943; x_wconf 87' lang='lat' dir='ltr'>tenentur</span> <span class='ocrx_word' id='word_1_226' title='bbox 696 1907 953 1955; x_wconf 86' lang='lat' dir='ltr'>magnificare</span> <span class='ocrx_word' id='word_1_227' title='bbox 986 1908 1192 1945; x_wconf 90' lang='lat' dir='ltr'>dominum</span> <span class='ocrx_word' id='word_1_228' title='bbox 1217 1910 1350 1945; x_wconf 87' lang='lat' dir='ltr'>Jesum</span> <span class='ocrx_word' id='word_1_229' title='bbox 1385 1908 1601 1946; x_wconf 88' lang='lat' dir='ltr'>Christum.</span> <span class='ocrx_word' id='word_1_230' title='bbox 1638 1911 1791 1953; x_wconf 83' lang='lat' dir='ltr'>Quarto</span> 
     </span>
     <span class='ocr_line' id='line_1_35' title="bbox 481 1965 1793 2012; baseline 0.002 -12"><span class='ocrx_word' id='word_1_231' title='bbox 481 1974 516 2000; x_wconf 89' lang='lat' dir='ltr'>et</span> <span class='ocrx_word' id='word_1_232' title='bbox 555 1965 697 2000; x_wconf 89' lang='lat' dir='ltr'>ultimo</span> <span class='ocrx_word' id='word_1_233' title='bbox 742 1965 929 2001; x_wconf 90' lang='lat' dir='ltr'>scribitur</span> <span class='ocrx_word' id='word_1_234' title='bbox 970 1966 1067 2002; x_wconf 90' lang='lat' dir='ltr'>Isaie</span> <span class='ocrx_word' id='word_1_235' title='bbox 1106 1968 1191 2012; x_wconf 82' lang='lat' dir='ltr'>XIO,</span> <span class='ocrx_word' id='word_1_236' title='bbox 1231 1979 1294 2003; x_wconf 87' lang='lat'>10:</span> <span class='ocrx_word' id='word_1_237' title='bbox 1333 1967 1423 2002; x_wconf 80' lang='lat' dir='ltr'>Erit</span> <span class='ocrx_word' id='word_1_238' title='bbox 1461 1967 1581 2003; x_wconf 75' lang='lat' dir='ltr'>radix</span> <span class='ocrx_word' id='word_1_239' title='bbox 1610 1968 1715 2003; x_wconf 81' lang='lat' dir='ltr'>Jesse</span> <span class='ocrx_word' id='word_1_240' title='bbox 1758 1975 1793 2003; x_wconf 85' lang='lat' dir='ltr'>et</span> 
     </span>
     <span class='ocr_line' id='line_1_36' title="bbox 480 2023 1790 2075; baseline 0.003 -18"><span class='ocrx_word' id='word_1_241' title='bbox 480 2023 543 2071; x_wconf 80' lang='lat' dir='ltr'>qui</span> <span class='ocrx_word' id='word_1_242' title='bbox 564 2031 753 2073; x_wconf 73' lang='lat' dir='ltr'>exsurget</span> <span class='ocrx_word' id='word_1_243' title='bbox 777 2036 916 2074; x_wconf 71' lang='lat' dir='ltr'>regere</span> <span class='ocrx_word' id='word_1_244' title='bbox 936 2032 1084 2074; x_wconf 72' lang='lat' dir='ltr'>gentes,</span> <span class='ocrx_word' id='word_1_245' title='bbox 1115 2025 1150 2060; x_wconf 85' lang='lat' dir='ltr'>in</span> <span class='ocrx_word' id='word_1_246' title='bbox 1173 2037 1256 2060; x_wconf 83' lang='lat' dir='ltr'>eum</span> <span class='ocrx_word' id='word_1_247' title='bbox 1280 2032 1415 2075; x_wconf 80' lang='lat' dir='ltr'>gentes</span> <span class='ocrx_word' id='word_1_248' title='bbox 1436 2025 1655 2074; x_wconf 79' lang='lat' dir='ltr'>sperabunt.</span> <span class='ocrx_word' id='word_1_249' title='bbox 1689 2027 1790 2061; x_wconf 89' lang='lat' dir='ltr'>Nam</span> 
     </span>
     <span class='ocr_line' id='line_1_37' title="bbox 480 2080 1789 2119; baseline 0.002 -4"><span class='ocrx_word' id='word_1_250' title='bbox 480 2080 643 2116; x_wconf 86' lang='lat' dir='ltr'>Messias</span> <span class='ocrx_word' id='word_1_251' title='bbox 666 2082 884 2117; x_wconf 89' lang='lat' dir='ltr'>secundum</span> <span class='ocrx_word' id='word_1_252' title='bbox 903 2081 1151 2118; x_wconf 88' lang='lat' dir='ltr'>divinitatem</span> <span class='ocrx_word' id='word_1_253' title='bbox 1170 2082 1242 2118; x_wconf 92' lang='lat' dir='ltr'>fuit</span> <span class='ocrx_word' id='word_1_254' title='bbox 1258 2082 1369 2119; x_wconf 79' lang='lat' dir='ltr'>radix</span> <span class='ocrx_word' id='word_1_255' title='bbox 1383 2084 1488 2119; x_wconf 89' lang='lat' dir='ltr'>Jesse</span> <span class='ocrx_word' id='word_1_256' title='bbox 1513 2091 1549 2119; x_wconf 86' lang='lat' dir='ltr'>et</span> <span class='ocrx_word' id='word_1_257' title='bbox 1570 2084 1789 2119; x_wconf 92' lang='lat' dir='ltr'>secundum</span> 
     </span>
     <span class='ocr_line' id='line_1_38' title="bbox 480 2138 1791 2188; baseline 0.002 -15"><span class='ocrx_word' id='word_1_258' title='bbox 480 2138 770 2174; x_wconf 88' lang='lat' dir='ltr'>humanitatem</span> <span class='ocrx_word' id='word_1_259' title='bbox 810 2139 1022 2175; x_wconf 87' lang='lat' dir='ltr'>resurrexit</span> <span class='ocrx_word' id='word_1_260' title='bbox 1061 2152 1082 2176; x_wconf 90' lang='lat' dir='ltr'>a</span> <span class='ocrx_word' id='word_1_261' title='bbox 1123 2140 1291 2176; x_wconf 88' lang='lat' dir='ltr'>mortuis</span> <span class='ocrx_word' id='word_1_262' title='bbox 1330 2142 1380 2177; x_wconf 86' lang='lat' dir='ltr'>ad</span> <span class='ocrx_word' id='word_1_263' title='bbox 1418 2142 1636 2188; x_wconf 86' lang='lat' dir='ltr'>regendum</span> <span class='ocrx_word' id='word_1_264' title='bbox 1677 2140 1791 2188; x_wconf 87' lang='lat' dir='ltr'>spiri-</span> 
     </span>
     <span class='ocr_line' id='line_1_39' title="bbox 481 2195 1791 2247; baseline 0.002 -16"><span class='ocrx_word' id='word_1_265' title='bbox 481 2195 642 2231; x_wconf 88' lang='lat' dir='ltr'>tualiter</span> <span class='ocrx_word' id='word_1_266' title='bbox 674 2205 808 2243; x_wconf 84' lang='lat' dir='ltr'>gentes</span> <span class='ocrx_word' id='word_1_267' title='bbox 842 2206 878 2233; x_wconf 87' lang='lat' dir='ltr'>et</span> <span class='ocrx_word' id='word_1_268' title='bbox 907 2197 947 2233; x_wconf 92' lang='lat' dir='ltr'>in</span> <span class='ocrx_word' id='word_1_269' title='bbox 980 2210 1069 2234; x_wconf 89' lang='lat' dir='ltr'>eum</span> <span class='ocrx_word' id='word_1_270' title='bbox 1095 2197 1247 2234; x_wconf 85' lang='lat' dir='ltr'>diverse</span> <span class='ocrx_word' id='word_1_271' title='bbox 1279 2207 1414 2246; x_wconf 89' lang='lat' dir='ltr'>gentes</span> <span class='ocrx_word' id='word_1_272' title='bbox 1447 2207 1655 2247; x_wconf 88' lang='lat' dir='ltr'>tamquam</span> <span class='ocrx_word' id='word_1_273' title='bbox 1688 2199 1791 2234; x_wconf 88' lang='lat' dir='ltr'>fruc-</span> 
     </span>
     <span class='ocr_line' id='line_1_40' title="bbox 481 2253 1791 2302; baseline 0.003 -14"><span class='ocrx_word' id='word_1_274' title='bbox 481 2253 700 2289; x_wconf 83' lang='lat' dir='ltr'>tificantem</span> <span class='ocrx_word' id='word_1_275' title='bbox 730 2254 905 2302; x_wconf 84' lang='lat' dir='ltr'>stipitem</span> <span class='ocrx_word' id='word_1_276' title='bbox 936 2264 1208 2302; x_wconf 86' lang='lat' dir='ltr'>speraverunt,</span> <span class='ocrx_word' id='word_1_277' title='bbox 1241 2265 1277 2292; x_wconf 92' lang='lat' dir='ltr'>et</span> <span class='ocrx_word' id='word_1_278' title='bbox 1300 2255 1356 2292; x_wconf 91' lang='lat' dir='ltr'>sic</span> <span class='ocrx_word' id='word_1_279' title='bbox 1379 2257 1506 2292; x_wconf 87' lang='lat' dir='ltr'>factus</span> <span class='ocrx_word' id='word_1_280' title='bbox 1536 2265 1592 2293; x_wconf 92' lang='lat' dir='ltr'>est</span> <span class='ocrx_word' id='word_1_281' title='bbox 1616 2256 1791 2292; x_wconf 87' lang='lat' dir='ltr'>libamen</span> 
     </span>
     <span class='ocr_line' id='line_1_41' title="bbox 482 2310 1790 2362; baseline 0.003 -16"><span class='ocrx_word' id='word_1_282' title='bbox 482 2310 655 2358; x_wconf 87' lang='lat' dir='ltr'>plurium</span> <span class='ocrx_word' id='word_1_283' title='bbox 695 2311 915 2348; x_wconf 81' lang='lat' dir='ltr'>insularum</span> <span class='ocrx_word' id='word_1_284' title='bbox 957 2315 1078 2360; x_wconf 86' lang='lat' dir='ltr'>(Jesse</span> <span class='ocrx_word' id='word_1_285' title='bbox 1118 2313 1221 2349; x_wconf 88' lang='lat' dir='ltr'>enim</span> <span class='ocrx_word' id='word_1_286' title='bbox 1256 2313 1544 2362; x_wconf 87' lang='lat' dir='ltr'>interpretatur</span> <span class='ocrx_word' id='word_1_287' title='bbox 1581 2313 1708 2350; x_wconf 90' lang='lat' dir='ltr'>insule</span> <span class='ocrx_word' id='word_1_288' title='bbox 1746 2313 1790 2349; x_wconf 85' lang='lat' dir='ltr'>li-</span> 
     </span>
     <span class='ocr_line' id='line_1_42' title="bbox 482 2369 1788 2416; baseline 0.004 -13"><span class='ocrx_word' id='word_1_289' title='bbox 482 2370 656 2416; x_wconf 87' lang='lat' dir='ltr'>bamen).</span> <span class='ocrx_word' id='word_1_290' title='bbox 692 2369 814 2405; x_wconf 86' lang='lat' dir='ltr'>Radix</span> <span class='ocrx_word' id='word_1_291' title='bbox 848 2370 952 2406; x_wconf 87' lang='lat' dir='ltr'>enirn</span> <span class='ocrx_word' id='word_1_292' title='bbox 987 2372 1034 2407; x_wconf 88' lang='lat' dir='ltr'>de</span> <span class='ocrx_word' id='word_1_293' title='bbox 1066 2379 1171 2407; x_wconf 88' lang='lat' dir='ltr'>terra</span> <span class='ocrx_word' id='word_1_294' title='bbox 1205 2371 1332 2408; x_wconf 80' lang='lat' dir='ltr'>excisa</span> <span class='ocrx_word' id='word_1_295' title='bbox 1366 2380 1403 2408; x_wconf 92' lang='lat' dir='ltr'>et</span> <span class='ocrx_word' id='word_1_296' title='bbox 1435 2371 1475 2408; x_wconf 90' lang='lat' dir='ltr'>in</span> <span class='ocrx_word' id='word_1_297' title='bbox 1507 2381 1614 2408; x_wconf 89' lang='lat' dir='ltr'>terra</span> <span class='ocrx_word' id='word_1_298' title='bbox 1646 2372 1788 2408; x_wconf 87' lang='lat' dir='ltr'>iterum</span> 
     </span>
     <span class='ocr_line' id='line_1_43' title="bbox 482 2424 1789 2478; baseline 0.004 -17"><span class='ocrx_word' id='word_1_299' title='bbox 482 2426 688 2463; x_wconf 88' lang='lat' dir='ltr'>recondita</span> <span class='ocrx_word' id='word_1_300' title='bbox 722 2428 940 2464; x_wconf 90' lang='lat' dir='ltr'>multorum</span> <span class='ocrx_word' id='word_1_301' title='bbox 980 2428 1312 2465; x_wconf 87' lang='lat' dir='ltr'>raminiculorum</span> <span class='ocrx_word' id='word_1_302' title='bbox 1353 2424 1499 2466; x_wconf 89' lang='lat' dir='ltr'>emittit</span> <span class='ocrx_word' id='word_1_303' title='bbox 1537 2430 1789 2478; x_wconf 84' lang='lat' dir='ltr'>propagineS,</span> 
     </span>
     <span class='ocr_line' id='line_1_44' title="bbox 482 2483 1789 2535; baseline 0.003 -16"><span class='ocrx_word' id='word_1_304' title='bbox 482 2492 518 2519; x_wconf 90' lang='lat' dir='ltr'>et</span> <span class='ocrx_word' id='word_1_305' title='bbox 541 2483 597 2520; x_wconf 88' lang='lat' dir='ltr'>sic</span> <span class='ocrx_word' id='word_1_306' title='bbox 620 2484 880 2532; x_wconf 87' lang='lat' dir='ltr'>spiritualiter</span> <span class='ocrx_word' id='word_1_307' title='bbox 903 2494 961 2521; x_wconf 91' lang='lat' dir='ltr'>est</span> <span class='ocrx_word' id='word_1_308' title='bbox 982 2487 1029 2522; x_wconf 89' lang='lat' dir='ltr'>de</span> <span class='ocrx_word' id='word_1_309' title='bbox 1054 2487 1213 2523; x_wconf 89' lang='lat' dir='ltr'>Christo</span> <span class='ocrx_word' id='word_1_310' title='bbox 1237 2489 1502 2524; x_wconf 89' lang='lat' dir='ltr'>descendente</span> <span class='ocrx_word' id='word_1_311' title='bbox 1525 2489 1573 2524; x_wconf 90' lang='lat' dir='ltr'>de</span> <span class='ocrx_word' id='word_1_312' title='bbox 1595 2487 1789 2535; x_wconf 89' lang='lat' dir='ltr'>gentibus.</span> 
     </span>
     <span class='ocr_line' id='line_1_45' title="bbox 483 2541 1788 2593; baseline 0.002 -16"><span class='ocrx_word' id='word_1_313' title='bbox 483 2543 524 2577; x_wconf 91' lang='lat' dir='ltr'>In</span> <span class='ocrx_word' id='word_1_314' title='bbox 556 2541 685 2589; x_wconf 89' lang='lat' dir='ltr'>ipsum</span> <span class='ocrx_word' id='word_1_315' title='bbox 721 2543 823 2578; x_wconf 89' lang='lat' dir='ltr'>enim</span> <span class='ocrx_word' id='word_1_316' title='bbox 858 2552 992 2591; x_wconf 84' lang='lat' dir='ltr'>gentes</span> <span class='ocrx_word' id='word_1_317' title='bbox 1025 2546 1243 2591; x_wconf 86' lang='lat' dir='ltr'>sperabunt</span> <span class='ocrx_word' id='word_1_318' title='bbox 1265 2554 1473 2593; x_wconf 87' lang='lat' dir='ltr'>tamquam</span> <span class='ocrx_word' id='word_1_319' title='bbox 1498 2545 1672 2582; x_wconf 87' lang='lat' dir='ltr'>radicem</span> <span class='ocrx_word' id='word_1_320' title='bbox 1699 2545 1788 2581; x_wconf 84' lang='lat' dir='ltr'>fidei</span> 
     </span>
    </p>
   </div>
   <div class='ocr_carea' id='block_1_9' title="bbox 1811 583 1826 614">
    <p class='ocr_par' dir='ltr' id='par_1_10' title="bbox 1811 583 1826 614">
     <span class='ocr_line' id='line_1_46' title="bbox 1811 583 1826 614; baseline 0 0"><span class='ocrx_word' id='word_1_321' title='bbox 1811 583 1826 614; x_wconf 77' lang='lat'><strong>5</strong></span> 
     </span>
    </p>
   </div>
   <div class='ocr_carea' id='block_1_10' title="bbox 1816 882 1852 904">
    <p class='ocr_par' dir='ltr' id='par_1_11' title="bbox 1816 882 1852 904">
     <span class='ocr_line' id='line_1_47' title="bbox 1816 882 1852 904; baseline 0 -3"><span class='ocrx_word' id='word_1_322' title='bbox 1816 882 1852 904; x_wconf 80' lang='lat'>10</span> 
     </span>
    </p>
   </div>
   <div class='ocr_carea' id='block_1_11' title="bbox 1815 1161 1851 1193">
    <p class='ocr_par' dir='ltr' id='par_1_12' title="bbox 1815 1161 1851 1193">
     <span class='ocr_line' id='line_1_48' title="bbox 1815 1161 1851 1193; baseline 0.028 -1"><span class='ocrx_word' id='word_1_323' title='bbox 1815 1161 1851 1193; x_wconf 87' lang='lat'>15</span> 
     </span>
    </p>
   </div>
   <div class='ocr_carea' id='block_1_12' title="bbox 1810 1460 1852 1481">
    <p class='ocr_par' dir='ltr' id='par_1_13' title="bbox 1810 1460 1852 1481">
     <span class='ocr_line' id='line_1_49' title="bbox 1810 1460 1852 1481; baseline 0 0"><span class='ocrx_word' id='word_1_324' title='bbox 1810 1460 1852 1481; x_wconf 83' lang='lat'>20</span> 
     </span>
    </p>
   </div>
   <div class='ocr_carea' id='block_1_13' title="bbox 1809 2028 1848 2059">
    <p class='ocr_par' dir='ltr' id='par_1_14' title="bbox 1809 2028 1848 2059">
     <span class='ocr_line' id='line_1_50' title="bbox 1809 2028 1848 2059; baseline 0 0"><span class='ocrx_word' id='word_1_325' title='bbox 1809 2028 1823 2059; x_wconf 70' lang='lat'><em>3</em></span> <span class='ocrx_word' id='word_1_326' title='bbox 1830 2040 1848 2059; x_wconf 83' lang='lat' dir='ltr'>o</span> 
     </span>
    </p>
   </div>
   <div class='ocr_carea' id='block_1_14' title="bbox 1808 2318 1846 2351">
    <p class='ocr_par' dir='ltr' id='par_1_15' title="bbox 1808 2318 1846 2351">
     <span class='ocr_line' id='line_1_51' title="bbox 1808 2318 1846 2351; baseline 0.053 -2"><span class='ocrx_word' id='word_1_327' title='bbox 1808 2318 1846 2351; x_wconf 76' lang='lat'>35</span> 
     </span>
    </p>
   </div>
   <div class='ocr_carea' id='block_1_15' title="bbox 481 2599 1847 2655">
    <p class='ocr_par' dir='ltr' id='par_1_16' title="bbox 481 2599 1847 2655">
     <span class='ocr_line' id='line_1_52' title="bbox 481 2599 1847 2655; baseline 0.001 -20"><span class='ocrx_word' id='word_1_328' title='bbox 481 2599 785 2646; x_wconf 86' lang='lat' dir='ltr'>germinantem.</span> <span class='ocrx_word' id='word_1_329' title='bbox 838 2603 937 2637; x_wconf 89' lang='lat' dir='ltr'>Nam</span> <span class='ocrx_word' id='word_1_330' title='bbox 988 2603 1046 2647; x_wconf 91' lang='lat' dir='ltr'>(ut</span> <span class='ocrx_word' id='word_1_331' title='bbox 1090 2603 1255 2638; x_wconf 87' lang='lat' dir='ltr'>Matthei</span> <span class='ocrx_word' id='word_1_332' title='bbox 1302 2606 1350 2645; x_wconf 74' lang='lat'>10,</span> <span class='ocrx_word' id='word_1_333' title='bbox 1400 2604 1416 2638; x_wconf 88' lang='lat'>5</span> <span class='ocrx_word' id='word_1_334' title='bbox 1472 2603 1630 2648; x_wconf 87' lang='lat' dir='ltr'>dicitur)</span> <span class='ocrx_word' id='word_1_335' title='bbox 1682 2604 1847 2655; x_wconf 52' lang='lat'>1300340</span> 
     </span>
    </p>
   </div>
   <div class='ocr_carea' id='block_1_16' title="bbox 482 2733 1788 2804">
    <p class='ocr_par' dir='ltr' id='par_1_17' title="bbox 482 2733 1788 2804">
     <span class='ocr_line' id='line_1_53' title="bbox 552 2733 1788 2770; baseline 0.002 -10"><span class='ocrx_word' id='word_1_336' title='bbox 552 2741 589 2760; x_wconf 79' lang='lat'>12.</span> <span class='ocrx_word' id='word_1_337' title='bbox 610 2733 713 2760; x_wconf 82' lang='lat' dir='ltr'>Recte:</span> <span class='ocrx_word' id='word_1_338' title='bbox 736 2735 830 2761; x_wconf 76' lang='lat' dir='ltr'>locos.</span> <span class='ocrx_word' id='word_1_339' title='bbox 948 2736 988 2765; x_wconf 60' lang='grc' dir='ltr'>ιδ,</span> <span class='ocrx_word' id='word_1_340' title='bbox 1010 2744 1051 2770; x_wconf 63' lang='lat'>19.</span> <span class='ocrx_word' id='word_1_341' title='bbox 1074 2735 1166 2762; x_wconf 80' lang='lat' dir='ltr'>Cod.:</span> <span class='ocrx_word' id='word_1_342' title='bbox 1189 2741 1213 2762; x_wconf 78' lang='lat' dir='ltr'>el</span> <span class='ocrx_word' id='word_1_343' title='bbox 1236 2742 1350 2764; x_wconf 82' lang='lat' dir='ltr'>certum</span> <span class='ocrx_word' id='word_1_344' title='bbox 1373 2737 1519 2764; x_wconf 77' lang='lat' dir='ltr'>secundo.</span> <span class='ocrx_word' id='word_1_345' title='bbox 1638 2744 1678 2765; x_wconf 69' lang='grc' dir='ltr'>μ’).</span> <span class='ocrx_word' id='word_1_346' title='bbox 1700 2736 1788 2763; x_wconf 81' lang='lat' dir='ltr'>Recte</span> 
     </span>
     <span class='ocr_line' id='line_1_54' title="bbox 482 2767 1658 2804; baseline 0.003 -10"><span class='ocrx_word' id='word_1_347' title='bbox 482 2768 520 2794; x_wconf 78' lang='lat' dir='ltr'>Is.</span> <span class='ocrx_word' id='word_1_348' title='bbox 542 2767 666 2801; x_wconf 73' lang='lat' dir='ltr'><strong>XXXV,</strong></span> <span class='ocrx_word' id='word_1_349' title='bbox 690 2776 709 2795; x_wconf 86' lang='lat'>1.</span> <span class='ocrx_word' id='word_1_350' title='bbox 783 2768 824 2795; x_wconf 74' lang='lat'>33.</span> <span class='ocrx_word' id='word_1_351' title='bbox 846 2768 940 2796; x_wconf 91' lang='lat' dir='ltr'>Cod.:</span> <span class='ocrx_word' id='word_1_352' title='bbox 963 2778 1068 2804; x_wconf 72' lang='lat' dir='ltr'>genus.</span> <span class='ocrx_word' id='word_1_353' title='bbox 1652 2769 1658 2771; x_wconf 57' lang='grc'>“</span> 
     </span>
    </p>
   </div>
   <div class='ocr_carea' id='block_1_17' title="bbox 559 2851 1457 2897">
    <p class='ocr_par' dir='ltr' id='par_1_18' title="bbox 559 2851 1457 2897">
     <span class='ocr_line' id='line_1_55' title="bbox 559 2851 1457 2897; baseline 0.006 -15"><span class='ocrx_word' id='word_1_354' title='bbox 559 2863 606 2892; x_wconf 71' lang='grc'>14,</span> <span class='ocrx_word' id='word_1_355' title='bbox 641 2863 690 2894; x_wconf 67' lang='lat'>19,</span> <span class='ocrx_word' id='word_1_356' title='bbox 719 2851 769 2891; x_wconf 82' lang='lat'>23,</span> <span class='ocrx_word' id='word_1_357' title='bbox 799 2861 851 2895; x_wconf 73' lang='lat'>29.</span> <span class='ocrx_word' id='word_1_358' title='bbox 879 2854 931 2884; x_wconf 74' lang='lat' dir='ltr'>Ad</span> <span class='ocrx_word' id='word_1_359' title='bbox 960 2854 1061 2884; x_wconf 87' lang='lat' dir='ltr'>Rom.</span> <span class='ocrx_word' id='word_1_360' title='bbox 1093 2855 1166 2894; x_wconf 83' lang='lat' dir='ltr'>XV,</span> <span class='ocrx_word' id='word_1_361' title='bbox 1192 2866 1224 2897; x_wconf 37' lang='grc' dir='ltr'>(ζ),</span> <span class='ocrx_word' id='word_1_362' title='bbox 1256 2865 1306 2893; x_wconf 81' lang='lat'>10,</span> <span class='ocrx_word' id='word_1_363' title='bbox 1340 2867 1389 2896; x_wconf 78' lang='grc' dir='ltr'>Η,</span> <span class='ocrx_word' id='word_1_364' title='bbox 1422 2865 1457 2887; x_wconf 83' lang='lat'>12</span> 
     </span>
    </p>
   </div>
  </div>
 </body>
</html>
