1944 3323
120 909 157 931 10

119 1190 154 1223 15

116 1491 157 1513 20

117 1773 156 1805 25

118 2065 158 2097 30

115 2661 160 2692 40

175 262 311 292 SERMO
332 252 444 311 xxx]
666 267 843 299 TERTiA
870 268 996 299 PARS.
1711 273 1789 310 247

176 375 283 423 quod
317 383 408 411 sunt
440 374 541 411 adeo
575 373 811 411 concordati
840 382 1049 423 tamquam
1075 375 1256 412 Herodes
1291 383 1328 412 et
1352 375 1501 413 Pilatus

175 433 284 481 quod
317 444 456 469 omnes
489 431 562 468 iste
596 431 809 480 religiones
849 432 1002 480 private
1036 441 1140 479 sunt,
1172 442 1215 469 ut
1248 433 1353 470 idem
1388 433 1501 482 niger

177 490 286 528 canis
321 490 474 536 asserit,
510 489 783 526 essencialiter
816 490 922 526 idem
957 492 1070 528 ordo.

234 550 311 585 Sed
334 561 417 586 non
434 548 599 585 dubium
620 548 719 597 quin
737 561 808 596 per
824 549 901 585 hoc
917 550 1083 585 verbum
1108 549 1343 598 implicatur
1360 562 1499 586 eorum

176 606 358 644 confusio
389 616 425 643 et
463 615 604 644 contra
639 607 817 655 regulam
849 608 1059 656 propriam
1095 620 1142 645 ac
1173 608 1500 656 dispensaciones

175 666 340 714 papales
390 664 661 714 repugnancie
711 665 936 702 intricacio.
980 665 1173 714 Arguitur
1223 679 1316 714 ergo
1361 676 1501 704 contra

174 722 324 760 dictam
350 735 513 760 causam
535 736 659 772 quare
682 723 747 760 isti
771 723 933 761 ordines
957 734 1048 761 sunt
1064 724 1224 773 privati.
1250 724 1290 761 Si
1314 725 1418 762 enim
1445 725 1501 762 sic
1525 734 1552 762 11⁴
1570 735 1623 773 ηις
1642 735 1787 774 τοῌρὶοιιε

174 781 332 830 privant
363 794 456 819 suos
490 782 750 830 professores,
786 783 916 819 forent
949 782 1026 819 illis
1060 783 1214 829 illicita,
1249 792 1345 820 tunc
1378 783 1445 820 illa
1479 796 1501 820 a
1539 768 1773 797 aretortuddeu

1517 804 1598 831 what
1619 804 1644 832 is
1663 805 1791 833 allowed

174 840 319 889 quibus
353 839 407 876 sic
440 840 599 889 privant
634 850 763 877 essent
796 840 873 877 illis
907 841 1048 878 illicita
1082 850 1118 878 et
1147 854 1219 890 per
1252 854 1501 890 consequens
1533 839 1781 902 101313204'30ffljey

172 897 311 935 illicite
363 899 540 935 facerent
592 899 697 947 ipsa3
751 908 788 936 et
832 899 888 936 ita
931 899 1070 936 illicite
1112 899 1290 936 viverent
1334 908 1501 948 propter
1576 909 1732 948 Christian

173 957 269 993 talia
306 969 431 1005 opera
470 966 715 1005 perpetrata.
766 957 909 994 Melius
949 970 1042 1006 ergo
1082 958 1183 994 foret
1223 958 1300 995 illis
1340 970 1498 995 servare
1580 945 1729 972 ¹¹⁹⁸⁰d⁰m¹

172 1015 399 1052 libertatem
432 1015 659 1064 pristinam,
691 1028 740 1052 ne
763 1015 819 1052 sic
840 1016 976 1053 vivant
999 1016 1150 1062 illicite,
1174 1028 1246 1053 nec
1269 1018 1318 1053 ad
1343 1025 1500 1053 tantum

172 1073 436 1110 infatuabitur
480 1073 589 1110 canis
635 1074 708 1110 iste
754 1074 990 1122 religionem
1036 1087 1148 1111 suam
1198 1075 1328 1111 facere
1374 1075 1500 1111 multa

172 1144 256 1169 esse
288 1131 442 1178 illicita,
476 1131 568 1169 licet
603 1145 682 1169 non
715 1132 806 1179 sint,
842 1132 935 1181 quia
967 1145 1070 1170 vana
1102 1134 1204 1169 foret
1237 1133 1327 1170 talis
1361 1133 1500 1181 religio

172 1189 422 1239 principians
474 1190 706 1227 huiusmodi
757 1191 996 1228 faccionem.
1056 1194 1139 1228 Nec
1192 1191 1360 1228 dubium
1404 1191 1500 1240 quin

174 1248 454 1297 multipliciter
487 1249 754 1297 conglobatur
784 1249 1035 1298 impossibile
1068 1249 1249 1297 aliunde3
1283 1263 1377 1287 nam
1411 1249 1499 1299 quis

172 1306 353 1355 sophista
392 1306 550 1344 dubitat
595 1307 662 1356 qui
701 1307 831 1345 noscit
870 1309 979 1357 quod
1019 1320 1063 1344 ex
1099 1308 1285 1357 negativa
1322 1321 1404 1345 non
1442 1320 1500 1345 se-

173 1365 308 1415 quitur
353 1365 607 1412 affirmativa,
657 1366 754 1415 quin
797 1366 1049 1415 impossibile
1093 1366 1142 1403 sit
1190 1368 1298 1415 quod
1343 1366 1375 1403 si
1419 1379 1501 1403 non

174 1425 275 1461 foret
313 1424 403 1460 talis
442 1423 640 1472 professio
674 1424 761 1473 ipsa
793 1425 924 1461 forent
963 1424 1040 1461 illis
1079 1424 1202 1462 licita.
1252 1426 1354 1462 Cum
1394 1425 1498 1462 enirn

174 1483 204 1519 si
228 1483 331 1519 foret
353 1482 444 1519 talis
476 1483 674 1531 professio
707 1482 793 1531 ipsa
827 1483 958 1520 forent
992 1483 1068 1520 illis
1100 1483 1222 1530 licita,
1257 1492 1367 1532 patet
1391 1485 1499 1532 quod

174 1541 356 1577 absolute
394 1540 623 1578 necessario
662 1540 739 1589 ipsi
778 1541 908 1578 forent
949 1550 985 1578 et
1026 1542 1082 1578 sic
1121 1543 1222 1578 ordo
1268 1542 1358 1579 talis
1404 1554 1500 1590 apo-

174 1607 326 1636 statans
350 1599 452 1635 foret
476 1601 593 1636 Deus.
626 1599 741 1636 Talia
766 1600 893 1636 multa
917 1601 964 1636 de
992 1599 1287 1637 universalibus
1311 1600 1500 1649 operibus

175 1657 344 1705 cogitari
377 1666 541 1705 possent
565 1657 605 1694 in
638 1657 714 1694 ista
748 1657 1020 1707 materiaque
1054 1658 1267 1695 manifeste
1291 1658 1499 1695 inficerent

173 1715 295 1752 istum
341 1728 495 1752 canem.
545 1718 636 1753 Non
680 1715 785 1752 enirn
834 1716 908 1753 scit
954 1729 1030 1766 que
1084 1716 1324 1766 descriptive
1369 1717 1499 1753 forent

174 1774 327 1820 illicita,
368 1775 437 1810 sed
477 1773 702 1823 cuicunque
741 1774 926 1823 religioni
965 1784 1056 1811 sunt
1091 1775 1216 1812 multa
1250 1774 1390 1812 illicita
1423 1787 1499 1824 que

173 1833 393 1869 secundum
412 1862 419 1869 .
439 1862 446 1869 .
466 1862 472 1868 .
493 1861 500 1869 .
525 1842 617 1869 sunt
645 1832 741 1869 satis
766 1832 887 1870 licita.
924 1835 1016 1870 Ideo
1041 1832 1150 1870 canis
1184 1833 1257 1870 iste
1290 1834 1500 1870 edentulus
1521 1842 1641 1869 Privata
1662 1841 1789 1904 senserion

174 1904 255 1928 non
279 1891 398 1927 habet
421 1903 464 1927 os
488 1891 549 1927 vel
572 1891 833 1939 sapiendam,
859 1904 949 1928 cum
974 1891 1128 1929 inficiat
1151 1891 1301 1929 dictam
1324 1892 1499 1940 vulpem.
1517 1877 1790 1939 becssffisssailgebffids

233 1950 418 1986 Secunda
434 1961 554 1986 causa
569 1949 868 1987 nominacionis
884 1950 1089 1998 religionis
1108 1949 1262 1998 private
1278 1951 1499 1987 secundum
1527 1947 1782 2010 Oglbr'ijioelglffilfff

175 2020 265 2044 eum
287 2016 343 2044 est
359 2007 567 2056 ista‚quod
582 2007 722 2056 religio
738 2008 893 2056 privata
910 2009 1039 2046 solum
1057 2008 1208 2057 obligat
1223 2018 1379 2057 partem
1398 2008 1501 2046 chri·
1618 2005 1629 2009 '
1767 2003 1771 2008 ¹

175 2065 396 2112 stianismi3
415 2066 640 2102 communis
657 2075 791 2103 autem
809 2067 949 2115 religio
970 2067 1123 2115 obligat
1139 2079 1279 2104 omnes
1301 2066 1499 2104 homines.

233 2125 383 2161 Contra
413 2123 519 2161 istud
549 2124 722 2161 instatur
751 2138 821 2174 per
844 2127 920 2162 hoc
944 2127 1052 2174 quod
1082 2125 1214 2162 omnis
1244 2125 1500 2174 particularis
1514 2134 1602 2162 Then
1617 2142 1708 2170 every
1724 2139 1790 2168 part

174 2181 314 2230 religio
359 2182 510 2231 obligat
562 2192 718 2231 partem
780 2183 1067 2220 christianismi
1121 2193 1157 2221 et
1208 2197 1291 2222 non
1343 2193 1499 2231 totum;
1520 2170 1555 2197 of
1571 2169 1789 2232 Ῑρὴξῑῗδῖξὲιῗωῃ

175 2240 351 2289 quelibet
389 2253 481 2289 pars
523 2242 748 2278 communis
789 2242 994 2291 religionis
1034 2242 1251 2280 christiane
1284 2251 1342 2280 est
1374 2242 1500 2291 parti·
1547 2239 1676 2274 religion
1697 2239 1759 2266 5³²¹

175 2298 321 2336 cularis
363 2298 515 2347 religio,
564 2312 658 2348 ergo
693 2300 868 2348 quelibet
901 2314 994 2349 pars
1035 2301 1261 2338 communis
1294 2301 1499 2350 religionis
1532 2279 1650 2310 pruatt
1670 2274 1771 2302 order.

144 2357 154 2362 ’
175 2356 392 2394 christiane
415 2357 567 2406 obligat
590 2367 747 2407 partem
772 2368 809 2396 et
831 2372 913 2396 non
943 2368 1074 2396 toturn
1106 2368 1143 2396 et
1173 2368 1231 2396 est
1261 2372 1332 2408 per
1363 2372 1499 2397 conse-

175 2427 300 2464 quens
315 2414 471 2464 privata
487 2416 640 2465 religio,
658 2426 695 2453 et
709 2416 765 2454 sic
781 2426 866 2454 tota
882 2417 1108 2454 communis
1124 2418 1264 2466 religio
1281 2418 1499 2455 christiana

175 2474 277 2511 foret
300 2474 521 2511 secundum
556 2487 596 2511 se
619 2483 747 2512 totam
782 2475 922 2523 religio
955 2476 1125 2524 privata.
1161 2477 1327 2514 Gaudeo
1361 2485 1495 2513 autern
1533 2484 1616 2523 Tmo
1637 2484 1764 2519 religion

177 2533 285 2581 quod
310 2532 538 2569 communis
563 2533 780 2570 christiana
805 2533 946 2582 religio
970 2534 1120 2582 obligat
1144 2547 1283 2571 omnes
1314 2534 1497 2571 homines
1523 2520 1778 2581 bmtfficggsgthe

175 2590 301 2627 eciam
337 2591 476 2627 beatos
510 2590 549 2627 in
589 2591 733 2640 patria.
781 2593 860 2629 Sua
899 2601 1033 2629 autem
1074 2592 1214 2640 religio
1254 2606 1335 2629 non
1374 2593 1496 2629 intrat

174 2648 348 2698 patriam
389 2649 459 2685 sed
498 2649 629 2686 solum
669 2650 822 2698 obligat
855 2651 998 2687 stultos
1033 2650 1200 2688 miseros
1235 2651 1298 2688 hic
1330 2651 1495 2688 viantes.

245 2779 283 2799 12.
306 2771 399 2799 Cod.:
422 2772 601 2806 prestinam.
718 2772 754 2800 15.
777 2773 870 2801 Cod.:
894 2773 1084 2808 principans.
1201 2781 1242 2809 ις).
1264 2773 1360 2801 Cod.:
1382 2774 1496 2801 illicita.

175 2806 220 2834 26.
249 2807 437 2840 secundum;
466 2806 514 2834 liic
540 2808 669 2834 verbum
697 2808 820 2836 excidit.
847 2808 954 2836 Adde:
983 2816 1063 2836 eum.
1208 2808 1305 2837 2811]
1327 2817 1442 2843 marg:
1469 2817 1495 2836 2.

175 2848 222 2876 29,
243 2839 286 2869 32.
309 2841 405 2869 Cod.:
427 2841 688 2870 christianissimi.

249 2912 275 2934 1.
304 2902 354 2934 Cf.
382 2902 530 2935 Lechler
557 2904 577 2934 l.
605 2913 632 2935 c.
661 2902 739 2936 628.
