1944 3323
155 224 230 259 510

150 403 302 430 Evidencc¹
322 404 356 430 os
373 403 421 429 the

225 438 341 465 Missal.

207 1444 367 1472 Remedies

195 1480 314 1514 against
334 1479 383 1506 tlte

160 1514 364 1549 oppressions
385 1514 418 1541 of

177 1550 225 1576 tlte
247 1549 394 1584 prelatos:

171 1802 189 1820 1.
213 1793 322 1825 Praxer
342 1792 405 1819 that

214 1824 281 1854 God
303 1827 363 1853 wilt

152 1862 306 1897 cnlighten
329 1862 422 1888 them.

177 2032 201 2051 2.
225 2024 343 2059 Appeal
366 2028 396 2050 to

151 2059 299 2094 tempora}
317 2058 423 2086 rulers.

195 2369 220 2398 3.
241 2369 379 2398 Patieucc

240 2405 338 2432 under

153 2439 336 2475 oppressiou
352 2438 425 2465 with

161 2479 239 2502 trust
258 2475 287 2502 in
311 2474 424 2501 Christ.

729 233 952 265 JOHANNIS
972 233 1152 264 WYCLIF
1171 233 1427 265 SERMONUM
1462 219 1612 277 [SERMO
1635 230 1740 258 LVIH·

437 339 725 386 dampnarunt3
763 347 802 374 'et
841 338 994 375 utinam
1034 352 1114 375 non
1153 339 1191 374 in
1231 340 1306 375 hoc
1339 339 1540 375 Christum
1581 347 1618 375 et
1649 353 1741 376 suos

437 397 657 445 apostolos,
710 409 798 432 cum
851 396 1020 433 ecclesia
1064 397 1285 444 Anglicana
1340 396 1436 433 dicit
1486 398 1593 445 quod
1649 411 1741 434 usus

438 455 542 491 illius
591 455 757 491 ecclesie
802 454 842 490 in
885 463 1039 491 secreta
1079 454 1207 491 medie
1241 454 1360 491 misse
1393 454 1545 491 Natalis
1580 456 1741 492 Domini

439 514 545 561 quod
590 512 688 548 sicut
732 513 843 548 homo
886 513 1053 563 genitus,
1100 513 1199 549 idem
1239 513 1393 562 refulsit
1426 514 1546 560 Deus,
1584 514 1637 550 sic
1676 515 1742 550 hec

438 579 594 607 terrena
627 570 844 606 substancia
878 571 983 606 nobis
1015 572 1190 619 conferat
1223 571 1323 619 quod
1355 571 1524 606 divinmn
1558 579 1624 607 est.
1759 573 1774 604 5

495 631 575 665 Nec
621 627 786 663 dubium
831 627 927 675 quin
971 628 1229 676 intelligendo
1277 641 1346 676 per
1393 630 1495 664 hanc
1542 637 1741 666 terrenam

437 685 709 723 substanciam
741 686 1012 722 substanciam
1043 685 1291 722 materialem
1314 686 1505 723 intellexit
1528 686 1636 723 illam
1660 700 1743 724 esse

438 752 735 781 sacramentum
784 743 934 789 altaris,
979 753 1021 780 ut
1065 752 1173 792 patet
1218 743 1257 780 in
1295 753 1451 781 secreta
1491 744 1610 781 misse
1648 745 1743 781 ferie

438 811 578 852 quarte
594 803 776 847 Quatuor
798 811 1026 850 temporum
1048 801 1088 838 in
1111 802 1350 850 Septembri.
1384 802 1423 837 Si
1447 815 1540 850 ergo
1564 802 1744 839 Christus

439 859 594 908 accepit
632 871 777 908 panem
818 859 1066 896 materialem
1107 868 1144 896 et
1176 859 1268 896 fecit
1305 859 1434 908 ipsum
1477 873 1559 896 esse
1599 872 1800 909 corpusto

439 931 569 964 suum,
609 927 652 954 ut
689 926 885 954 testantur
918 926 1115 966 quotquot
1149 926 1379 954 sanctorum
1414 918 1613 955 sentencie
1653 931 1743 955 cum

439 975 622 1020 decretis,
657 988 733 1024 que
756 976 857 1012 foret
881 976 1099 1012 auctoritas
1122 977 1183 1012 vel
1207 975 1298 1012 fidei
1328 977 1558 1013 constancia
1583 978 1744 1013 credere

439 1036 547 1083 quod
579 1034 628 1069 sit
651 1033 838 1070 accidens
871 1033 955 1070 sine
988 1034 1181 1079 subiecto,
1217 1046 1306 1070 cum
1341 1043 1447 1070 secte
1470 1035 1637 1071 fratrum
1669 1036 1744 1072 hoc

438 1101 645 1140 negarunt,
705 1091 880 1128 dicentes
933 1093 1041 1140 quod
1100 1101 1156 1128 est
1207 1092 1410 1140 quantitas
1462 1093 1521 1128 vel
1574 1093 1744 1141 qualitas

439 1150 665 1187 subiectans
699 1149 776 1186 alia
808 1149 1038 1186 accidencia
1070 1149 1151 1186 sive
1182 1149 1317 1186 nichil.
1765 1154 1800 1185 15

497 1211 616 1245 Istam
657 1220 750 1255 ergo
789 1207 1077 1256 blasphemiam
1120 1209 1167 1245 de
1211 1207 1532 1256 impeccabilitate
1566 1210 1744 1244 Romane

439 1266 603 1303 ecclesie
626 1265 776 1314 placuit
800 1267 884 1302 Deo
908 1266 1134 1302 dissolvere.
1169 1267 1261 1302 Ideo
1294 1274 1501 1302 teneamus
1533 1265 1742 1314 pristinam

438 1324 664 1361 libertatem
688 1332 723 1359 et
745 1323 931 1372 antiquos
955 1323 1144 1360 articulos
1169 1323 1259 1360 fidei
1283 1323 1322 1359 in
1338 1323 1496 1360 Christo
1526 1319 1530 1376 Ι
1559 1324 1744 1360 fundatos
1762 1350 1801 1383 35

439 1382 506 1431 qui
540 1393 706 1430 peccare
738 1394 819 1417 non
852 1382 1000 1430 poterit
1033 1382 1093 1417 vel
1124 1394 1216 1418 suos
1250 1381 1385 1418 fideles
1419 1381 1615 1430 decipere.

497 1441 573 1476 Sed
613 1440 836 1475 horrendus
868 1439 990 1475 timor
1027 1439 1223 1475 incumbit
1256 1440 1363 1488 quod
1396 1448 1554 1488 satrape
1587 1439 1745 1488 provin-
1764 1453 1803 1475 20

440 1498 592 1534 ciarum
626 1497 867 1534 necessitant
898 1497 1032 1534 fideles
1057 1498 1129 1533 ‘vel
1154 1497 1215 1534 dic
1245 1499 1295 1534 ad
1319 1498 1393 1533 hoc
1417 1498 1477 1534 vel
1501 1510 1544 1534 ex
1566 1497 1747 1534 tacencia

440 1555 724 1604 dampnaberis
768 1564 975 1603 tamquam
1021 1555 1217 1592 hereticus
1262 1565 1299 1592 et
1342 1564 1480 1603 postea
1524 1555 1746 1600 occideris',

439 1623 475 1650 et
520 1627 541 1650 a
586 1613 724 1649 mundi
769 1613 968 1661 principio
1011 1626 1092 1650 non
1136 1614 1208 1649 fuit
1249 1613 1377 1650 maior
1417 1613 1649 1662 persecucio
1687 1614 1747 1649 vel

441 1672 570 1708 minus
622 1672 802 1708 colorata
854 1671 894 1707 in
947 1671 1023 1708 alia
1068 1680 1188 1708 secta.
1249 1673 1341 1708 Ideo
1387 1684 1457 1719 ego
1510 1684 1590 1707 non
1633 1670 1747 1708 video

440 1728 664 1766 remedium
705 1729 779 1765 nisi
819 1729 983 1777 aliquod
1017 1730 1161 1765 horum
1194 1729 1328 1775 trium,
1363 1729 1494 1777 primo
1527 1741 1642 1766 orare
1675 1742 1748 1777 pro
1766 1733 1804 1766 25

440 1787 536 1836 ipsis
569 1796 611 1823 ut
635 1789 739 1822 Deus
772 1786 811 1822 in
845 1787 920 1823 fide
952 1787 1061 1834 ipsos
1094 1787 1292 1824 illuminet
1326 1796 1362 1824 et
1392 1788 1500 1835 quod
1532 1787 1572 1823 in
1605 1786 1749 1824 exami-

439 1846 607 1882 nacione
631 1844 809 1880 fidelium
832 1846 1111 1893 obtemperent
1134 1845 1300 1882 racioni.
1333 1845 1371 1881 Si
1396 1853 1561 1893 propter
1584 1845 1749 1893 antiqua

441 1903 609 1939 crimina
633 1905 737 1938 Deus
770 1915 850 1938 non
883 1902 1055 1939 audierit
1076 1916 1214 1939 vocem
1241 1903 1417 1939 fidelium
1452 1903 1491 1938 in
1525 1904 1598 1939 hac
1621 1912 1747 1951 parte,

439 1961 664 2009 temporale
688 1960 909 1996 remedium
934 1961 1090 1997 videtur
1112 1962 1271 2009 pulsare
1294 1961 1538 2008 temporales
1562 1960 1747 1997 dominos

441 2028 477 2055 et
509 2028 635 2055 totam
671 2018 879 2054 ecclesiam
914 2018 953 2054 in
985 2018 1182 2064 iuvamen‚
1225 2018 1394 2055 dicendo
1434 2018 1510 2054 illis
1543 2019 1748 2066 quomodo
1765 2021 1806 2053 30

439 2089 511 2113 nos
552 2076 722 2112 dicimus
761 2078 836 2112 hoc
873 2085 1170 2112 sacramentum
1212 2089 1294 2113 esse
1333 2089 1478 2124 corpus
1518 2075 1664 2113 Christi
1708 2075 1749 2112 in

440 2135 569 2170 forma
592 2134 718 2182 panis
754 2135 924 2179 Quando
954 2143 1086 2170 autem
1119 2135 1194 2171 hoc
1217 2144 1408 2182 negantes
1432 2134 1749 2182 superinducunt

439 2205 564 2228 novos
602 2191 793 2228 articulos
831 2200 873 2227 ut
912 2191 1030 2228 fidem
1071 2191 1235 2229 ecclesie
1273 2205 1373 2241 quos
1413 2192 1627 2238 nescimus,
1661 2191 1749 2228 illos

441 2258 574 2286 autem
613 2250 804 2286 vellemus
843 2258 1052 2297 acceptare
1091 2250 1332 2298 grammius,
1379 2251 1497 2286 docto
1543 2251 1649 2298 quod
1694 2249 1750 2286 sic

441 2320 649 2356 possemus
704 2307 787 2343 sine
832 2307 983 2344 offensa
1028 2308 1124 2356 legis
1170 2307 1323 2344 domini
1359 2309 1450 2343 Jesu
1490 2307 1635 2344 Christi
1682 2308 1749 2344 sed
1767 2311 1805 2343 35

442 2365 650 2402 deficiente
695 2374 860 2413 propter
904 2365 1061 2413 copiam
1107 2365 1391 2414 temporalium
1438 2378 1649 2401 munerum
1692 2365 1749 2400 iu-

439 2423 597 2460 vamine
630 2423 670 2459 in
703 2424 776 2459 hac
809 2432 934 2471 parte,
970 2436 1040 2470 ego
1063 2437 1144 2460 non
1167 2424 1282 2460 video
1313 2423 1388 2459 nisi
1422 2423 1546 2459 tercio
1581 2423 1749 2459 maxime

441 2494 625 2517 securum
676 2480 872 2529 refugium
927 2494 1074 2529 ponere
1118 2494 1229 2530 spem
1275 2490 1453 2518 nostram
1499 2481 1538 2517 in
1583 2480 1748 2517 domino

440 2539 531 2576 Jesu
555 2538 732 2583 Christo,
767 2539 1053 2575 tribulaciones
1086 2548 1122 2575 et
1156 2547 1303 2576 mortes
1337 2548 1374 2575 et
1408 2547 1551 2575 cuncta
1584 2551 1659 2587 que
1692 2538 1750 2574 in-

440 2597 541 2633 ferre
573 2605 763 2645 poterunt
795 2596 999 2633 humiliter
1032 2597 1241 2644 paciendo.
1761 2611 1806 2642 40

512 2695 552 2723 25.
574 2696 607 2723 In
629 2704 742 2730 marg:
773 2705 792 2723 1.
865 2704 912 2731 29.
934 2696 967 2723 ln
990 2704 1104 2732 margi:
1132 2704 1156 2723 2.
1229 2695 1273 2732 37.
1294 2696 1328 2724 In
1349 2704 1465 2732 marg:
1492 2695 1517 2724 3.

509 2766 541 2796 4.
574 2757 698 2788 Sarum
726 2756 844 2788 Missal
872 2757 924 2789 ed.
954 2756 1141 2788 Dickinson
1171 2757 1236 2788 col.
1264 2755 1316 2788 58.
1436 2767 1467 2798 9.
1501 2757 1596 2789 Deus
1623 2756 1681 2799 qui
1707 2756 1749 2788 de

441 2803 490 2834 his
524 2807 643 2835 terrae
663 2803 845 2843 fructibus
878 2807 939 2834 tua
972 2806 1202 2835 sacramenta
1235 2806 1402 2836 constare
1434 2803 1572 2835 voluisti
1598 2811 1660 2836 etc,
1700 2802 1748 2834 ld.

442 2849 508 2880 col.
536 2849 600 2890 540
627 2848 836 2891 (Matthevv).

1763 1305 1836 1336 Fot.

1812 1349 1841 1382 1¹¹
