1944 3323
163 245 300 274 samio
323 235 432 291 xxxx}
656 247 830 279 TER‘nA
860 247 984 278 PARS.

163 355 277 403 signa
310 355 514 402 religionis
547 353 742 402 simplicis
776 353 1005 390 christiane.
1053 353 1159 400 Quid
1193 366 1286 400 ergo
1322 354 1488 402 prodest

165 415 409 450 monachum
456 412 536 449 sive
582 412 745 449 fratrem
793 413 940 449 habere
985 411 1293 448 distinccionem
1341 411 1488 448 coloris

164 473 225 509 vel
263 472 392 509 forme
430 471 470 507 in
511 470 651 507 habitu
691 480 728 507 et
768 471 916 507 habere
959 483 1049 507 cum
1090 471 1166 507 hoc
1207 470 1389 506 animum
1431 469 1488 506 in-

164 530 386 567 solentem?
439 531 590 566 Revera
636 528 772 569 nichil,
814 528 889 565 nisi
928 529 1030 565 forte
1076 529 1180 565 ultra
1225 528 1520 574 christianam*

132 588 400 637 5religionern
437 587 650 624 habuerint
682 587 795 635 signa
835 586 1049 635 ypocrisis3
1091 596 1129 624 et
1167 587 1223 623 sic
1263 587 1488 635 geminetur

73 639 148 702 Ff'lc·
164 647 204 684 in
237 647 388 696 populo
412 647 557 694 duplex
587 645 791 694 iniquitas.
826 647 874 682 Et
908 645 964 682 sic
997 649 1054 690 (ut
1077 645 1242 694 quidam
1267 645 1377 689 dicit)
1408 641 1486 697 adl

70 692 136 727 ²⁰4
165 707 242 742 hoc
274 705 379 742 valet
411 704 452 740 in
486 705 688 741 monacho
721 704 891 740 vestium
926 705 1154 752 amplitudo
1194 712 1236 740 ut
1268 703 1418 741 ventris
1452 712 1489 740 et

165 763 347 812 corporis
385 763 598 811 grossicies
639 762 835 799 latencius
875 763 1100 803 adolescat:
1145 762 1313 811 nigredo
1352 771 1487 799 autem

163 822 334 859 vestium
369 830 584 858 attestatur
617 821 729 858 cuius
763 830 854 858 sunt
888 821 957 857 filii
992 830 1029 858 et
1053 822 1260 870 quomodo
1285 821 1325 857 in
1350 820 1488 857 animo

109 894 148 917 10
163 880 284 918 variis
308 879 544 917 criminibus
569 879 669 916 fiunt
692 880 814 928 nigri:
840 879 1068 916 rotunditas
1091 892 1185 916 vero
1206 881 1300 916 bote
1319 888 1489 916 testatur

164 940 372 988 quomodo
411 951 551 976 eorum
592 938 759 975 affeccio
793 937 899 975 circa
933 937 1112 975 carnalia
1146 937 1398 975 circulariter
1431 945 1489 974 est

164 998 309 1035 laxata.
344 999 459 1034 Unde
494 996 684 1034 metricus

221 1056 363 1106 Ampla
395 1056 547 1092 cuculla
581 1055 706 1101 nimis,
740 1055 857 1106 nigra
892 1056 1019 1103 vestis,
1052 1055 1139 1091 bota
1175 1055 1342 1091 rotunda

221 1115 309 1151 Non
331 1115 490 1163 faciunt
522 1114 767 1159 monachum,
799 1114 868 1150 secl
901 1126 1007 1150 mens
1038 1127 1060 1149 a
1094 1113 1255 1150 crimine
1288 1113 1443 1149 munda.

110 1177 146 1209 15
221 1175 269 1209 Et
321 1172 427 1209 idem
474 1181 531 1209 est
576 1171 769 1208 iudicium
817 1173 865 1208 de
909 1185 1080 1209 numero
1126 1180 1163 1208 et
1209 1172 1487 1220 magnitudine

163 1230 386 1269 escibilium
427 1244 527 1280 quos
567 1230 789 1279 requirunt.
837 1231 942 1276 Quid
983 1243 1077 1279 ergo
1121 1231 1226 1267 valet
1271 1232 1321 1267 ad
1367 1230 1487 1267 refre-

162 1291 342 1327 nandum
382 1302 544 1326 carnem
585 1290 646 1326 vel
686 1290 907 1326 cavendum
949 1302 1188 1338 quecunque
1228 1298 1395 1337 peccata
1429 1301 1488 1325 re-

163 1348 323 1398 quirere
346 1349 455 1397 quod
479 1356 614 1385 tantus
639 1347 753 1396 panis
779 1356 815 1384 et
839 1356 957 1396 potus
982 1347 1261 1384 ministrentur
1286 1348 1488 1384 monacho

164 1407 205 1443 in
237 1407 321 1444 dies
354 1407 426 1443 sub
460 1405 595 1443 debita
629 1406 847 1455 qualitate?
891 1415 959 1443 aut
993 1406 1090 1455 quid
1130 1407 1234 1443 valet
1272 1419 1486 1442 numerum

106 1479 149 1501 20
165 1478 333 1502 ovorum
373 1464 571 1501 foramine
611 1464 848 1509 mensurari,
888 1477 1103 1501 numerum
1136 1465 1307 1502 allecum
1343 1474 1380 1500 et
1413 1465 1489 1500 fer-

165 1524 350 1561 culorum
400 1523 582 1560 carnium
632 1536 723 1560 cum
771 1522 859 1559 aliis
908 1524 1203 1560 monachorum
1251 1523 1393 1560 eduliis
1439 1524 1488 1559 ad

166 1595 396 1619 mensuram
438 1590 474 1618 et
506 1594 723 1618 numerum
756 1581 922 1618 limitari
956 1590 993 1618 et
1026 1583 1114 1630 plus
1148 1595 1221 1630 pro
1256 1581 1332 1617 illis
1366 1594 1486 1629 quam

164 1654 237 1690 pro
283 1640 548 1677 observancia
593 1640 787 1688 evangelii
832 1640 1013 1688 litigare?
1060 1642 1210 1677 Revera
1256 1639 1487 1676 huiusmodi

162 1712 264 1736 vana
297 1708 356 1736 est
389 1698 542 1747 religio.
588 1700 637 1734 Et
670 1698 702 1734 si
735 1699 807 1734 sub
842 1697 965 1746 signis
998 1698 1083 1735 istis
1117 1698 1327 1747 religiosus
1362 1710 1488 1746 quan-

109 1761 147 1794 25
165 1759 297 1807 doque
330 1757 545 1806 proficeret
578 1756 618 1793 in
650 1756 792 1793 ordine
826 1756 1062 1803 christiano,
1098 1758 1173 1794 hoc
1198 1766 1255 1793 est
1278 1757 1393 1793 valde
1418 1769 1488 1804 per

163 1817 351 1853 accidens
375 1825 494 1864 atque
518 1828 623 1852 rarO.
659 1816 777 1861 Quod
801 1824 935 1852 autem
960 1824 1128 1864 surgunt
1153 1815 1285 1852 media
1308 1824 1427 1851 nocte
1452 1823 1488 1851 et

164 1874 302 1912 dicunt
331 1874 371 1910 in
395 1874 478 1910 dies
508 1882 568 1911 tot
599 1873 741 1910 missas
771 1882 808 1910 et
839 1875 1018 1922 psalmos
1048 1875 1121 1910 sub
1146 1887 1249 1922 pena
1273 1883 1354 1910 tam
1379 1872 1488 1921 gravi

164 1942 222 1970 est
268 1932 574 1969 indiscrecionis
622 1931 816 1969 indicium
869 1941 906 1969 et
953 1945 976 1969 a
1026 1932 1211 1969 libertate
1262 1932 1489 1981 profeccius

165 1990 331 2028 ecclesie
348 1990 606 2028 tardativum.
632 1992 680 2027 Et
696 1999 807 2039 patet
822 1990 974 2028 falsitas
998 2000 1298 2040 assumptorum
1320 1989 1488 2039 dompni

105 2049 205 2086 30in
237 2049 318 2086 suis
351 2049 524 2098 arguciis
559 2057 596 2086 et
619 2051 827 2098 quomodo
861 2049 1065 2087 mendicat
1090 2049 1301 2086 mendacia
1334 2048 1375 2085 in
1407 2048 1488 2085 suis

165 2107 509 2157 descripcionibus
542 2117 579 2144 et
612 2107 844 2145 racionibus
877 2120 1000 2157 quare
1024 2107 1185 2145 ordines
1214 2116 1305 2145 sunt
1329 2106 1487 2156 privati.

649 2246 843 2287 SERMO
878 2247 1008 2288 XXX.

220 2341 357 2378 Estote
388 2343 572 2391 factores
616 2342 726 2379 verbi
767 2342 844 2379 Dei
891 2349 927 2378 et
970 2354 1043 2378 non
1087 2341 1287 2378 auditores
1326 2348 1489 2388 tantum,

153 2400 346 2449 fallentes
378 2407 524 2437 vosmet
556 2401 670 2450 ipsos.
704 2400 844 2437 Jacobi
878 2402 927 2446 10,
964 2410 1030 2436 22.

108 2463 147 2497 35
223 2459 392 2495 Constat
430 2471 475 2496 ex
512 2471 703 2507 processu
743 2458 914 2507 epistole
953 2458 1071 2495 huius
1110 2457 1239 2495 sancti
1278 2458 1487 2507 quomodo

164 2518 425 2554 commendat
457 2525 592 2554 actum
624 2516 782 2554 virtutis
814 2517 920 2554 ultra
954 2516 1156 2562 habitum3
1200 2525 1237 2553 et
1270 2516 1361 2553 ideo
1394 2528 1488 2564 sepe

163 2574 343 2625 loquitur
387 2576 435 2612 de
479 2583 572 2612 actu
615 2574 787 2622 virtutis,
834 2577 881 2613 de
926 2583 1019 2612 actu
1063 2574 1267 2623 religionis
1313 2584 1352 2612 et
1399 2573 1487 2611 aliis

233 2710 260 2738 8.
282 2709 377 2738 Cod.:
399 2709 551 2745 gossiens.
625 2710 666 2738 16.
689 2709 784 2738 Cod.:
805 2710 972 2738 esibilium.

238 2795 288 2827 13.
307 2795 372 2827 See
396 2795 507 2827 Serm.
537 2795 574 2827 II.
593 2805 683 2838 pars,
713 2795 779 2827 vol.
802 2795 840 2834 11,
870 2805 950 2838 pag.
975 2805 1046 2834 101,
1073 2801 1106 2826 et
1124 2795 1175 2826 De
1195 2794 1354 2833 Quatuor
1378 2793 1488 2825 Sectis

166 2842 316 2874 novellis
332 2841 562 2881 Pol.w0rks‚
581 2851 659 2885 pag.
677 2841 755 2882 254.
833 2841 886 2874 32.
905 2842 1085 2873 Dominica
1104 2841 1227 2883 quima
1245 2848 1326 2883 post
1340 2839 1488 2872 Pascha.

165 2888 216 2921 Cf.
237 2888 398 2931 Wyclif’s
424 2889 608 2928 Sermons,
633 2889 688 2920 ed.
715 2889 760 2931 by
793 2889 940 2927 Arnold,
967 2888 1005 2928 11,
1033 2897 1111 2930 pag.
1138 2887 1334 2931 299—301.

1564 651 1632 679 The
1653 657 1719 679 true

1504 686 1630 714 witness
1651 688 1686 714 ot*
1702 687 1780 714 their

1586 723 1696 750 habits.

1582 1177 1648 1204 Evil
1671 1177 1706 1205 of

1549 1213 1739 1247 punctilious

1551 1248 1631 1274 rules
1652 1257 1685 1274 as
1706 1253 1736 1275 to

1602 1283 1685 1310 1'00d.

1559 2464 1603 2491 St.
1624 2464 1726 2491 James

1568 2498 1714 2537 specially

1530 2542 1646 2569 prmses
1668 2533 1748 2568 good

1582 2569 1696 2596 work&
