1944 3323
161 272 297 301 seatio
319 259 457 318 xrvn]
646 273 823 305 TERTm
852 273 977 304 mas.
1685 273 1765 307 409

219 382 351 419 Tercii
385 390 518 419 autem
555 381 622 417 filii
660 380 783 417 Belial
818 379 1021 416 maledicti
1062 388 1153 415 sunt
1194 379 1248 414 illi
1283 378 1350 426 qui
1391 390 1477 414 nas-
1520 383 1672 422 Tium-‚1
1697 385 1744 411 1112⁴

162 449 307 478 cuntur
345 453 396 477 ex
436 440 630 476 voluntate
669 439 744 475 viri
787 439 875 487 plus
920 437 1201 486 appreciantes
1241 437 1346 485 quod
1388 444 1479 471 sunt
1525 420 1740 487 ⁸⁸,{¹1¹‚⁴}'¹p¹s¹3¹3¹‡¹'

163 499 231 536 filii
271 498 454 547 generosi
493 499 554 535 vel
594 497 726 533 divitis
766 509 886 545 quam
927 498 1034 545 quod
1075 505 1165 532 sunt
1206 494 1275 531 filii
1317 494 1401 540 Dei,
1442 502 1479 530 et
1512 489 1754 551 ¹¹¹¹¹2¹¹tjlff¹ssfflffi¹¹

161 557 217 594 sic
266 556 508 594 filiacionem
556 556 781 593 naturalem
832 554 1080 603 turpificant‚
1135 566 1225 590 cum
1275 553 1361 601 ipsa
1409 564 1479 600 per
1727 545 1732 551 ’

128 615 407 652 §filiacionem
441 615 481 651 in
515 613 695 651 moribus
728 622 955 650 ornaretur.

220 673 381 710 Relictis
414 682 549 709 autem
583 671 658 709 hiis
691 671 819 708 tribus
853 670 1122 708 filiacionibus
1148 669 1219 706 Dei
1254 669 1357 705 filius
1390 682 1478 717 pre-
1519 676 1579 703 We
1599 676 1694 710 ought
1715 680 1745 701 ιι)

162 733 359 780 ponderat
392 732 500 780 quod
533 730 714 768 nascitur
746 729 802 767 sic
836 742 879 766 ex
903 731 1000 766 Deo.
1036 731 1089 765 Ex
1123 741 1203 777 quo
1237 736 1347 776 patet
1371 728 1478 776 quod
1501 712 1762 777 ϋιῖξξξζέὴὲζᾞξῃ

161 789 402 826 christianus
433 789 615 837 diligeret
639 790 803 826 fratrem
828 801 942 825 suum
969 788 1085 835 longe
1108 787 1196 835 plus
1220 787 1292 823 sub
1316 785 1480 823 racione
1495 784 1756 847 ntffir'Ldf’fffiffn¹S¹I¹l³i1¹]

161 861 240 897 qua
280 847 522 885 christianus
561 848 621 884 vel
659 847 782 884 frater
822 846 861 882 in
893 845 1068 883 Domino
1102 858 1223 895 quam
1257 846 1478 882 secundum
1517 838 1525 846 ‘
1638 835 1647 847 ⁸
1737 828 1768 855 ¹'

107 906 281 944 ioaliam
329 906 574 955 descriptam
620 905 821 954 triplicem
868 904 1087 942 racionem.
1138 904 1324 940 Secundo
1370 911 1480 951 patet

161 966 269 1014 quod
293 965 403 1002 racio
428 964 640 1002 filiacionis
664 963 736 1001 Dei
769 963 825 1001 sic
857 972 1027 1012 purgata
1062 975 1081 999 a
1115 962 1298 1010 predicta
1330 960 1479 1009 triplici

163 1023 325 1060 racione
350 1022 552 1060 diabolica
576 1022 810 1071 pacificaret
833 1030 960 1058 totam
986 1019 1197 1058 ecclesiam
1223 1019 1479 1065 militantem,

161 1095 251 1118 cum
286 1094 367 1118 non
401 1083 586 1118 turbatur
625 1080 656 1117 si
696 1093 778 1117 non
812 1079 890 1117 alia
924 1079 1126 1116 filiacione
1159 1078 1275 1115 huius
1309 1077 1480 1127 triplicis

161 1139 346 1176 racionis.
381 1140 430 1176 Et
461 1139 586 1176 tercio
620 1148 729 1188 patet
762 1138 939 1175 medium
973 1150 1053 1187 quo
1087 1139 1210 1174 homo
1233 1145 1365 1185 potest
1390 1149 1480 1185 pro-

109 1197 348 1236 15babiliter
388 1198 567 1234 iudicare
606 1197 638 1234 si
677 1197 726 1234 sit
760 1196 832 1233 Dei
866 1196 970 1233 filius
1003 1197 1064 1233 vel
1096 1195 1137 1232 in
1169 1195 1305 1244 gracia
1336 1196 1397 1232 vel
1430 1196 1479 1231 ad

161 1256 453 1293 beatitudinem
487 1257 718 1305 adoptatus.
759 1257 859 1293 Cum
895 1255 1001 1291 enim
1035 1263 1148 1291 actus
1181 1253 1315 1291 anime
1347 1262 1389 1290 ut
1423 1262 1481 1289 est

161 1315 330 1352 dileccio
363 1323 453 1351 sunt
486 1314 601 1351 nobis
633 1315 722 1363 plus
746 1313 907 1362 cogniti,
932 1312 1100 1362 quilibet
1124 1312 1291 1361 diligens
1316 1313 1479 1349 fratrem

160 1386 276 1409 suum
312 1382 442 1421 potest
474 1373 644 1410 faciliter
676 1372 881 1410 racionem
916 1381 952 1408 et
986 1371 1258 1408 intencionem
1293 1370 1399 1407 illius
1424 1369 1481 1406 di-

162 1431 352 1468 leccionis
398 1431 623 1480 concipere,
679 1440 720 1467 ut
766 1430 933 1480 quilibet
979 1439 1113 1478 potest
1159 1441 1404 1478 cognoscere
1449 1429 1479 1465 si

103 1506 145 1527 20
161 1490 315 1527 sincere
353 1489 492 1538 diligat
531 1490 697 1527 fratrem
740 1502 856 1525 suum
896 1488 936 1525 in
975 1488 1164 1533 Domino,
1211 1489 1287 1524 hoc
1327 1497 1397 1533 est,
1438 1500 1481 1524 ex

162 1548 323 1585 racione
347 1561 425 1597 qua
459 1548 651 1597 supponit
674 1560 764 1585 eum
789 1560 873 1585 esse
896 1547 1059 1584 fratrem
1086 1560 1202 1583 suum
1227 1547 1266 1583 in
1291 1545 1480 1590 Domino,

161 1606 255 1655 quia
300 1606 424 1643 filium
473 1607 544 1643 Dei
589 1606 714 1655 patris
760 1615 796 1642 et
843 1605 982 1642 matris
1028 1605 1207 1642 ecclesie.
1261 1605 1300 1641 Si
1345 1613 1478 1641 autem

163 1665 436 1711 mundialiter,
472 1665 689 1702 carnaliter
721 1665 781 1701 vel
816 1664 1016 1700 diabolice
1050 1663 1178 1711 diligit
1211 1663 1324 1699 illum
1360 1675 1478 1712 quem

162 1723 400 1760 naturaliter
439 1724 558 1760 habet
602 1723 782 1769 fratrem,
828 1732 923 1758 tunc
970 1721 1133 1765 indubie
1178 1731 1235 1758 est
1280 1730 1478 1770 apostata,

105 1786 145 1818 25
161 1781 255 1830 quia
296 1781 400 1818 filius
440 1781 590 1818 diaboli
625 1781 692 1830 qui
733 1790 790 1817 est
824 1780 947 1817 sselial
986 1781 1047 1817 vel
1085 1781 1240 1828 primus
1280 1789 1478 1829 apostata.

161 1842 209 1876 Et
243 1839 361 1876 istum
397 1852 555 1876 sensum
582 1839 762 1887 intelligo
786 1848 969 1876 sanctum
994 1839 1289 1887 Evangelistarn
1316 1839 1479 1886 plenum

161 1911 300 1935 amore
345 1897 570 1947 concipere,
617 1899 780 1947 quando
825 1897 921 1934 dicit
968 1900 994 1934 I.
1033 1899 1120 1934 Joh.
1162 1900 1247 1944 IIIO,
1287 1910 1353 1943 14:
1400 1898 1482 1933 Nos

160 1957 301 1993 scimus
323 1957 500 2006 quoniam
534 1957 716 1993 translati
745 1969 878 1993 sumus
911 1956 957 1991 de
989 1964 1113 1992 morte
1144 1957 1195 1991 ad
1227 1957 1358 2003 vitam,
1389 1968 1479 2004 qm)-

162 2015 262 2050 niam
293 2015 494 2066 diligimus
515 2016 696 2064 fratres;
728 2014 795 2051 ubi
819 2014 952 2063 primo
974 2023 1085 2063 patet
1109 2014 1310 2051 certitudo
1333 2013 1481 2050 noticie

103 2076 205 2110 30ex
257 2073 448 2110 firmitate
494 2072 693 2122 propositi
739 2081 776 2110 et
821 2073 1023 2110 revelante
1067 2072 1204 2121 gracia
1251 2071 1478 2109 assistente:

161 2132 256 2177 Nos,
296 2131 439 2180 inquit,
479 2132 632 2168 scimus.
680 2132 867 2168 Secundo
907 2130 1145 2180 exprimitur
1185 2144 1300 2168 casus
1339 2144 1361 2168 a
1401 2143 1480 2179 quo

160 2197 215 2226 est
237 2190 461 2237 translacio,
486 2189 579 2239 quia
612 2203 694 2226 non
726 2190 857 2226 solum
891 2203 913 2226 a
947 2202 1041 2226 casu
1075 2189 1281 2226 communi
1314 2188 1481 2226 humani

159 2247 315 2296 generis
360 2249 429 2284 sed
475 2261 498 2285 a
548 2249 664 2296 lapsu
716 2249 764 2285 de
814 2247 982 2285 crimine
1030 2247 1215 2296 originali
1261 2257 1298 2284 et
1345 2247 1480 2284 multis

160 2305 399 2352 actualibus,
434 2307 482 2343 de
515 2305 660 2355 quibus
693 2306 880 2343 omnibus
914 2319 984 2355 per
1017 2306 1194 2354 graciam
1228 2316 1320 2342 sunt
1352 2315 1480 2343 trans-

104 2364 242 2401 35lati.
289 2365 366 2401 Sed
406 2364 531 2401 tercio
578 2377 698 2402 causa
743 2364 937 2401 inducens
982 2366 1033 2401 ad
1078 2364 1249 2401 istorum
1296 2364 1478 2401 omnium

160 2422 425 2459 efficienciarn
450 2423 649 2459 actualem
677 2422 948 2470 subiungitur,
985 2435 1075 2459 cum
1101 2422 1157 2459 sic
1182 2422 1278 2459 dicit
1301 2423 1478 2472 quoniam

160 2481 361 2532 diligimus
393 2481 566 2530 fratres,
618 2493 664 2518 ac
711 2480 741 2517 si
787 2490 1041 2517 assecuratus
1085 2481 1203 2518 fuerit
1248 2481 1279 2517 si
1324 2481 1479 2518 sincere

160 2538 289 2587 diligit
327 2539 468 2575 fratres
513 2552 606 2576 suos
652 2548 688 2576 et
733 2538 1000 2587 permanserit
1045 2538 1085 2575 in
1130 2538 1198 2576 illa
1243 2539 1477 2586 dileccione,

159 2606 255 2634 tunc
287 2596 451 2634 indubie
485 2598 605 2634 habet
636 2597 774 2634 omnia
807 2596 1052 2645 supradicta.

100 2669 145 2700 40
217 2657 265 2691 Et
298 2667 342 2691 ex
374 2654 459 2691 istis
493 2655 698 2703 colligitur
731 2668 853 2704 quam
887 2655 1086 2693 diabolice
1120 2655 1297 2704 religiosi
1331 2655 1476 2704 privati
1527 2662 1733 2701 The-private

159 2722 195 2749 et
235 2712 464 2761 specialiter
505 2713 646 2750 fratres
686 2722 931 2762 apostatant,
972 2713 1202 2762 specialiter
1240 2714 1271 2750 si
1310 2723 1476 2762 propter
1519 2698 1740 2759 shssfflffs'ossifcis

158 2770 351 2808 invidiam
392 2781 429 2808 et
462 2771 815 2809 continuacionem
850 2772 908 2809 sui
943 2772 1121 2810 mardosi
1154 2772 1307 2809 ordinis
1342 2772 1476 2809 multi-
1505 2767 1753 2830 ξιῑιξῖῑέζῗὴξξίξξ

229 2905 283 2939 36.
310 2906 333 2940 1.
359 2906 439 2941 Joh.
468 2907 523 2948 111,
553 2907 605 2941 15.
