1944 3323
119 260 192 295 168
692 266 919 298 JOHANNJS
941 265 1122 298 WYCLW
1141 265 1397 298 SERMONUM
1456 251 1610 309 [SERMO
1632 263 1709 291 xxl.

131 382 211 408 >mct-
233 382 268 419 με
290 381 373 407 loxcs
401 375 543 409 Deum.
579 374 671 409 Ideo
705 372 801 408 dicit
835 373 941 420 quod
976 384 1059 408 esse
1093 384 1256 408 avarum
1292 380 1349 408 est
1383 371 1562 408 servituti
1586 371 1711 409 subici

112 416 624 478 ³⁰⁰1¹1ss2¹1¹1¹1'¹¹(',‘30¹gf's⁰idolorum;
671 430 783 467 cuius
823 429 933 466 racio
973 442 1066 478 sepe
1106 438 1213 466 tacta
1254 438 1310 466 est
1344 431 1451 478 quod
1484 429 1711 479 quicunque

177 502 179 505 ·
400 498 539 537 peccat
572 487 795 525 mortaliter
828 488 916 536 plus
949 496 1058 524 amat
1089 488 1206 524 finem
1230 487 1342 523 illum
1366 487 1500 536 gracia
1523 487 1634 524 cuius
1657 488 1712 525 sic

400 556 539 595 peccat
555 559 675 595 quam
694 554 802 582 amat
820 555 914 582 tunc
931 547 1058 582 Deum
1074 545 1208 593 gracia
1225 545 1336 582 cuius
1352 554 1562 594 peccatum
1578 546 1712 582 huius-

401 605 510 642 modi
552 604 757 649 devitaret,
799 616 845 640 eo
879 604 986 652 quod
1020 603 1164 640 finibus
1198 603 1394 652 oppositis
1427 603 1744 640 inclinantibusi

399 664 647 700 voluntatem
683 663 731 698 ad
763 661 846 698 vias
880 661 1103 698 contrarias
1126 661 1354 710 quicunque
1376 662 1523 698 sorcius
1546 661 1712 698 inclinat

402 721 529 769 ipsam
563 729 604 757 ut
637 719 867 756 huiusmodi
901 720 988 767 plus
1022 728 1193 756 amatur.
1228 720 1328 756 Cum
1363 732 1456 767 ergo
1489 720 1711 768 temporale

403 779 572 815 mortale
616 787 827 827 peccatum
872 779 1042 814 suadens
1087 777 1253 814 inclinat
1299 777 1498 814 contrarie
1537 780 1620 815 Deo
1662 779 1710 814 ad

403 836 579 873 medium
606 838 656 873 ad
680 837 787 884 quod
811 835 895 884 ipse
920 835 1196 883 multipliciter
1220 836 1436 881 dissuadet,
1470 845 1579 884 patet
1604 837 1711 884 quod

402 895 606 931 voluntate
639 894 762 930 libere
797 893 965 941 eligente
999 893 1118 930 finem
1151 894 1273 930 talem
1306 893 1491 930 illicitum
1525 902 1562 930 et
1595 893 1711 930 relin-
1731 907 1770 928 10

403 961 548 1001 quente
594 953 713 989 finem
759 953 808 988 ad
848 964 967 1000 quem
1007 953 1112 988 Deus
1152 951 1317 988 inclinat
1355 960 1399 988 ut
1437 951 1492 988 sic
1530 951 1712 1000 preeligit

402 1011 627 1059 temporale
660 1009 889 1046 huiusmodi
913 1018 951 1046 et
974 1011 1101 1046 Deum
1136 1011 1183 1046 de
1216 1010 1321 1046 facto
1355 1009 1575 1058 postponit.
1610 1011 1710 1047 Cum

403 1082 495 1117 ergo
520 1068 711 1117 quicquid
735 1069 857 1104 homo
881 1068 970 1116 plus
994 1067 1189 1104 amaverit
1212 1067 1418 1104 constituit
1434 1069 1561 1104 Deum
1581 1081 1710 1114 suum,

402 1135 513 1175 patet
551 1128 659 1175 quod
698 1125 829 1163 omnis
868 1125 1108 1163 criminosus
1148 1125 1197 1162 sit
1234 1127 1419 1173 ydolatra
1458 1135 1494 1162 et
1535 1135 1711 1163 econtra.

400 1185 618 1233 Apostolus
671 1193 807 1221 tamen
859 1183 1126 1232 exemplificat
1178 1184 1398 1232 expressius
1447 1185 1494 1220 de
1539 1183 1712 1221 avaricia
1735 1187 1769 1218 15

403 1252 522 1291 atque
565 1243 669 1291 gula,
721 1241 1056 1289 subintelligendo
1107 1254 1177 1290 per
1220 1242 1354 1278 locum
1399 1255 1421 1278 a
1467 1241 1609 1278 maiori
1652 1242 1713 1278 vel

123 1305 201 1332 Vain
223 1305 328 1332 words
349 1305 383 1331 of
403 1300 523 1337 simili
558 1302 605 1337 de
638 1299 872 1337 criminibus
911 1299 998 1336 aliis
1032 1299 1349 1348 quibuscunque.
1395 1300 1532 1347 Nemo,
1571 1299 1712 1348 inquit,

114 1340 203 1367 those
224 1340 294 1367 ”¹¹¹⁰
315 1347 386 1375 say:
404 1372 470 1395 vos
500 1360 657 1395 seducat
689 1358 862 1394 inanibus
894 1357 1020 1394 verbis
1050 1358 1111 1394 vel
1144 1357 1387 1406 disputando
1419 1358 1479 1394 vel
1504 1359 1710 1394 suadendo

167 1430 187 1449 1-
209 1420 284 1448 Lust
305 1421 330 1448 is
403 1417 650 1465 oppositum,
684 1425 727 1452 ut
759 1415 909 1453 faciunt
940 1415 1185 1464 philosophi,
1219 1417 1431 1453 suadentes
1453 1415 1711 1453 naturalitate

185 1456 317 1490 natural,
403 1474 568 1521 luxurie,
609 1474 801 1511 mundani
840 1475 1052 1510 suadentes
1086 1474 1194 1522 quod
1234 1482 1399 1522 propter
1431 1473 1635 1510 hominem
1669 1482 1711 1510 ut
1730 1487 1770 1507 20

122 1545 146 1564 2.
169 1537 217 1564 me
238 1537 334 1575 xyorld
356 1536 382 1564 is
404 1534 555 1569 mundo
594 1532 825 1569 dominetur
863 1540 900 1568 et
933 1531 1013 1568 suis
1046 1531 1227 1580 partibus
1261 1534 1366 1569 Deus
1399 1531 1559 1568 ordinat
1591 1531 1709 1568 istum

128 1572 376 1642 ”¹1³0d}gggess¹}f¹¹
404 1592 612 1636 mundum,
658 1599 695 1627 et
732 1590 975 1638 generaliter
1013 1591 1225 1626 suadentes
1264 1603 1354 1626 cum
1394 1590 1566 1638 Origene
1605 1591 1712 1638 quod

404 1651 508 1685 Deus
541 1648 742 1685 neminem
776 1649 859 1685 vult
892 1648 1118 1696 dampnari,
1153 1647 1316 1696 capiunt
1350 1649 1458 1697 quod
1491 1649 1613 1684 homo
1646 1660 1712 1684 ne-

404 1706 669 1752 cessitabitur,
709 1706 802 1743 licet
840 1705 879 1742 in
918 1706 1166 1754 voluptuosis
1208 1707 1427 1742 delectetur
1459 1707 1508 1742 ad
1541 1715 1711 1754 tempus,

114 1768 139 1797 3.
158 1768 226 1796 God
242 1769 300 1796 will
319 1773 387 1796 turn
405 1765 490 1813 ipsa
513 1774 646 1801 autem
671 1764 914 1813 relinquere;
939 1773 975 1800 et
998 1764 1271 1812 omniquaque
1295 1773 1352 1800 est
1376 1763 1503 1812 turpis
1527 1763 1712 1800 seduccio
1730 1765 1769 1796 25

125 1804 378 1866 anf‘snofflssi11',a³t
404 1823 444 1860 in
482 1822 651 1859 deformi
690 1822 853 1870 argucia
890 1830 1081 1870 peccante
1122 1822 1161 1857 in
1199 1822 1341 1867 forma,
1381 1821 1419 1857 in
1454 1821 1621 1858 materia
1653 1822 1713 1858 vel

406 1880 622 1929 utrimque.

463 1940 510 1974 Et
549 1947 684 1975 tamen
724 1946 889 1986 propter
927 1938 999 1974 hec
1037 1937 1285 1985 sophismata
1326 1937 1431 1974 venit
1471 1937 1529 1973 ira
1563 1936 1633 1974 Dei
1674 1936 1713 1973 in

407 1996 509 2032 filios
534 1995 683 2032 diaboli
707 1995 774 2044 qui
806 1995 847 2031 in
878 1995 1007 2032 verbis
1040 1995 1137 2043 legis
1162 1995 1234 2031 Dei
1267 2007 1431 2032 erronee
1464 1995 1711 2032 diffidebant.

125 2057 226 2085 Avoid
247 2057 381 2104 ‘all-such
406 2057 532 2091 Nemo
566 2054 670 2090 enim
705 2055 948 2102 dampnatur
979 2052 1055 2090 nisi
1095 2062 1260 2102 propter
1301 2054 1499 2090 defectum
1540 2053 1631 2090 fidei
1673 2052 1712 2088 in
1730 2055 1771 2087 30

182 2091 327 2161 ξὲἔιᾞῑῐξέὲ,
406 2121 518 2160 parte
558 2111 693 2160 aliqua
725 2111 820 2159 legis
854 2111 937 2148 Dei.
985 2114 1137 2147 Durum
1179 2124 1271 2159 ergo
1311 2120 1368 2148 est
1406 2110 1588 2147 homines
1627 2110 1712 2147 fieri

405 2170 561 2206 illorum
583 2170 762 2221 filiorum
790 2169 1015 2219 participes,
1047 2182 1138 2206 nam
1173 2169 1237 2218 qui
1268 2170 1327 2205 vel
1347 2170 1504 2218 faciunt
1536 2169 1595 2204 vel
1625 2181 1711 2204 con-

404 2228 574 2264 senciunt
606 2227 690 2264 istis
724 2227 896 2264 finaliter
928 2227 1039 2277 digni
1063 2235 1149 2263 sunt
1179 2235 1303 2263 morte
1325 2236 1460 2264 eterna
1486 2227 1544 2274 (ut
1568 2225 1713 2263 dicitur

406 2288 519 2322 Rom.
538 2288 606 2330 10);
631 2285 721 2322 ideo
745 2298 834 2322 cum
859 2297 998 2321 omnes
1021 2284 1085 2321 isti
1107 2293 1197 2321 sunt
1220 2284 1382 2321 indubie
1405 2284 1514 2321 stulti
1537 2283 1713 2332 sophiste

406 2343 569 2389 diaboli,
594 2343 844 2380 considerate
868 2345 976 2392 quod
999 2342 1279 2390 contagionem
1304 2342 1540 2391 sumpsistis,
1563 2342 1713 2391 quando
1729 2343 1769 2377 35

131 2403 282 2452 cousider-
304 2404 373 2451 ljow
395 2401 532 2450 sitistis
565 2402 730 2447 tenebre,
763 2401 801 2437 id
825 2410 895 2446 est,
930 2409 1095 2449 peccata
1127 2400 1166 2436 in
1190 2400 1471 2448 predicacione
1494 2401 1712 2436 secundum

120 2447 625 2508 infrigffldssffffsjfl,essenciam
664 2459 724 2495 vel
761 2458 996 2504 subiectum,
1037 2458 1120 2495 sine
1158 2459 1245 2494 luce
1284 2458 1375 2495 fidei
1416 2458 1455 2494 in
1495 2457 1711 2502 intellectu,

405 2515 488 2552 sine
522 2517 675 2553 fervore
708 2516 885 2553 caritatis
918 2516 958 2552 in
991 2516 1135 2552 affectu
1169 2525 1205 2552 et
1244 2515 1328 2552 sine
1367 2517 1579 2564 splendore
1618 2514 1711 2551 boni

406 2574 537 2622 operis
578 2574 618 2610 in
657 2575 850 2623 exemplo.
896 2575 1007 2610 Nunc
1044 2581 1168 2610 autem
1207 2574 1296 2610 estis
1334 2574 1471 2610 mundi
1503 2582 1710 2621 tamquam

406 2633 477 2668 lux
521 2632 556 2668 in
596 2633 762 2668 Domino
803 2632 869 2681 qui
916 2640 972 2668 est
1015 2631 1145 2681 prima
1190 2632 1265 2678 lux,
1311 2632 1401 2669 ideo
1447 2630 1769 2680 corporaliter40

473 2798 503 2823 4,
523 2788 548 2816 5.
570 2788 664 2816 Cod.:
687 2788 786 2816 huius.
860 2787 906 2823 34,
929 2789 1023 2817 Cod.:
1046 2788 1117 2816 Ideo
1139 2796 1255 2816 ornnes,

482 2894 531 2926 ¹7·
560 2882 648 2926 Eph.
670 2884 710 2924 V,
738 2877 775 2915 6(
867 2884 920 2916 32.
947 2883 990 2916 ib.
1018 2894 1048 2926 7.
1147 2883 1202 2923 35,
1231 2884 1282 2928 39.
1309 2883 1353 2916 ib.
1380 2883 1411 2916 8.
