<?xml version="1.0" encoding="UTF-8"?>
<!DOCTYPE html PUBLIC "-//W3C//DTD XHTML 1.0 Transitional//EN"
    "http://www.w3.org/TR/xhtml1/DTD/xhtml1-transitional.dtd">
<html xmlns="http://www.w3.org/1999/xhtml" xml:lang="en" lang="en">
 <head>
  <title>
</title>
<meta http-equiv="Content-Type" content="text/html;charset=utf-8" />
  <meta name='ocr-system' content='tesseract 3.04.00' />
  <meta name='ocr-capabilities' content='ocr_page ocr_carea ocr_par ocr_line ocrx_word'/>
</head>
<body>
  <div class='ocr_page' id='page_1' title='image "./iohanniswyclifse0703wycl_0475.png"; bbox 0 0 1944 3323; ppageno 0'>
   <div class='ocr_carea' id='block_1_1' title="bbox 130 252 1731 309">
    <p class='ocr_par' dir='ltr' id='par_1_1' title="bbox 130 252 1731 309">
     <span class='ocr_line' id='line_1_1' title="bbox 130 252 1731 309; baseline -0.006 -11"><span class='ocrx_word' id='word_1_1' title='bbox 130 262 266 291; x_wconf 77' lang='lat' dir='ltr'>SERMO</span> <span class='ocrx_word' id='word_1_2' title='bbox 288 252 367 309; x_wconf 66' lang='lat' dir='ltr'>Lu]</span> <span class='ocrx_word' id='word_1_3' title='bbox 617 264 791 296; x_wconf 71' lang='lat' dir='ltr'><strong>TERTIA</strong></span> <span class='ocrx_word' id='word_1_4' title='bbox 820 263 946 294; x_wconf 75' lang='lat' dir='ltr'>PARS.</span> <span class='ocrx_word' id='word_1_5' title='bbox 1653 254 1731 298; x_wconf 75' lang='lat'>453</span> 
     </span>
    </p>
   </div>
   <div class='ocr_carea' id='block_1_2' title="bbox 73 370 1760 2631">
    <p class='ocr_par' dir='ltr' id='par_1_2' title="bbox 75 370 1735 1294">
     <span class='ocr_line' id='line_1_2' title="bbox 128 370 1443 420; baseline -0.005 -10"><span class='ocrx_word' id='word_1_6' title='bbox 128 375 351 410; x_wconf 82' lang='lat' dir='ltr'>attenderet</span> <span class='ocrx_word' id='word_1_7' title='bbox 393 382 429 408; x_wconf 88' lang='lat' dir='ltr'>et</span> <span class='ocrx_word' id='word_1_8' title='bbox 470 385 539 420; x_wconf 85' lang='lat' dir='ltr'>per</span> <span class='ocrx_word' id='word_1_9' title='bbox 581 384 832 419; x_wconf 81' lang='lat' dir='ltr'>consequens</span> <span class='ocrx_word' id='word_1_10' title='bbox 867 372 960 406; x_wconf 86' lang='lat' dir='ltr'>dum</span> <span class='ocrx_word' id='word_1_11' title='bbox 1001 379 1159 417; x_wconf 79' lang='lat' dir='ltr'>tempus</span> <span class='ocrx_word' id='word_1_12' title='bbox 1200 370 1317 404; x_wconf 76' lang='lat' dir='ltr'>habet</span> <span class='ocrx_word' id='word_1_13' title='bbox 1350 382 1443 415; x_wconf 60' lang='lat' dir='ltr'>ope»</span> 
     </span>
     <span class='ocr_line' id='line_1_3' title="bbox 128 426 1442 475; baseline -0.005 -7"><span class='ocrx_word' id='word_1_14' title='bbox 128 440 236 468; x_wconf 86' lang='lat' dir='ltr'>retur</span> <span class='ocrx_word' id='word_1_15' title='bbox 281 432 430 467; x_wconf 87' lang='lat' dir='ltr'>bonum</span> <span class='ocrx_word' id='word_1_16' title='bbox 477 442 636 466; x_wconf 85' lang='lat' dir='ltr'>morum</span> <span class='ocrx_word' id='word_1_17' title='bbox 690 427 910 465; x_wconf 83' lang='lat' dir='ltr'>instancius</span> <span class='ocrx_word' id='word_1_18' title='bbox 964 438 1000 465; x_wconf 85' lang='lat' dir='ltr'>ct</span> <span class='ocrx_word' id='word_1_19' title='bbox 1053 426 1283 475; x_wconf 78' lang='lat' dir='ltr'>specialiter</span> <span class='ocrx_word' id='word_1_20' title='bbox 1338 426 1442 462; x_wconf 82' lang='lat' dir='ltr'>circa</span> 
     </span>
     <span class='ocr_line' id='line_1_4' title="bbox 128 486 1445 526; baseline -0.005 0"><span class='ocrx_word' id='word_1_21' title='bbox 128 489 439 526; x_wconf 79' lang='lat' dir='ltr'>instruccionetn</span> <span class='ocrx_word' id='word_1_22' title='bbox 472 487 626 524; x_wconf 85' lang='lat' dir='ltr'>brachii</span> <span class='ocrx_word' id='word_1_23' title='bbox 660 486 866 523; x_wconf 83' lang='lat' dir='ltr'>secularis.</span> <span class='ocrx_word' id='word_1_24' title='bbox 909 488 985 523; x_wconf 73' lang='lat' dir='ltr'>Sed</span> <span class='ocrx_word' id='word_1_25' title='bbox 1018 486 1204 521; x_wconf 74' lang='lat' dir='ltr'>Jordanis</span> <span class='ocrx_word' id='word_1_26' title='bbox 1236 497 1445 520; x_wconf 73' lang='lat' dir='ltr'>conversus</span> 
     </span>
     <span class='ocr_line' id='line_1_5' title="bbox 127 544 1718 592; baseline -0.006 -8"><span class='ocrx_word' id='word_1_27' title='bbox 127 556 182 584; x_wconf 75' lang='lat' dir='ltr'>est</span> <span class='ocrx_word' id='word_1_28' title='bbox 221 555 454 590; x_wconf 76' lang='lat' dir='ltr'>retrorsum,</span> <span class='ocrx_word' id='word_1_29' title='bbox 500 559 589 582; x_wconf 93' lang='lat' dir='ltr'>cum</span> <span class='ocrx_word' id='word_1_30' title='bbox 635 549 692 586; x_wconf 79' lang='lat' dir='ltr'>&lt;ut</span> <span class='ocrx_word' id='word_1_31' title='bbox 737 558 830 592; x_wconf 84' lang='lat' dir='ltr'>sepe</span> <span class='ocrx_word' id='word_1_32' title='bbox 869 557 991 592; x_wconf 87' lang='lat' dir='ltr'>supra</span> <span class='ocrx_word' id='word_1_33' title='bbox 1036 544 1311 590; x_wconf 72' lang='lat' dir='ltr'>ostenderam)</span> <span class='ocrx_word' id='word_1_34' title='bbox 1353 551 1444 578; x_wconf 88' lang='lat' dir='ltr'>sunt</span> <span class='ocrx_word' id='word_1_35' title='bbox 1480 550 1718 584; x_wconf 49' lang='lat' dir='ltr'>tunila-&gt;vium</span> 
     </span>
     <span class='ocr_line' id='line_1_6' title="bbox 95 584 1727 652; baseline -0.011 -9"><span class='ocrx_word' id='word_1_36' title='bbox 95 605 340 644; x_wconf 66' lang='lat' dir='ltr'>§duodecim</span> <span class='ocrx_word' id='word_1_37' title='bbox 384 604 461 640; x_wconf 82' lang='lat' dir='ltr'>filie</span> <span class='ocrx_word' id='word_1_38' title='bbox 505 603 765 651; x_wconf 73' lang='lat' dir='ltr'>sanguissuge</span> <span class='ocrx_word' id='word_1_39' title='bbox 810 602 849 638; x_wconf 90' lang='lat' dir='ltr'>in</span> <span class='ocrx_word' id='word_1_40' title='bbox 896 602 1062 639; x_wconf 87' lang='lat' dir='ltr'>brachio</span> <span class='ocrx_word' id='word_1_41' title='bbox 1107 600 1296 645; x_wconf 86' lang='lat' dir='ltr'>clericali,</span> <span class='ocrx_word' id='word_1_42' title='bbox 1344 613 1444 648; x_wconf 90' lang='lat' dir='ltr'>quos</span> <span class='ocrx_word' id='word_1_43' title='bbox 1473 584 1727 652; x_wconf 47' lang='lat' dir='ltr'>bfflssfflfftc¹lfgcss⁸¹le</span> 
     </span>
     <span class='ocr_line' id='line_1_7' title="bbox 128 653 1735 722; baseline -0.004 -23"><span class='ocrx_word' id='word_1_44' title='bbox 128 664 290 712; x_wconf 89' lang='lat' dir='ltr'>quidam</span> <span class='ocrx_word' id='word_1_45' title='bbox 332 663 388 699; x_wconf 89' lang='lat' dir='ltr'>sic</span> <span class='ocrx_word' id='word_1_46' title='bbox 427 662 658 698; x_wconf 84' lang='lat' dir='ltr'>nominant:</span> <span class='ocrx_word' id='word_1_47' title='bbox 700 674 817 709; x_wconf 77' lang='lat' dir='ltr'>pape,</span> <span class='ocrx_word' id='word_1_48' title='bbox 858 661 1098 705; x_wconf 72' lang='lat' dir='ltr'>cardinales,</span> <span class='ocrx_word' id='word_1_49' title='bbox 1141 658 1334 707; x_wconf 77' lang='lat' dir='ltr'><strong>episcopi,</strong></span> <span class='ocrx_word' id='word_1_50' title='bbox 1383 670 1445 694; x_wconf 83' lang='lat' dir='ltr'>ar-</span> <span class='ocrx_word' id='word_1_51' title='bbox 1469 653 1735 722; x_wconf 45' lang='grc' dir='ltr'>ξξὲιξωῑῑῖζζζέξ]ᾗξξξζῐνι</span> 
     </span>
     <span class='ocr_line' id='line_1_8' title="bbox 128 698 1700 771; baseline -0.006 -13"><span class='ocrx_word' id='word_1_52' title='bbox 128 720 369 771; x_wconf 76' lang='lat' dir='ltr'>chidiaconi‚</span> <span class='ocrx_word' id='word_1_53' title='bbox 422 720 618 757; x_wconf 83' lang='lat' dir='ltr'>officiales</span> <span class='ocrx_word' id='word_1_54' title='bbox 677 729 714 756; x_wconf 87' lang='lat' dir='ltr'>et</span> <span class='ocrx_word' id='word_1_55' title='bbox 767 719 921 764; x_wconf 87' lang='lat' dir='ltr'>decani,</span> <span class='ocrx_word' id='word_1_56' title='bbox 977 727 1166 762; x_wconf 83' lang='lat' dir='ltr'>rectores,</span> <span class='ocrx_word' id='word_1_57' title='bbox 1222 716 1445 765; x_wconf 86' lang='lat' dir='ltr'>presbyteri</span> <span class='ocrx_word' id='word_1_58' title='bbox 1497 723 1545 750; x_wconf 73' lang='lat' dir='ltr'>ihc</span> <span class='ocrx_word' id='word_1_59' title='bbox 1566 698 1700 750; x_wconf 64' lang='lat' dir='ltr'>(Jli&#39;nrcii.</span> 
     </span>
     <span class='ocr_line' id='line_1_9' title="bbox 128 774 1445 826; baseline -0.005 -10"><span class='ocrx_word' id='word_1_60' title='bbox 128 780 341 825; x_wconf 74' lang='lat' dir='ltr'>seculares,</span> <span class='ocrx_word' id='word_1_61' title='bbox 382 778 559 826; x_wconf 80' lang='lat' dir='ltr'>religiosi</span> <span class='ocrx_word' id='word_1_62' title='bbox 599 777 888 826; x_wconf 85' lang='lat' dir='ltr'>possessionati</span> <span class='ocrx_word' id='word_1_63' title='bbox 929 786 966 813; x_wconf 87' lang='lat' dir='ltr'>et</span> <span class='ocrx_word' id='word_1_64' title='bbox 1009 776 1196 821; x_wconf 84' lang='lat' dir='ltr'>mendici,</span> <span class='ocrx_word' id='word_1_65' title='bbox 1238 774 1373 811; x_wconf 90' lang='lat' dir='ltr'>clerici</span> <span class='ocrx_word' id='word_1_66' title='bbox 1408 783 1445 810; x_wconf 91' lang='lat' dir='ltr'>et</span> 
     </span>
     <span class='ocr_line' id='line_1_10' title="bbox 129 833 1446 887; baseline -0.005 -12"><span class='ocrx_word' id='word_1_67' title='bbox 129 847 349 887; x_wconf 82' lang='lat' dir='ltr'>questores.</span> <span class='ocrx_word' id='word_1_68' title='bbox 397 837 463 874; x_wconf 89' lang='lat' dir='ltr'>Isti</span> <span class='ocrx_word' id='word_1_69' title='bbox 503 846 636 874; x_wconf 87' lang='lat' dir='ltr'>autem</span> <span class='ocrx_word' id='word_1_70' title='bbox 685 835 896 872; x_wconf 77' lang='lat' dir='ltr'>duodecim</span> <span class='ocrx_word' id='word_1_71' title='bbox 944 844 1034 883; x_wconf 83' lang='lat' dir='ltr'>post</span> <span class='ocrx_word' id='word_1_72' title='bbox 1080 833 1338 871; x_wconf 86' lang='lat' dir='ltr'>dotacionem</span> <span class='ocrx_word' id='word_1_73' title='bbox 1385 845 1446 869; x_wconf 86' lang='lat' dir='ltr'>ec-</span> 
     </span>
     <span class='ocr_line' id='line_1_11' title="bbox 75 891 1444 944; baseline -0.006 -10"><span class='ocrx_word' id='word_1_74' title='bbox 75 913 112 935; x_wconf 88' lang='lat'>10</span> <span class='ocrx_word' id='word_1_75' title='bbox 129 897 247 934; x_wconf 87' lang='lat' dir='ltr'>clesie</span> <span class='ocrx_word' id='word_1_76' title='bbox 273 904 310 932; x_wconf 87' lang='lat' dir='ltr'>et</span> <span class='ocrx_word' id='word_1_77' title='bbox 333 905 548 944; x_wconf 83' lang='lat' dir='ltr'>postquam</span> <span class='ocrx_word' id='word_1_78' title='bbox 574 895 703 932; x_wconf 87' lang='lat' dir='ltr'>clerus</span> <span class='ocrx_word' id='word_1_79' title='bbox 726 894 775 930; x_wconf 91' lang='lat' dir='ltr'>sit</span> <span class='ocrx_word' id='word_1_80' title='bbox 799 895 848 930; x_wconf 87' lang='lat' dir='ltr'>ad</span> <span class='ocrx_word' id='word_1_81' title='bbox 879 894 1126 943; x_wconf 75' lang='lat' dir='ltr'>cupiditatem</span> <span class='ocrx_word' id='word_1_82' title='bbox 1157 891 1444 940; x_wconf 79' lang='lat' dir='ltr'>temporalium</span> 
     </span>
     <span class='ocr_line' id='line_1_12' title="bbox 128 950 1445 1004; baseline -0.005 -13"><span class='ocrx_word' id='word_1_83' title='bbox 128 968 198 1004; x_wconf 78' lang='lat' dir='ltr'>que</span> <span class='ocrx_word' id='word_1_84' title='bbox 237 962 292 991; x_wconf 80' lang='lat' dir='ltr'>est</span> <span class='ocrx_word' id='word_1_85' title='bbox 331 955 452 990; x_wconf 71' lang='lat' dir='ltr'>radix</span> <span class='ocrx_word' id='word_1_86' title='bbox 490 954 657 990; x_wconf 80' lang='lat' dir='ltr'>omnium</span> <span class='ocrx_word' id='word_1_87' title='bbox 704 953 897 988; x_wconf 74' lang='lat' dir='ltr'>malornm</span> <span class='ocrx_word' id='word_1_88' title='bbox 949 952 1169 987; x_wconf 83' lang='lat' dir='ltr'>secundum</span> <span class='ocrx_word' id='word_1_89' title='bbox 1204 950 1445 998; x_wconf 83' lang='lat' dir='ltr'>Apostolum</span> 
     </span>
     <span class='ocr_line' id='line_1_13' title="bbox 128 1010 1446 1058; baseline -0.005 -9"><span class='ocrx_word' id='word_1_90' title='bbox 128 1013 357 1058; x_wconf 83' lang='lat' dir='ltr'>inclinatus,</span> <span class='ocrx_word' id='word_1_91' title='bbox 398 1021 489 1048; x_wconf 90' lang='lat' dir='ltr'>sunt</span> <span class='ocrx_word' id='word_1_92' title='bbox 529 1021 703 1048; x_wconf 88' lang='lat' dir='ltr'>tortores</span> <span class='ocrx_word' id='word_1_93' title='bbox 743 1010 1029 1058; x_wconf 79' lang='lat' dir='ltr'>temporalium</span> <span class='ocrx_word' id='word_1_94' title='bbox 1072 1018 1109 1045; x_wconf 90' lang='lat' dir='ltr'>et</span> <span class='ocrx_word' id='word_1_95' title='bbox 1148 1010 1198 1045; x_wconf 86' lang='lat' dir='ltr'>ad</span> <span class='ocrx_word' id='word_1_96' title='bbox 1238 1021 1340 1044; x_wconf 90' lang='lat' dir='ltr'>onus</span> <span class='ocrx_word' id='word_1_97' title='bbox 1386 1020 1446 1044; x_wconf 89' lang='lat' dir='ltr'>ec-</span> 
     </span>
     <span class='ocr_line' id='line_1_14' title="bbox 128 1065 1445 1119; baseline -0.005 -11"><span class='ocrx_word' id='word_1_98' title='bbox 128 1071 259 1115; x_wconf 88' lang='lat' dir='ltr'>clesie,</span> <span class='ocrx_word' id='word_1_99' title='bbox 293 1083 374 1107; x_wconf 92' lang='lat' dir='ltr'>non</span> <span class='ocrx_word' id='word_1_100' title='bbox 397 1071 638 1119; x_wconf 85' lang='lat' dir='ltr'>profectum.</span> <span class='ocrx_word' id='word_1_101' title='bbox 674 1071 854 1116; x_wconf 67' lang='lat' dir='ltr'>Suggunt</span> <span class='ocrx_word' id='word_1_102' title='bbox 882 1068 987 1104; x_wconf 91' lang='lat' dir='ltr'>enim</span> <span class='ocrx_word' id='word_1_103' title='bbox 1012 1067 1134 1103; x_wconf 71' lang='lat' dir='ltr'>vitam</span> <span class='ocrx_word' id='word_1_104' title='bbox 1160 1066 1326 1102; x_wconf 80' lang='lat' dir='ltr'>ecclesie</span> <span class='ocrx_word' id='word_1_105' title='bbox 1351 1065 1445 1114; x_wconf 91' lang='lat' dir='ltr'>quia</span> 
     </span>
     <span class='ocr_line' id='line_1_15' title="bbox 127 1125 1447 1177; baseline -0.005 -11"><span class='ocrx_word' id='word_1_106' title='bbox 127 1129 363 1177; x_wconf 74' lang='lat' dir='ltr'>sanguinem</span> <span class='ocrx_word' id='word_1_107' title='bbox 418 1138 500 1165; x_wconf 84' lang='lat' dir='ltr'>tam</span> <span class='ocrx_word' id='word_1_108' title='bbox 552 1128 779 1164; x_wconf 80' lang='lat' dir='ltr'>naturalem</span> <span class='ocrx_word' id='word_1_109' title='bbox 835 1139 954 1175; x_wconf 84' lang='lat' dir='ltr'>quam</span> <span class='ocrx_word' id='word_1_110' title='bbox 1010 1125 1262 1173; x_wconf 85' lang='lat' dir='ltr'>spiritualem</span> <span class='ocrx_word' id='word_1_111' title='bbox 1317 1134 1354 1160; x_wconf 90' lang='lat' dir='ltr'>et</span> <span class='ocrx_word' id='word_1_112' title='bbox 1400 1125 1447 1159; x_wconf 89' lang='lat' dir='ltr'>de</span> 
     </span>
     <span class='ocr_line' id='line_1_16' title="bbox 75 1182 1447 1235; baseline -0.005 -11"><span class='ocrx_word' id='word_1_113' title='bbox 75 1194 110 1225; x_wconf 73' lang='lat'>15</span> <span class='ocrx_word' id='word_1_114' title='bbox 127 1187 264 1224; x_wconf 79' lang='lat' dir='ltr'>officio</span> <span class='ocrx_word' id='word_1_115' title='bbox 299 1187 423 1235; x_wconf 87' lang='lat' dir='ltr'>priori</span> <span class='ocrx_word' id='word_1_116' title='bbox 455 1199 535 1234; x_wconf 93' lang='lat' dir='ltr'>quo</span> <span class='ocrx_word' id='word_1_117' title='bbox 568 1187 757 1222; x_wconf 81' lang='lat' dir='ltr'>veherent</span> <span class='ocrx_word' id='word_1_118' title='bbox 790 1185 954 1233; x_wconf 83' lang='lat' dir='ltr'>spiritus</span> <span class='ocrx_word' id='word_1_119' title='bbox 987 1183 1228 1220; x_wconf 78' lang='lat' dir='ltr'>secularium</span> <span class='ocrx_word' id='word_1_120' title='bbox 1264 1183 1314 1218; x_wconf 88' lang='lat' dir='ltr'>ad</span> <span class='ocrx_word' id='word_1_121' title='bbox 1349 1182 1447 1218; x_wconf 84' lang='lat' dir='ltr'>cele-</span> 
     </span>
     <span class='ocr_line' id='line_1_17' title="bbox 127 1243 1267 1294; baseline -0.005 -12"><span class='ocrx_word' id='word_1_122' title='bbox 127 1246 203 1283; x_wconf 90' lang='lat' dir='ltr'>stia</span> <span class='ocrx_word' id='word_1_123' title='bbox 238 1258 307 1294; x_wconf 86' lang='lat' dir='ltr'>per</span> <span class='ocrx_word' id='word_1_124' title='bbox 341 1244 665 1293; x_wconf 80' lang='lat' dir='ltr'>predicacionem</span> <span class='ocrx_word' id='word_1_125' title='bbox 702 1243 896 1291; x_wconf 67' lang='lat' dir='ltr'>evangelii</span> <span class='ocrx_word' id='word_1_126' title='bbox 932 1255 1073 1290; x_wconf 86' lang='lat' dir='ltr'>parum</span> <span class='ocrx_word' id='word_1_127' title='bbox 1111 1250 1267 1277; x_wconf 87' lang='lat' dir='ltr'>curant.</span> 
     </span>
    </p>

    <p class='ocr_par' dir='ltr' id='par_1_3' title="bbox 130 1299 1719 1468">
     <span class='ocr_line' id='line_1_18' title="bbox 187 1299 1716 1352; baseline -0.007 -12"><span class='ocrx_word' id='word_1_128' title='bbox 187 1306 279 1341; x_wconf 90' lang='lat' dir='ltr'>Ideo</span> <span class='ocrx_word' id='word_1_129' title='bbox 313 1303 554 1352; x_wconf 77' lang='lat' dir='ltr'>generaliter</span> <span class='ocrx_word' id='word_1_130' title='bbox 587 1303 791 1350; x_wconf 86' lang='lat' dir='ltr'>loquendo</span> <span class='ocrx_word' id='word_1_131' title='bbox 825 1301 1006 1337; x_wconf 89' lang='lat' dir='ltr'>seculare</span> <span class='ocrx_word' id='word_1_132' title='bbox 1039 1299 1251 1336; x_wconf 83' lang='lat' dir='ltr'>brachium</span> <span class='ocrx_word' id='word_1_133' title='bbox 1289 1307 1446 1335; x_wconf 61' lang='lat' dir='ltr'>caveret</span> <span class='ocrx_word' id='word_1_134' title='bbox 1479 1305 1545 1332; x_wconf 74' lang='lat' dir='ltr'>The</span> <span class='ocrx_word' id='word_1_135' title='bbox 1566 1305 1716 1339; x_wconf 56' lang='lat' dir='ltr'>temporat</span> 
     </span>
     <span class='ocr_line' id='line_1_19' title="bbox 130 1339 1719 1409; baseline -0.006 -10"><span class='ocrx_word' id='word_1_136' title='bbox 130 1365 176 1398; x_wconf 91' lang='lat' dir='ltr'>de</span> <span class='ocrx_word' id='word_1_137' title='bbox 217 1363 363 1399; x_wconf 83' lang='lat' dir='ltr'>talibus</span> <span class='ocrx_word' id='word_1_138' title='bbox 403 1371 611 1409; x_wconf 83' lang='lat' dir='ltr'>tamquam</span> <span class='ocrx_word' id='word_1_139' title='bbox 651 1360 755 1408; x_wconf 84' lang='lat' dir='ltr'>lupis</span> <span class='ocrx_word' id='word_1_140' title='bbox 796 1369 832 1395; x_wconf 85' lang='lat' dir='ltr'>et</span> <span class='ocrx_word' id='word_1_141' title='bbox 872 1372 951 1395; x_wconf 85' lang='lat' dir='ltr'>non</span> <span class='ocrx_word' id='word_1_142' title='bbox 994 1359 1145 1394; x_wconf 80' lang='lat' dir='ltr'>foveret</span> <span class='ocrx_word' id='word_1_143' title='bbox 1184 1370 1251 1394; x_wconf 90' lang='lat' dir='ltr'>eos</span> <span class='ocrx_word' id='word_1_144' title='bbox 1295 1357 1334 1393; x_wconf 90' lang='lat' dir='ltr'>in</span> <span class='ocrx_word' id='word_1_145' title='bbox 1367 1356 1446 1392; x_wconf 82' lang='lat' dir='ltr'>suis</span> <span class='ocrx_word' id='word_1_146' title='bbox 1480 1339 1719 1402; x_wconf 33' lang='lat' dir='ltr'>Foeffflflfflffi&#39;fffid-</span> 
     </span>
     <span class='ocr_line' id='line_1_20' title="bbox 132 1414 1447 1468; baseline -0.005 -12"><span class='ocrx_word' id='word_1_147' title='bbox 132 1420 301 1457; x_wconf 83' lang='lat' dir='ltr'>maliciis</span> <span class='ocrx_word' id='word_1_148' title='bbox 353 1433 422 1468; x_wconf 86' lang='lat' dir='ltr'>per</span> <span class='ocrx_word' id='word_1_149' title='bbox 475 1418 797 1455; x_wconf 83' lang='lat' dir='ltr'>ministraciones</span> <span class='ocrx_word' id='word_1_150' title='bbox 848 1416 1134 1465; x_wconf 84' lang='lat' dir='ltr'>temporalium</span> <span class='ocrx_word' id='word_1_151' title='bbox 1188 1429 1264 1464; x_wconf 89' lang='lat' dir='ltr'>que</span> <span class='ocrx_word' id='word_1_152' title='bbox 1321 1414 1447 1462; x_wconf 70' lang='lat' dir='ltr'>magis</span> 
     </span>
    </p>

    <p class='ocr_par' dir='ltr' id='par_1_4' title="bbox 73 1473 1448 1756">
     <span class='ocr_line' id='line_1_21' title="bbox 73 1473 1445 1526; baseline -0.004 -12"><span class='ocrx_word' id='word_1_153' title='bbox 73 1494 114 1514; x_wconf 81' lang='lat'>20</span> <span class='ocrx_word' id='word_1_154' title='bbox 131 1479 333 1523; x_wconf 78' lang='lat' dir='ltr'>affectant,</span> <span class='ocrx_word' id='word_1_155' title='bbox 358 1477 452 1526; x_wconf 88' lang='lat' dir='ltr'>quia</span> <span class='ocrx_word' id='word_1_156' title='bbox 475 1487 570 1513; x_wconf 88' lang='lat' dir='ltr'>tunc</span> <span class='ocrx_word' id='word_1_157' title='bbox 594 1476 757 1513; x_wconf 82' lang='lat' dir='ltr'>indubie</span> <span class='ocrx_word' id='word_1_158' title='bbox 791 1474 1107 1524; x_wconf 85' lang='lat' dir='ltr'>dampnabiliter</span> <span class='ocrx_word' id='word_1_159' title='bbox 1140 1473 1237 1522; x_wconf 87' lang='lat' dir='ltr'>ipsis</span> <span class='ocrx_word' id='word_1_160' title='bbox 1271 1473 1310 1509; x_wconf 91' lang='lat' dir='ltr'>in</span> <span class='ocrx_word' id='word_1_161' title='bbox 1344 1473 1445 1509; x_wconf 85' lang='lat' dir='ltr'>anti-</span> 
     </span>
     <span class='ocr_line' id='line_1_22' title="bbox 131 1530 1447 1579; baseline -0.005 -6"><span class='ocrx_word' id='word_1_162' title='bbox 131 1537 322 1573; x_wconf 85' lang='lat' dir='ltr'>christivo</span> <span class='ocrx_word' id='word_1_163' title='bbox 368 1535 536 1572; x_wconf 89' lang='lat' dir='ltr'>crimine</span> <span class='ocrx_word' id='word_1_164' title='bbox 582 1534 838 1572; x_wconf 77' lang='lat' dir='ltr'>consentiret.</span> <span class='ocrx_word' id='word_1_165' title='bbox 895 1536 998 1569; x_wconf 91' lang='lat' dir='ltr'>Deus</span> <span class='ocrx_word' id='word_1_166' title='bbox 1044 1541 1178 1569; x_wconf 87' lang='lat' dir='ltr'>autem</span> <span class='ocrx_word' id='word_1_167' title='bbox 1221 1530 1447 1579; x_wconf 84' lang='lat' dir='ltr'>providebit</span> 
     </span>
     <span class='ocr_line' id='line_1_23' title="bbox 130 1588 1448 1639; baseline -0.005 -8"><span class='ocrx_word' id='word_1_168' title='bbox 130 1595 205 1631; x_wconf 92' lang='lat' dir='ltr'>sibi</span> <span class='ocrx_word' id='word_1_169' title='bbox 246 1596 293 1631; x_wconf 90' lang='lat' dir='ltr'>de</span> <span class='ocrx_word' id='word_1_170' title='bbox 334 1594 489 1630; x_wconf 88' lang='lat' dir='ltr'>clericis</span> <span class='ocrx_word' id='word_1_171' title='bbox 529 1604 565 1630; x_wconf 87' lang='lat' dir='ltr'>et</span> <span class='ocrx_word' id='word_1_172' title='bbox 598 1592 905 1629; x_wconf 66' lang='lat' dir='ltr'>observantibus</span> <span class='ocrx_word' id='word_1_173' title='bbox 944 1592 1071 1639; x_wconf 75' lang='lat' dir='ltr'>legem</span> <span class='ocrx_word' id='word_1_174' title='bbox 1116 1603 1228 1626; x_wconf 88' lang='lat' dir='ltr'>suam</span> <span class='ocrx_word' id='word_1_175' title='bbox 1264 1588 1331 1638; x_wconf 91' lang='lat' dir='ltr'>qui</span> <span class='ocrx_word' id='word_1_176' title='bbox 1364 1602 1448 1625; x_wconf 72' lang='lat' dir='ltr'>ver-</span> 
     </span>
     <span class='ocr_line' id='line_1_24' title="bbox 130 1648 1447 1699; baseline -0.005 -9"><span class='ocrx_word' id='word_1_177' title='bbox 130 1653 262 1690; x_wconf 84' lang='lat' dir='ltr'>sucias</span> <span class='ocrx_word' id='word_1_178' title='bbox 294 1652 530 1688; x_wconf 85' lang='lat' dir='ltr'>Antichristi</span> <span class='ocrx_word' id='word_1_179' title='bbox 570 1653 814 1699; x_wconf 65' lang='lat' dir='ltr'>detegerent,</span> <span class='ocrx_word' id='word_1_180' title='bbox 856 1662 1044 1686; x_wconf 87' lang='lat' dir='ltr'>censuras</span> <span class='ocrx_word' id='word_1_181' title='bbox 1083 1661 1175 1685; x_wconf 90' lang='lat' dir='ltr'>suas</span> <span class='ocrx_word' id='word_1_182' title='bbox 1216 1648 1328 1684; x_wconf 86' lang='lat' dir='ltr'>fictas</span> <span class='ocrx_word' id='word_1_183' title='bbox 1367 1660 1447 1683; x_wconf 90' lang='lat' dir='ltr'>non</span> 
     </span>
     <span class='ocr_line' id='line_1_25' title="bbox 131 1706 1448 1756; baseline -0.005 -8"><span class='ocrx_word' id='word_1_184' title='bbox 131 1725 213 1748; x_wconf 86' lang='lat' dir='ltr'>esse</span> <span class='ocrx_word' id='word_1_185' title='bbox 254 1711 452 1747; x_wconf 89' lang='lat' dir='ltr'>timendas</span> <span class='ocrx_word' id='word_1_186' title='bbox 492 1711 751 1746; x_wconf 79' lang='lat' dir='ltr'>ostenderent</span> <span class='ocrx_word' id='word_1_187' title='bbox 790 1718 827 1745; x_wconf 92' lang='lat' dir='ltr'>et</span> <span class='ocrx_word' id='word_1_188' title='bbox 867 1707 1157 1756; x_wconf 84' lang='lat' dir='ltr'>promissiones</span> <span class='ocrx_word' id='word_1_189' title='bbox 1197 1706 1360 1743; x_wconf 86' lang='lat' dir='ltr'>fallaces</span> <span class='ocrx_word' id='word_1_190' title='bbox 1401 1707 1448 1741; x_wconf 86' lang='lat' dir='ltr'>de</span> 
     </span>
    </p>

    <p class='ocr_par' dir='ltr' id='par_1_5' title="bbox 74 1763 1450 2051">
     <span class='ocr_line' id='line_1_26' title="bbox 74 1763 1447 1815; baseline -0.005 -9"><span class='ocrx_word' id='word_1_191' title='bbox 74 1768 459 1807; x_wconf 68' lang='lat' dir='ltr'>25absolt1cionibus</span> <span class='ocrx_word' id='word_1_192' title='bbox 492 1778 529 1805; x_wconf 91' lang='lat' dir='ltr'>et</span> <span class='ocrx_word' id='word_1_193' title='bbox 561 1767 828 1815; x_wconf 77' lang='lat' dir='ltr'>indulgenciis</span> <span class='ocrx_word' id='word_1_194' title='bbox 868 1766 1140 1806; x_wconf 74' lang='lat' dir='ltr'>declinarent:</span> <span class='ocrx_word' id='word_1_195' title='bbox 1187 1765 1294 1813; x_wconf 87' lang='lat' dir='ltr'>quod</span> <span class='ocrx_word' id='word_1_196' title='bbox 1335 1764 1366 1799; x_wconf 93' lang='lat' dir='ltr'>si</span> <span class='ocrx_word' id='word_1_197' title='bbox 1409 1763 1447 1799; x_wconf 90' lang='lat' dir='ltr'>in</span> 
     </span>
     <span class='ocr_line' id='line_1_27' title="bbox 130 1821 1447 1876; baseline -0.005 -12"><span class='ocrx_word' id='word_1_198' title='bbox 130 1827 318 1876; x_wconf 89' lang='lat' dir='ltr'>potencia</span> <span class='ocrx_word' id='word_1_199' title='bbox 351 1826 523 1864; x_wconf 88' lang='lat' dir='ltr'>seculari</span> <span class='ocrx_word' id='word_1_200' title='bbox 557 1826 764 1862; x_wconf 86' lang='lat' dir='ltr'>confidant</span> <span class='ocrx_word' id='word_1_201' title='bbox 787 1833 825 1860; x_wconf 89' lang='lat' dir='ltr'>et</span> <span class='ocrx_word' id='word_1_202' title='bbox 857 1823 1062 1873; x_wconf 88' lang='lat' dir='ltr'>simplices</span> <span class='ocrx_word' id='word_1_203' title='bbox 1095 1823 1260 1860; x_wconf 84' lang='lat' dir='ltr'>alterius</span> <span class='ocrx_word' id='word_1_204' title='bbox 1294 1821 1447 1858; x_wconf 89' lang='lat' dir='ltr'>brachii</span> 
     </span>
     <span class='ocr_line' id='line_1_28' title="bbox 130 1879 1447 1933; baseline -0.006 -10"><span class='ocrx_word' id='word_1_205' title='bbox 130 1888 177 1923; x_wconf 92' lang='lat' dir='ltr'>de</span> <span class='ocrx_word' id='word_1_206' title='bbox 202 1886 316 1922; x_wconf 90' lang='lat' dir='ltr'>bonis</span> <span class='ocrx_word' id='word_1_207' title='bbox 336 1886 495 1922; x_wconf 88' lang='lat' dir='ltr'>fortune</span> <span class='ocrx_word' id='word_1_208' title='bbox 515 1884 703 1933; x_wconf 85' lang='lat' dir='ltr'>spolient,</span> <span class='ocrx_word' id='word_1_209' title='bbox 725 1886 830 1919; x_wconf 89' lang='lat' dir='ltr'>Deus</span> <span class='ocrx_word' id='word_1_210' title='bbox 854 1882 1029 1919; x_wconf 86' lang='lat' dir='ltr'>movebit</span> <span class='ocrx_word' id='word_1_211' title='bbox 1047 1881 1276 1930; x_wconf 83' lang='lat' dir='ltr'>superiores</span> <span class='ocrx_word' id='word_1_212' title='bbox 1295 1879 1447 1916; x_wconf 88' lang='lat' dir='ltr'>brachii</span> 
     </span>
     <span class='ocr_line' id='line_1_29' title="bbox 129 1938 1450 1990; baseline -0.006 -9"><span class='ocrx_word' id='word_1_213' title='bbox 129 1943 322 1981; x_wconf 88' lang='lat' dir='ltr'>secularis</span> <span class='ocrx_word' id='word_1_214' title='bbox 354 1945 403 1980; x_wconf 90' lang='lat' dir='ltr'>ad</span> <span class='ocrx_word' id='word_1_215' title='bbox 437 1943 615 1980; x_wconf 82' lang='lat' dir='ltr'>coactive</span> <span class='ocrx_word' id='word_1_216' title='bbox 638 1941 831 1990; x_wconf 89' lang='lat' dir='ltr'>ypocritis</span> <span class='ocrx_word' id='word_1_217' title='bbox 855 1941 1135 1977; x_wconf 88' lang='lat' dir='ltr'>resistendum.</span> <span class='ocrx_word' id='word_1_218' title='bbox 1170 1942 1218 1975; x_wconf 83' lang='lat' dir='ltr'>Et</span> <span class='ocrx_word' id='word_1_219' title='bbox 1241 1938 1450 1986; x_wconf 87' lang='lat' dir='ltr'>supposito</span> 
     </span>
     <span class='ocr_line' id='line_1_30' title="bbox 129 1999 1450 2051; baseline -0.005 -12"><span class='ocrx_word' id='word_1_220' title='bbox 129 2004 236 2051; x_wconf 87' lang='lat' dir='ltr'>quod</span> <span class='ocrx_word' id='word_1_221' title='bbox 276 2002 354 2050; x_wconf 89' lang='lat' dir='ltr'>ipsi</span> <span class='ocrx_word' id='word_1_222' title='bbox 393 2001 582 2038; x_wconf 89' lang='lat' dir='ltr'>resistunt</span> <span class='ocrx_word' id='word_1_223' title='bbox 621 2009 752 2037; x_wconf 89' lang='lat' dir='ltr'>stante</span> <span class='ocrx_word' id='word_1_224' title='bbox 791 1999 958 2036; x_wconf 80' lang='lat' dir='ltr'>veritate</span> <span class='ocrx_word' id='word_1_225' title='bbox 998 2008 1035 2035; x_wconf 91' lang='lat' dir='ltr'>et</span> <span class='ocrx_word' id='word_1_226' title='bbox 1068 2005 1350 2047; x_wconf 82' lang='lat' dir='ltr'>perseverante</span> <span class='ocrx_word' id='word_1_227' title='bbox 1381 2009 1450 2044; x_wconf 83' lang='lat' dir='ltr'>pa-</span> 
     </span>
    </p>

    <p class='ocr_par' dir='ltr' id='par_1_6' title="bbox 73 2057 1448 2108">
     <span class='ocr_line' id='line_1_31' title="bbox 73 2057 1448 2108; baseline -0.005 -11"><span class='ocrx_word' id='word_1_228' title='bbox 73 2065 113 2096; x_wconf 81' lang='lat'>30</span> <span class='ocrx_word' id='word_1_229' title='bbox 130 2060 282 2097; x_wconf 88' lang='lat' dir='ltr'>ciencia</span> <span class='ocrx_word' id='word_1_230' title='bbox 300 2060 529 2108; x_wconf 88' lang='lat' dir='ltr'>triumphus</span> <span class='ocrx_word' id='word_1_231' title='bbox 553 2059 753 2108; x_wconf 82' lang='lat' dir='ltr'>gloriosus</span> <span class='ocrx_word' id='word_1_232' title='bbox 778 2067 814 2094; x_wconf 89' lang='lat' dir='ltr'>et</span> <span class='ocrx_word' id='word_1_233' title='bbox 838 2070 989 2094; x_wconf 87' lang='lat' dir='ltr'>corona</span> <span class='ocrx_word' id='word_1_234' title='bbox 1014 2057 1144 2105; x_wconf 87' lang='lat' dir='ltr'>patrie</span> <span class='ocrx_word' id='word_1_235' title='bbox 1167 2063 1448 2103; x_wconf 87' lang='lat' dir='ltr'>consequetur.</span> 
     </span>
    </p>

    <p class='ocr_par' dir='ltr' id='par_1_7' title="bbox 130 2113 1760 2338">
     <span class='ocr_line' id='line_1_32' title="bbox 189 2113 1728 2166; baseline -0.006 -11"><span class='ocrx_word' id='word_1_236' title='bbox 189 2121 270 2155; x_wconf 89' lang='lat' dir='ltr'>Nec</span> <span class='ocrx_word' id='word_1_237' title='bbox 309 2118 426 2155; x_wconf 83' lang='lat' dir='ltr'>video</span> <span class='ocrx_word' id='word_1_238' title='bbox 465 2118 504 2154; x_wconf 92' lang='lat' dir='ltr'>in</span> <span class='ocrx_word' id='word_1_239' title='bbox 543 2130 622 2166; x_wconf 91' lang='lat' dir='ltr'>quo</span> <span class='ocrx_word' id='word_1_240' title='bbox 665 2118 794 2153; x_wconf 89' lang='lat' dir='ltr'>clerus</span> <span class='ocrx_word' id='word_1_241' title='bbox 833 2117 922 2164; x_wconf 87' lang='lat' dir='ltr'>plus</span> <span class='ocrx_word' id='word_1_242' title='bbox 963 2128 1083 2164; x_wconf 88' lang='lat' dir='ltr'>quarn</span> <span class='ocrx_word' id='word_1_243' title='bbox 1126 2114 1165 2150; x_wconf 84' lang='lat' dir='ltr'>in</span> <span class='ocrx_word' id='word_1_244' title='bbox 1213 2113 1448 2150; x_wconf 85' lang='lat' dir='ltr'>deteccione</span> <span class='ocrx_word' id='word_1_245' title='bbox 1471 2117 1539 2144; x_wconf 76' lang='lat' dir='ltr'>The</span> <span class='ocrx_word' id='word_1_246' title='bbox 1560 2116 1728 2143; x_wconf 68' lang='lat' dir='ltr'>bestwork</span> 
     </span>
     <span class='ocr_line' id='line_1_33' title="bbox 130 2152 1739 2223; baseline -0.005 -10"><span class='ocrx_word' id='word_1_247' title='bbox 130 2176 235 2213; x_wconf 88' lang='lat' dir='ltr'>illius</span> <span class='ocrx_word' id='word_1_248' title='bbox 275 2175 465 2213; x_wconf 85' lang='lat' dir='ltr'>secularis</span> <span class='ocrx_word' id='word_1_249' title='bbox 498 2174 733 2212; x_wconf 88' lang='lat' dir='ltr'>Antichristi</span> <span class='ocrx_word' id='word_1_250' title='bbox 775 2182 908 2223; x_wconf 90' lang='lat' dir='ltr'>posset</span> <span class='ocrx_word' id='word_1_251' title='bbox 948 2175 1055 2222; x_wconf 90' lang='lat' dir='ltr'>apud</span> <span class='ocrx_word' id='word_1_252' title='bbox 1098 2172 1315 2209; x_wconf 85' lang='lat' dir='ltr'>Dominum</span> <span class='ocrx_word' id='word_1_253' title='bbox 1356 2184 1448 2219; x_wconf 90' lang='lat' dir='ltr'>pro-</span> <span class='ocrx_word' id='word_1_254' title='bbox 1463 2152 1739 2222; x_wconf 42' lang='lat' dir='ltr'>dttieisctlffigg‘mcffpk</span> 
     </span>
     <span class='ocr_line' id='line_1_34' title="bbox 134 2222 1760 2281; baseline -0.005 -10"><span class='ocrx_word' id='word_1_255' title='bbox 134 2234 290 2271; x_wconf 86' lang='lat' dir='ltr'>mereri.</span> <span class='ocrx_word' id='word_1_256' title='bbox 325 2237 426 2271; x_wconf 86' lang='lat' dir='ltr'>Nam</span> <span class='ocrx_word' id='word_1_257' title='bbox 461 2234 502 2270; x_wconf 90' lang='lat' dir='ltr'>in</span> <span class='ocrx_word' id='word_1_258' title='bbox 534 2235 610 2270; x_wconf 90' lang='lat' dir='ltr'>hoc</span> <span class='ocrx_word' id='word_1_259' title='bbox 645 2243 681 2270; x_wconf 90' lang='lat' dir='ltr'>et</span> <span class='ocrx_word' id='word_1_260' title='bbox 705 2242 872 2281; x_wconf 90' lang='lat' dir='ltr'>propter</span> <span class='ocrx_word' id='word_1_261' title='bbox 897 2233 972 2269; x_wconf 89' lang='lat' dir='ltr'>hoc</span> <span class='ocrx_word' id='word_1_262' title='bbox 1006 2232 1078 2268; x_wconf 84' lang='lat' dir='ltr'>fuit</span> <span class='ocrx_word' id='word_1_263' title='bbox 1102 2230 1284 2269; x_wconf 90' lang='lat' dir='ltr'>Christus</span> <span class='ocrx_word' id='word_1_264' title='bbox 1309 2242 1449 2278; x_wconf 87' lang='lat' dir='ltr'>passus</span> <span class='ocrx_word' id='word_1_265' title='bbox 1509 2222 1694 2250; x_wconf 54' lang='lat' dir='ltr'>‘*⁸*¹¹¹IC¹¹¹‘I⁵‘·</span> <span class='ocrx_word' id='word_1_266' title='bbox 1754 2227 1760 2230; x_wconf 69' lang='grc'><strong>”</strong></span> 
     </span>
     <span class='ocr_line' id='line_1_35' title="bbox 131 2287 1447 2338; baseline -0.005 -9"><span class='ocrx_word' id='word_1_267' title='bbox 131 2302 168 2330; x_wconf 87' lang='lat' dir='ltr'>et</span> <span class='ocrx_word' id='word_1_268' title='bbox 202 2302 385 2329; x_wconf 89' lang='lat' dir='ltr'>mortuus</span> <span class='ocrx_word' id='word_1_269' title='bbox 426 2302 462 2329; x_wconf 92' lang='lat' dir='ltr'>et</span> <span class='ocrx_word' id='word_1_270' title='bbox 495 2293 545 2329; x_wconf 87' lang='lat' dir='ltr'>ad</span> <span class='ocrx_word' id='word_1_271' title='bbox 578 2293 754 2328; x_wconf 88' lang='lat' dir='ltr'>dandum</span> <span class='ocrx_word' id='word_1_272' title='bbox 798 2290 961 2327; x_wconf 89' lang='lat' dir='ltr'>indubie</span> <span class='ocrx_word' id='word_1_273' title='bbox 1004 2290 1227 2338; x_wconf 83' lang='lat' dir='ltr'>exemplum</span> <span class='ocrx_word' id='word_1_274' title='bbox 1263 2287 1447 2336; x_wconf 83' lang='lat' dir='ltr'>posteris,</span> 
     </span>
    </p>

    <p class='ocr_par' dir='ltr' id='par_1_8' title="bbox 74 2346 1449 2631">
     <span class='ocr_line' id='line_1_36' title="bbox 74 2346 1449 2399; baseline -0.004 -12"><span class='ocrx_word' id='word_1_275' title='bbox 74 2356 113 2388; x_wconf 74' lang='lat'>35</span> <span class='ocrx_word' id='word_1_276' title='bbox 133 2360 174 2387; x_wconf 90' lang='lat' dir='ltr'>ut</span> <span class='ocrx_word' id='word_1_277' title='bbox 221 2351 297 2399; x_wconf 89' lang='lat' dir='ltr'>ipsi</span> <span class='ocrx_word' id='word_1_278' title='bbox 342 2350 381 2386; x_wconf 87' lang='lat' dir='ltr'>in</span> <span class='ocrx_word' id='word_1_279' title='bbox 427 2363 521 2387; x_wconf 92' lang='lat' dir='ltr'>casu</span> <span class='ocrx_word' id='word_1_280' title='bbox 567 2349 766 2386; x_wconf 86' lang='lat' dir='ltr'>consimili</span> <span class='ocrx_word' id='word_1_281' title='bbox 813 2348 1038 2397; x_wconf 88' lang='lat' dir='ltr'>paciantur,</span> <span class='ocrx_word' id='word_1_282' title='bbox 1078 2349 1147 2384; x_wconf 90' lang='lat' dir='ltr'>sed</span> <span class='ocrx_word' id='word_1_283' title='bbox 1188 2346 1284 2395; x_wconf 89' lang='lat' dir='ltr'>quid</span> <span class='ocrx_word' id='word_1_284' title='bbox 1329 2346 1449 2382; x_wconf 89' lang='lat' dir='ltr'>refert</span> 
     </span>
     <span class='ocr_line' id='line_1_37' title="bbox 132 2403 1448 2457; baseline -0.005 -12"><span class='ocrx_word' id='word_1_285' title='bbox 132 2408 318 2457; x_wconf 85' lang='lat' dir='ltr'>persequi</span> <span class='ocrx_word' id='word_1_286' title='bbox 365 2409 569 2445; x_wconf 88' lang='lat' dir='ltr'>Christum</span> <span class='ocrx_word' id='word_1_287' title='bbox 623 2408 662 2443; x_wconf 90' lang='lat' dir='ltr'>in</span> <span class='ocrx_word' id='word_1_288' title='bbox 715 2407 796 2443; x_wconf 90' lang='lat' dir='ltr'>suis</span> <span class='ocrx_word' id='word_1_289' title='bbox 847 2406 1098 2443; x_wconf 89' lang='lat' dir='ltr'>naturalibus</span> <span class='ocrx_word' id='word_1_290' title='bbox 1150 2406 1211 2442; x_wconf 81' lang='lat' dir='ltr'>vel</span> <span class='ocrx_word' id='word_1_291' title='bbox 1261 2403 1448 2452; x_wconf 89' lang='lat' dir='ltr'>persequi</span> 
     </span>
     <span class='ocr_line' id='line_1_38' title="bbox 131 2461 1448 2515; baseline -0.005 -11"><span class='ocrx_word' id='word_1_292' title='bbox 131 2468 258 2515; x_wconf 77' lang='lat' dir='ltr'>legem</span> <span class='ocrx_word' id='word_1_293' title='bbox 299 2467 438 2503; x_wconf 78' lang='lat' dir='ltr'>suam?</span> <span class='ocrx_word' id='word_1_294' title='bbox 478 2466 724 2514; x_wconf 87' lang='lat' dir='ltr'>Principium</span> <span class='ocrx_word' id='word_1_295' title='bbox 767 2465 928 2513; x_wconf 90' lang='lat' dir='ltr'>quidem</span> <span class='ocrx_word' id='word_1_296' title='bbox 971 2465 1087 2501; x_wconf 89' lang='lat' dir='ltr'>debet</span> <span class='ocrx_word' id='word_1_297' title='bbox 1133 2476 1217 2500; x_wconf 88' lang='lat' dir='ltr'>esse</span> <span class='ocrx_word' id='word_1_298' title='bbox 1263 2461 1448 2498; x_wconf 82' lang='lat' dir='ltr'>fidelibus</span> 
     </span>
     <span class='ocr_line' id='line_1_39' title="bbox 133 2520 1449 2574; baseline -0.005 -12"><span class='ocrx_word' id='word_1_299' title='bbox 133 2526 241 2574; x_wconf 90' lang='lat' dir='ltr'>quod</span> <span class='ocrx_word' id='word_1_300' title='bbox 285 2524 497 2573; x_wconf 88' lang='lat' dir='ltr'>superfluit</span> <span class='ocrx_word' id='word_1_301' title='bbox 542 2524 582 2560; x_wconf 93' lang='lat' dir='ltr'>in</span> <span class='ocrx_word' id='word_1_302' title='bbox 626 2523 794 2560; x_wconf 89' lang='lat' dir='ltr'>ecclesia</span> <span class='ocrx_word' id='word_1_303' title='bbox 847 2535 931 2559; x_wconf 87' lang='lat' dir='ltr'>esse</span> <span class='ocrx_word' id='word_1_304' title='bbox 984 2535 1109 2570; x_wconf 88' lang='lat' dir='ltr'>papas</span> <span class='ocrx_word' id='word_1_305' title='bbox 1160 2522 1221 2557; x_wconf 73' lang='lat' dir='ltr'>vel</span> <span class='ocrx_word' id='word_1_306' title='bbox 1274 2520 1449 2568; x_wconf 89' lang='lat' dir='ltr'>prelatos</span> 
     </span>
     <span class='ocr_line' id='line_1_40' title="bbox 133 2579 1448 2631; baseline -0.005 -11"><span class='ocrx_word' id='word_1_307' title='bbox 133 2596 316 2620; x_wconf 87' lang='lat' dir='ltr'>cesareos</span> <span class='ocrx_word' id='word_1_308' title='bbox 356 2583 424 2631; x_wconf 91' lang='lat' dir='ltr'>qui</span> <span class='ocrx_word' id='word_1_309' title='bbox 464 2583 553 2631; x_wconf 89' lang='lat' dir='ltr'>plus</span> <span class='ocrx_word' id='word_1_310' title='bbox 592 2582 802 2618; x_wconf 88' lang='lat' dir='ltr'>intendant</span> <span class='ocrx_word' id='word_1_311' title='bbox 843 2581 954 2617; x_wconf 91' lang='lat' dir='ltr'>lucro</span> <span class='ocrx_word' id='word_1_312' title='bbox 994 2579 1281 2628; x_wconf 88' lang='lat' dir='ltr'>temporalium</span> <span class='ocrx_word' id='word_1_313' title='bbox 1328 2591 1448 2626; x_wconf 87' lang='lat' dir='ltr'>quam</span> 
     </span>
    </p>
   </div>
   <div class='ocr_carea' id='block_1_3' title="bbox 71 2636 1447 2690">
    <p class='ocr_par' dir='ltr' id='par_1_9' title="bbox 71 2636 1447 2690">
     <span class='ocr_line' id='line_1_41' title="bbox 71 2636 1447 2690; baseline -0.004 -14"><span class='ocrx_word' id='word_1_314' title='bbox 71 2656 116 2686; x_wconf 88' lang='lat'>40</span> <span class='ocrx_word' id='word_1_315' title='bbox 133 2641 330 2690; x_wconf 89' lang='lat' dir='ltr'>profectui</span> <span class='ocrx_word' id='word_1_316' title='bbox 372 2650 439 2678; x_wconf 89' lang='lat' dir='ltr'>aut</span> <span class='ocrx_word' id='word_1_317' title='bbox 479 2641 597 2677; x_wconf 90' lang='lat' dir='ltr'>saluti</span> <span class='ocrx_word' id='word_1_318' title='bbox 637 2640 771 2676; x_wconf 88' lang='lat' dir='ltr'>anime</span> <span class='ocrx_word' id='word_1_319' title='bbox 811 2640 1069 2688; x_wconf 88' lang='lat' dir='ltr'>populorum.</span> <span class='ocrx_word' id='word_1_320' title='bbox 1120 2638 1303 2674; x_wconf 87' lang='lat' dir='ltr'>Christus</span> <span class='ocrx_word' id='word_1_321' title='bbox 1343 2636 1447 2672; x_wconf 88' lang='lat' dir='ltr'>enirn</span> 
     </span>
    </p>
   </div>
   <div class='ocr_carea' id='block_1_4' title="bbox 131 2771 1448 2837">
    <p class='ocr_par' dir='ltr' id='par_1_10' title="bbox 131 2771 1448 2837">
     <span class='ocr_line' id='line_1_42' title="bbox 202 2771 1448 2802; baseline -0.004 0"><span class='ocrx_word' id='word_1_322' title='bbox 202 2784 221 2802; x_wconf 84' lang='lat'>1.</span> <span class='ocrx_word' id='word_1_323' title='bbox 243 2774 338 2802; x_wconf 54' lang='lat' dir='ltr'>Coa:</span> <span class='ocrx_word' id='word_1_324' title='bbox 367 2774 568 2801; x_wconf 76' lang='lat' dir='ltr'>attenderent.</span> <span class='ocrx_word' id='word_1_325' title='bbox 643 2772 667 2800; x_wconf 81' lang='lat'>3.</span> <span class='ocrx_word' id='word_1_326' title='bbox 686 2771 780 2801; x_wconf 85' lang='lat' dir='ltr'>Cod.:</span> <span class='ocrx_word' id='word_1_327' title='bbox 810 2772 861 2800; x_wconf 87' lang='lat' dir='ltr'>sed</span> <span class='ocrx_word' id='word_1_328' title='bbox 884 2772 946 2799; x_wconf 83' lang='lat' dir='ltr'>sed.</span> <span class='ocrx_word' id='word_1_329' title='bbox 1029 2781 1069 2801; x_wconf 34' lang='lat' dir='ltr'>iol</span> <span class='ocrx_word' id='word_1_330' title='bbox 1086 2772 1182 2799; x_wconf 60' lang='lat' dir='ltr'>coa:</span> <span class='ocrx_word' id='word_1_331' title='bbox 1211 2771 1448 2799; x_wconf 78' lang='lat' dir='ltr'>ministratores.</span> 
     </span>
     <span class='ocr_line' id='line_1_43' title="bbox 131 2804 1050 2837; baseline -0.004 0"><span class='ocrx_word' id='word_1_332' title='bbox 131 2818 169 2837; x_wconf 82' lang='lat'>21.</span> <span class='ocrx_word' id='word_1_333' title='bbox 187 2809 280 2837; x_wconf 58' lang='lat' dir='ltr'>Coa:</span> <span class='ocrx_word' id='word_1_334' title='bbox 309 2809 528 2836; x_wconf 69' lang='lat' dir='ltr'>consentirent</span> <span class='ocrx_word' id='word_1_335' title='bbox 604 2807 641 2835; x_wconf 70' lang='lat'>1³1.</span> <span class='ocrx_word' id='word_1_336' title='bbox 665 2807 759 2835; x_wconf 85' lang='lat' dir='ltr'>Cod.:</span> <span class='ocrx_word' id='word_1_337' title='bbox 788 2807 977 2834; x_wconf 76' lang='lat' dir='ltr'>detencionc.</span> <span class='ocrx_word' id='word_1_338' title='bbox 1044 2804 1050 2807; x_wconf 59' lang='grc'><strong><em>’</em></strong></span> 
     </span>
    </p>
   </div>
   <div class='ocr_carea' id='block_1_5' title="bbox 204 2891 993 2932">
    <p class='ocr_par' dir='ltr' id='par_1_11' title="bbox 204 2891 993 2932">
     <span class='ocr_line' id='line_1_44' title="bbox 204 2891 993 2932; baseline -0.005 -7"><span class='ocrx_word' id='word_1_339' title='bbox 204 2894 234 2926; x_wconf 89' lang='lat'>3.</span> <span class='ocrx_word' id='word_1_340' title='bbox 261 2894 314 2925; x_wconf 76' lang='lat' dir='ltr'>Ps.</span> <span class='ocrx_word' id='word_1_341' title='bbox 342 2893 458 2932; x_wconf 83' lang='lat' dir='ltr'><strong>CXIII,</strong></span> <span class='ocrx_word' id='word_1_342' title='bbox 487 2892 517 2924; x_wconf 86' lang='lat'>3.</span> <span class='ocrx_word' id='word_1_343' title='bbox 618 2902 668 2923; x_wconf 93' lang='lat'>10.</span> <span class='ocrx_word' id='word_1_344' title='bbox 697 2892 720 2924; x_wconf 89' lang='lat'>1.</span> <span class='ocrx_word' id='word_1_345' title='bbox 740 2891 832 2924; x_wconf 78' lang='lat' dir='ltr'>Tim.</span> <span class='ocrx_word' id='word_1_346' title='bbox 857 2891 913 2930; x_wconf 87' lang='lat' dir='ltr'>VI,</span> <span class='ocrx_word' id='word_1_347' title='bbox 946 2901 993 2922; x_wconf 83' lang='lat' dir='ltr'>io.</span> 
     </span>
    </p>
   </div>
  </div>
 </body>
</html>
