1944 3323
131 514 206 546 Ful.

224 261 358 289 smnio
380 249 462 307 xit]
711 262 886 294 TERTIA
916 262 1041 293 PARS.

221 371 385 407 amicum
423 377 497 406 'nec
537 382 610 418 pro
649 368 728 417 suis
769 367 1060 405 cruciatoribus
1094 376 1308 404 exorasset.
1356 368 1543 403 Secundo

222 437 406 477 arguunt,
451 429 560 477 quod
606 440 695 464 cum
741 426 790 463 sit
836 428 986 462 bonum
1033 435 1069 462 et
1108 425 1346 473 gaudiosum
1390 425 1544 461 homini

221 486 418 532 tribulari,
460 488 582 523 bomo
623 485 706 522 eius
752 484 1021 521 maioritatern
1070 493 1277 532 appeteret
1321 483 1404 519 sine
1456 483 1544 525 fine,

1786 255 1834 301 95

1571 374 1629 402 we
1652 384 1701 403 arc
1724 382 1774 403 not
1797 382 1826 403 to

1657 411 1750 438 imm·

1609 446 1786 473 tribulation

1568 480 1626 507 and
1651 486 1731 507 must
1754 490 1829 516 pray

1604 515 1723 549 against
1745 517 1794 543 tbc

127 545 313 602 usa-quia
343 557 500 593 semper
530 544 614 580 eius
646 543 854 580 maioritas
879 543 980 579 foret
1009 538 1013 595 Ι
1044 542 1196 578 bomini
1222 541 1349 589 magis
1381 543 1545 577 bonum.
1581 549 1689 577 tit-virs
1713 552 1807 577 wilt-s.

187 607 203 639 5

165 909 204 930 10

164 1189 199 1221 15

161 1491 202 1513 20

160 1773 200 1805 25

222 606 261 640 ln
295 604 369 640 isto
404 603 550 639 dicitur
583 603 690 651 quod
725 602 763 637 in
798 601 1064 637 tribulacione
1097 600 1166 637 tali
1206 609 1297 636 sunt
1332 601 1469 643 inulta,
1506 609 1547 635 ut

221 661 376 710 passiva
409 660 623 697 tribulacio
655 659 850 705 tribulati,
885 669 921 696 et
952 660 999 695 de
1033 659 1119 704 ista,
1155 672 1245 695 cum
1276 658 1316 694 in
1340 658 1546 706 paciencia

221 729 386 768 accepta
420 719 550 764 fuerit,
585 718 748 754 indubie
782 727 838 754 est
871 719 1142 765 gaudendum.
1185 716 1249 753 Sic
1284 716 1388 753 enim
1425 717 1546 752 bomo

218 780 369 830 gaudet
393 790 598 814 armorum
633 786 798 825 propter
823 789 934 825 spem
965 775 1169 824 sequentis
1196 776 1397 812 mundane
1420 774 1547 823 glorie

221 837 382 874 acucius
424 836 651 872 tribulatus.
705 837 866 880 Quanto
908 833 1034 882 magis
1075 833 1202 870 fidelis
1242 833 1281 869 in
1321 846 1442 881 causa
1477 832 1545 869 nei

221 896 268 931 de
314 895 457 932 maiori
511 894 667 943 premio
713 893 839 942 magis
888 893 1043 929 certus?
1100 893 1192 928 Ideo
1239 891 1335 928 dicit
1373 892 1546 928 ‚lacobus

220 953 351 1002 primo
385 953 582 1001 capitulo:
613 954 735 988 Omne
765 952 954 1002 gaudimn
989 951 1222 997 existimate,
1247 963 1330 986 cum
1366 950 1401 985 in
1427 958 1547 998 temp-

219 1012 386 1048 !aciones
426 1012 556 1048 varias
595 1010 828 1049 incideritis.-
865 1011 932 1046 sed
966 1009 1060 1058 quia
1102 1017 1235 1045 mente
1275 1017 1345 1054 est,
1380 1007 1545 1044 tribula—

219 1071 380 1106 cionum
421 1069 652 1106 huiusmodi
687 1069 805 1105 finem
844 1069 1003 1113 habere,
1039 1067 1132 1115 quia
1165 1068 1215 1103 ad
1248 1066 1433 1102 ultimum
1470 1075 1545 1102 ter-

220 1128 365 1166 minari
407 1129 457 1165 ad
504 1136 690 1173 mortem,
737 1126 827 1163 ideo
875 1135 983 1175 patet
1028 1127 1135 1174 quod
1183 1125 1325 1161 facta.
1360 1154 1366 1160 .
1401 1154 1407 1161 .
1442 1154 1448 1160 .
1489 1133 1545 1160 ‹ut

217 1188 320 1224 valet
358 1188 523 1224 verbum
565 1199 655 1222 cum
695 1187 796 1222 bene
835 1183 1118 1229 concluditur),
1159 1196 1280 1232 quam
1328 1182 1395 1218 diu
1429 1184 1546 1219 datur

217 1245 377 1283 occasio
429 1243 662 1289 tribulandi,
714 1242 869 1292 passive
915 1242 1041 1280 eciam
1090 1254 1216 1291 usque
1262 1243 1312 1278 ad
1358 1249 1544 1279 mortem.

218 1306 334 1341 debet
368 1305 490 1340 homo
524 1316 615 1339 cum
648 1301 796 1350 gaudio
836 1301 945 1338 illam
981 1300 1063 1350 pati
1098 1309 1135 1337 et
1169 1300 1306 1336 dolere
1340 1301 1388 1336 de
1421 1299 1546 1335 tribu-

219 1362 348 1399 lancia
379 1372 415 1399 et
439 1374 510 1411 per
533 1373 783 1409 consequens
806 1373 887 1396 non
916 1361 1135 1408 prudenter
1159 1360 1209 1395 ad
1234 1357 1546 1394 tribulacionem

218 1420 425 1470 propriam
460 1419 631 1456 irritare.
672 1421 993 1467 Verumptamen
1033 1430 1080 1454 eo
1113 1417 1201 1465 ipso
1235 1430 1314 1465 quo
1349 1415 1544 1453 maiorem

218 1479 526 1516 tribulacionem
560 1477 736 1515 virtuose
768 1476 903 1514 tulerit
932 1477 1033 1513 foret
1067 1475 1135 1512 illa
1168 1474 1241 1511 sibi
1277 1474 1418 1511 melior
1447 1488 1543 1523 qua-

218 1539 312 1575 libet
351 1547 464 1586 parte
504 1549 587 1573 sua.
635 1538 682 1572 Et
716 1535 810 1584 quia
849 1535 888 1572 in
929 1535 1004 1571 ista
1041 1533 1209 1570 materia
1243 1533 1379 1570 fallere
1413 1541 1546 1582 potest

219 1597 415 1642 diabolus,
462 1594 753 1632 necessitarnur
791 1594 937 1629 instare
974 1593 1148 1629 oracioni
1185 1601 1220 1628 et
1261 1590 1545 1628 informacioni

219 1654 417 1691 infallibili
452 1653 522 1690 Dei
555 1652 695 1690 nostri.

277 1711 528 1749 Duodecirna
559 1711 677 1748 vestis
711 1720 768 1747 est
799 1710 1079 1759 compaciencia
1115 1708 1402 1745 necessitatibus
1434 1719 1543 1742 sanc-

217 1780 357 1808 torum.
394 1772 493 1807 Cum
529 1769 635 1806 enim
669 1769 811 1805 fratres
845 1767 970 1804 nostri
1004 1767 1295 1804 necessitentur
1326 1778 1367 1802 ex
1403 1778 1544 1813 repug-

216 1829 385 1867 nacione
418 1827 725 1878 quomodolibet
758 1826 957 1872 tribulari,
999 1827 1191 1862 debemus
1227 1837 1270 1861 ex
1306 1823 1544 1860 condicione

218 1887 398 1925 caritatis
432 1887 485 1924 eis
520 1885 711 1935 compati,
747 1886 927 1922 dolentes
961 1886 1008 1921 de
1042 1897 1162 1921 causa
1196 1892 1232 1919 et
1273 1881 1542 1919 tribulacione

218 1948 437 1984 secundum
479 1945 684 1982 racionem
726 1957 804 1992 qua
843 1956 887 1980 ex
925 1943 1071 1980 infecta
1111 1941 1246 1979 radice
1291 1940 1543 1989 producitur,

220 2007 265 2042 Et
299 2005 354 2041 sic
388 2005 578 2041 debemus
613 2004 659 2039 de
693 2004 834 2039 eodem
869 2003 1043 2050 gaudere
1079 2010 1115 2037 et
1150 2001 1286 2037 dolere
1318 2000 1539 2036 secundum

219 2063 421 2112 disparem
464 2062 688 2101 racionem:
735 2070 771 2098 et
818 2060 909 2097 binc
948 2060 1165 2108 Apostolus
1211 2059 1261 2094 ad
1307 2057 1542 2095 Corinthos:

224 2122 320 2172 Quis
353 2121 577 2172 infirmatur
600 2128 634 2156 et
667 2132 739 2169 ego
773 2132 845 2155 non
878 2119 1087 2169 infirmor?
1124 2117 1221 2167 Quis
1252 2115 1545 2168 scandalifalm·

218 2188 252 2216 et
291 2193 363 2231 ego
403 2193 474 2216 non
515 2179 641 2214 uror?
675 2179 793 2223 Quod
833 2176 863 2213 si
897 2190 1035 2213 sumus
1075 2175 1130 2212 sic
1163 2174 1441 2224 compacientes
1473 2173 1543 2209 tri-

218 2239 479 2275 bulacionibus
501 2245 738 2282 sanctorum,
753 2249 835 2272 non
853 2235 1018 2271 dubium
1037 2233 1133 2283 quin
1150 2231 1543 2270 communicabimus

219 2297 333 2334 bonis
383 2296 476 2334 suis.
531 2298 636 2332 Deus
681 2294 785 2331 enim
839 2303 895 2330 est
946 2293 1112 2342 pronior
1160 2293 1210 2329 ad
1258 2290 1541 2340 premiandum

188 2357 384 2404 'propter
429 2353 687 2403 participium
736 2352 970 2389 meritorum
1022 2364 1142 2399 quam
1198 2351 1247 2387 ad
1295 2349 1541 2397 puniendum

220 2427 309 2450 cum
347 2425 502 2449 merore
535 2412 835 2448 tribulatorum.

276 2471 419 2508 'l‘ercia
469 2470 624 2507 decima
668 2469 786 2506 vestis
838 2478 894 2506 est
939 2468 1182 2518 hospitalitas
1221 2474 1453 2502 sanctorum
1503 2463 1542 2500 in

219 2529 485 2566 tribulacione
509 2528 723 2566 viancium.
758 2529 858 2565 Cum
891 2527 995 2563 enim
1021 2527 1213 2562 debemus
1237 2522 1542 2561 necessitatibus

290 2698 308 2717 ι.
331 2688 427 2716 (ἰσώς
448 2695 590 2720 exorare;
612 2686 652 2713 ib.
675 2685 705 2712 In
729 2693 842 2720 marg:
867 2685 893 2712 b.
960 2692 985 2711 2.
1009 2683 1098 2710 Cod.:
1126 2682 1204 2710 Cinn
1227 2682 1296 2710 sint.
1363 2689 1399 2709 12.
1423 2685 1539 2708 mente:

219 2725 257 2751 ita
279 2725 348 2752 cod.
449 2732 488 2755 ιι.
511 2723 606 2752 mem:
629 2721 767 2755 seqnitur
788 2721 912 2747 lacuna:
934 2718 1041 2746 Adde:
1065 2718 1277 2745 tribulacione.
1382 2724 1419 2751 ¹7-
1443 2716 1539 2742 (ζοὼῑ

219 2759 335 2786 dolore.
393 2766 437 2791 24,
463 2758 492 2784 ln
516 2765 630 2791 marg..-
654 2764 692 2783 12.
751 2754 795 2782 130.
812 2754 998 2786 Corinthon
1021 2753 1085 2780 scil.
1109 2753 1191 2780 dicit.
1249 2752 1340 2787 3711}
1363 2759 1478 2784 marga
1502 2749 1539 2777 13.

295 2865 344 2886 ιι.
370 2854 487 2886 Jacob}
518 2853 540 2893 1,
562 2863 590 2884 2.
667 2862 718 2892 24.
739 2852 841 2883 Rom.
860 2851 931 2888 XII,
958 2850 1011 2883 13:
1039 2848 1307 2882 necessitatibus
1326 2851 1535 2879 sanctorum

219 2903 532 2935 communicantes.
632 2898 685 2930 31.
716 2898 753 2929 ll.
782 2899 863 2929 Cor.
891 2898 946 2937 xi,
975 2907 1027 2940 ²9·

1574 1724 1598 1743 2.
1621 1717 1834 1752 (jompassion

1638 1753 1686 1779 sor
1707 1753 1756 1779 Ibe

1584 1788 1761 1814 necessust-s
1782 1793 1812 1815 01

1604 1823 1652 1848 ibe
1674 1824 1789 1849 Sanus.

1569 2475 1605 2503 13.
1630 2475 1829 2511 llospilallty.
