1944 3323
135 262 271 292 SERMO
292 250 371 307 [Μ]
618 262 791 294 TERTm
821 262 948 294 PARS.
1654 253 1732 298 475

133 371 444 420 comparacione
484 371 533 406 ad
574 369 750 406 cautelas
791 368 941 406 diaboli
982 378 1062 406 tam
1110 381 1200 405 cum
1247 381 1366 405 carne
1412 378 1448 404 et

132 429 324 478 sanguine
357 441 478 477 quam
513 427 640 464 eciam
676 440 764 464 cum
799 427 988 464 omnibus
1028 427 1167 463 mundi
1207 426 1448 463 delectacio-

132 489 248 525 nibus
271 487 477 524 hominem
501 486 738 522 invadentis,
774 488 910 533 Pugna
933 486 1039 522 enim
1063 495 1200 522 nostra
1225 494 1283 521 est
1307 494 1449 522 contra
1471 491 1530 519 We
1550 501 1599 519 πω
1621 491 1686 530 said
1709 497 1739 518 ιο

132 547 240 596 ipsos
263 546 464 589 diabolos;
494 553 531 580 et
555 557 643 580 cum
670 546 717 580 de
742 544 922 592 quolibet
944 557 1087 581 novem
1113 543 1300 581 ordinum
1325 544 1449 592 aliqui
1483 528 1740 596 ζζῖζῆζιῆῃῆῗῑζᾞδῑ

98 605 377 650 ὀεοείἀεῑιιηῑ,
424 603 628 651 signanter
673 602 819 639 dicitur
866 604 968 651 quod
1015 611 1147 639 nostra
1196 602 1449 639 colluctuacio
1474 597 1738 658 bsssszfuffgffffigfw

131 671 186 701 est
228 663 417 699 adversus
455 661 654 710 principes
700 669 735 697 et
773 668 996 710 potestates.
1051 663 1128 697 Sed
1174 674 1254 697 non
1300 649 1739 704 habenttliefalicn‘angcss

131 721 340 759 nobiscum
376 720 475 756 illud
508 719 686 756 officium
721 720 829 768 quod
855 719 981 756 beatis
1006 718 1212 768 spiritibus
1236 718 1446 756 limitatur.
1473 704 1731 763 ugaffinzefttilssm

132 782 234 817 Sunt
267 788 402 816 tamen
441 777 565 826 aliqui
605 777 814 814 inferiores
854 786 891 814 et
930 777 1053 826 aliqui
1093 777 1336 826 superiores,
1379 779 1446 814 sed
1498 771 1569 798 niue
1589 770 1707 798 orders.

131 850 271 875 omncs
304 838 525 874 secundum
560 849 631 872 sua
665 835 864 872 desideria
897 845 988 872 sunt
1027 849 1147 884 super
1186 835 1448 873 demoniacos

80 895 418 946 xoprincipantes.
454 897 543 931 Non
575 894 682 930 enim
717 895 837 931 credo
862 906 946 930 esse
970 908 1094 931 unum
1119 894 1325 930 diabolum
1351 893 1448 942 quin

132 968 212 992 uno
245 963 429 1002 tempore
461 953 522 990 vel
555 953 634 989 alio
669 965 712 989 ex
744 951 952 989 invasione
986 952 1221 1000 particulari
1254 953 1315 989 vel
1339 952 1447 1000 prin-

132 1012 251 1061 cipali
271 1013 490 1049 secundum
511 1011 685 1059 aliquem
707 1011 913 1047 hominem
938 1011 1199 1059 principetur.
1225 1013 1447 1048 Potestates

132 1081 265 1109 autem
301 1069 537 1118 intelligitur
570 1069 798 1118 superiores
832 1069 983 1105 diaboli
1016 1069 1124 1117 genti
1156 1070 1219 1106 vel
1242 1069 1447 1117 provincie

132 1129 406 1179 principantes
457 1128 520 1165 vel
571 1127 841 1164 dominantes.
896 1129 974 1163 Sed
1026 1129 1204 1164 secundo
1257 1127 1448 1164 describit
1491 1134 1579 1161 *This
1602 1133 1710 1160 world‘

79 1188 350 1237 15Apostolus
385 1199 428 1223 ex
462 1199 601 1223 eorum
635 1185 876 1234 superancia
911 1185 1039 1222 maius
1074 1185 1314 1231 dominium,
1356 1199 1446 1222 cum
1499 1177 1622 1231 ἣᾞέιῗζᾈὸ
1639 1169 1708 1230 xil-¹112

131 1256 250 1284 nacta
287 1244 457 1282 victoria
499 1246 550 1281 ad
583 1257 699 1281 suum
733 1243 891 1280 libitum
926 1253 1067 1291 regant
1101 1246 1310 1281 mundum.
1357 1238 1686 1301 N011-¹¹³‘t}]gij¹c{ffs¹
1708 1244 1738 1265 ¹0

131 1314 264 1342 autem
289 1306 389 1340 bene
412 1312 555 1352 regunt
578 1311 805 1340 creaturam
830 1302 1058 1339 sensibilem
1083 1303 1144 1339 vel
1174 1302 1446 1339 insensibilem
1679 1295 1684 1300 ⁴

132 1364 200 1400 sed
234 1362 428 1399 inclinant
460 1370 670 1409 superatas
699 1362 749 1397 ad
772 1362 957 1397 tenebras
980 1370 1263 1409 peccatorum3
1299 1370 1336 1398 et
1359 1361 1448 1398 illas

133 1423 318 1458 tenebras
352 1419 589 1468 specificans
621 1419 840 1468 Apostolus
873 1428 990 1455 vocat
1013 1421 1196 1455 muudum
1223 1421 1345 1456 modo
1368 1433 1447 1468 quo

77 1483 166 1517 201ἱι
194 1480 283 1516 Joh.
319 1481 385 1524 110,
418 1480 462 1515 16
509 1478 657 1515 dicitur
701 1490 811 1514 omne
857 1479 959 1526 quod
1002 1485 1056 1513 est
1101 1479 1137 1514 in
1183 1479 1325 1514 mundo
1373 1487 1447 1515 etc.

136 1538 399 1585 Intelligendo
432 1545 567 1573 autem
602 1537 797 1572 mundum
834 1537 1036 1572 abstracte
1069 1550 1142 1584 pro
1178 1536 1392 1573 mundanis
1427 1550 1448 1573 a

56 1635 66 1641 ,
134 1597 296 1633 diabolo
329 1595 541 1643 superatis,
576 1603 686 1643 patet
709 1595 817 1643 quod
847 1607 966 1631 omne
991 1596 1099 1643 quod
1133 1603 1191 1631 est
1224 1595 1263 1631 in
1297 1597 1448 1631 mundo

35 1635 116 1724 {⁸3:³7¹ss
134 1664 175 1692 ut
207 1654 263 1691 sic
296 1663 354 1690 est
387 1653 552 1702 aliquod
575 1653 746 1690 istorum
770 1652 892 1688 trium
922 1648 926 1706 Ι
956 1662 1231 1700 peccatorum,
1266 1666 1355 1690 cum
1380 1666 1449 1702 per

133 1712 435 1750 universitatem
455 1712 572 1748 huius
591 1710 835 1760 triplicitatis
859 1713 1223 1759 correspondentes
1247 1713 1296 1748 ad
1316 1713 1449 1748 hostes

77 1775 116 1807 25
134 1770 308 1808 hominis
348 1771 525 1818 complet
566 1769 749 1806 diabolus
791 1782 906 1805 suum
948 1771 1157 1806 mundum.
1205 1772 1281 1806 Iste
1313 1779 1447 1806 autem

134 1839 191 1867 est
225 1830 397 1865 mundus
430 1829 687 1865 tenebrarum
729 1841 847 1876 quem
891 1827 1076 1864 diabolus
1116 1828 1172 1865 ita
1211 1828 1324 1876 regit.
1371 1830 1449 1865 Sed

134 1887 259 1925 tercio
304 1887 483 1935 tangitur
529 1886 716 1923 condicio
762 1885 913 1922 diaboli
960 1886 1167 1923 hominem
1213 1886 1449 1923 omnimode

134 1945 375 1995 superantis,
411 1958 501 1982 cum
531 1944 679 1982 dicitur
703 1946 811 1993 quod
845 1945 1040 1980 luctamur
1062 1952 1197 1981 contra
1229 1945 1448 1995 spiritualia

134 2004 303 2054 nequicie
347 2005 382 2040 in
428 2004 641 2050 celestibus,
686 2015 758 2039 non
802 2003 926 2039 solum
973 2003 1168 2040 luctamur
1212 2011 1347 2040 contra
1392 2003 1449 2039 in-

76 2066 117 2098 30
134 2062 299 2099 seriores
347 2061 529 2099 diabolos
574 2061 642 2110 qui
691 2061 879 2098 dicuntur
922 2061 1120 2110 principes
1163 2069 1198 2097 et
1238 2069 1450 2111 potestates

134 2119 340 2158 hominem
373 2120 607 2158 invadentes
639 2132 712 2156 nec
744 2120 875 2156 solum
910 2128 1050 2156 contra
1084 2119 1238 2156 medios
1267 2120 1450 2156 diabolos

134 2178 341 2216 hominem
374 2188 418 2215 ut
452 2178 655 2227 captivum
689 2179 881 2215 ducentes
915 2186 951 2214 et
985 2187 1167 2226 regentes
1207 2191 1277 2227 per
1315 2178 1450 2214 latitu-

135 2237 269 2274 dinem
315 2250 383 2274 sue
428 2237 502 2283 vie,
549 2238 619 2273 sed
663 2236 789 2273 tercio
834 2237 1037 2273 luctamur
1085 2245 1225 2273 contra
1269 2249 1449 2273 summos

134 2295 316 2332 diabolos
362 2295 429 2344 qui
474 2304 565 2332 sunt
610 2294 835 2343 spiritualia
884 2296 991 2331 bona
1036 2294 1108 2331 Dei
1153 2296 1287 2343 quoad
1335 2308 1448 2331 suam
1499 2299 1702 2339 Tlicu'icked

78 2356 116 2389 35
132 2362 334 2400 naturam,
374 2355 442 2390 sed
481 2353 784 2390 consencientes
823 2352 1008 2401 nequicie
1041 2353 1162 2401 primi
1194 2362 1378 2401 apostate
1410 2353 1450 2389 in
1478 2335 1727 2404 ]‡}¹1¹g{}ff}0¹¹{i3i]

135 2411 360 2449 celestibus.
385 2414 552 2449 Constat
576 2411 739 2460 quidem
765 2413 873 2459 quod
897 2411 1074 2459 primum
1098 2421 1308 2459 peccatum
1336 2411 1449 2448 Luci-
1489 2404 1590 2467 filiii?
1601 2404 1711 2467 affingis-C

134 2470 205 2506 feri
252 2470 515 2506 commissum
562 2479 620 2506 est
664 2469 704 2505 in
749 2471 834 2506 celo
881 2474 938 2510 (ut
983 2478 1093 2517 patet
1132 2472 1195 2505 Ys.
1234 2471 1449 2516 X1V0,12)
1642 2460 1658 2475 ὗ
1710 2460 1716 2466 ”

136 2541 226 2565 cum
271 2537 439 2577 peccato
485 2528 712 2576 superiores
757 2527 886 2575 angeli
932 2536 1234 2574 consenserunt,
1280 2537 1317 2564 et
1361 2527 1449 2564 illos

136 2587 268 2635 quoad
307 2587 458 2622 bonum
498 2595 641 2623 nature
680 2595 798 2623 vocat
836 2586 1054 2634 Apostolus
1093 2585 1333 2634 spiritualia,
1380 2587 1448 2622 sed

73 2658 118 2688 40
135 2646 270 2693 quoad
304 2657 543 2681 consensum
578 2653 764 2693 apostate
796 2653 912 2681 vocat
937 2657 1003 2681 eos
1026 2644 1244 2693 spiritualia
1268 2644 1447 2693 nequicie,

135 2711 171 2739 et
196 2702 290 2751 quia
322 2711 452 2739 totum
488 2704 564 2739 hoc
597 2711 873 2751 perpetratum
910 2711 966 2738 est
1000 2702 1039 2738 in
1074 2703 1172 2748 celo,
1207 2702 1298 2739 ideo
1330 2711 1447 2739 vocat

134 2774 200 2797 eos
232 2761 452 2810 spiritualia
486 2762 654 2810 nequicie
686 2761 721 2796 in
755 2761 965 2797 celestibus.

200 2906 226 2934 8.
249 2913 276 2941 9.
299 2906 395 2934 Cod.:
424 2906 593 2933 secundum
614 2915 732 2933 omncs.
