1944 3323
190 214 266 256 346
770 219 992 251 JoimNNis
1012 219 1192 250 wvcrir
1212 218 1469 250 sffluxioNUM
1525 206 1677 262 [SERMO
1699 216 1775 243 xm.

474 335 801 363 transcurrentes.
838 326 902 360 Ille
936 333 1069 360 autem
1104 324 1290 361 dicuntur
1324 324 1535 372 religiones
1574 324 1775 372 equivoce.

474 397 563 420 cum
602 395 741 420 omncs
780 382 856 418 sint
889 394 987 418 vane
1019 391 1184 430 propter
1216 391 1424 430 peccatum
1460 381 1778 430 inseparabiliter

473 441 685 490 sapientes.

234 507 323 545 ‚litow
345 507 439 545 1.¹¹0.⁴
530 501 577 535 Et
617 507 810 547 quantum
852 499 900 534 ad
942 497 1318 545 incorporacionem
1361 497 1521 533 illorum
1563 498 1776 533 modorum

187 542 627 603 ¹1‘T'112ffif0223333ff122svivendi
660 557 699 592 in
728 555 987 603 religionibus
1011 555 1239 591 huiusmodi
1271 567 1352 591 non
1386 564 1442 591 est
1466 555 1566 601 finis,
1590 563 1632 590 ut
1656 555 1810 603 aliquia

472 615 731 662 incorporant
755 613 794 649 in
823 613 1056 661 religionem
1086 626 1198 649 suam
1228 625 1351 648 unum
1382 613 1501 648 ritum
1529 614 1590 649 vel
1613 614 1776 648 modum

471 671 627 709 vivendi
660 671 727 720 qui
759 672 819 707 vel
853 680 909 707 est
940 683 1063 707 vanus
1095 672 1155 707 vel
1187 670 1447 718 impertinens
1472 670 1653 718 religioni
1678 670 1778 706 chri-

472 729 612 776 stiane,
658 739 694 766 et
739 729 806 765 alii
850 728 1112 776 incorporant
1152 728 1275 765 alium
1315 728 1370 764 sic
1410 729 1517 777 quod
1556 740 1599 764 ex
1638 729 1777 764 eadem

473 787 663 835 religione
703 786 909 823 communi
941 786 1096 834 privata
1130 786 1327 834 pullulant
1360 786 1534 834 quelibet
1567 785 1778 833 religiones

473 859 570 881 vane
603 853 812 893 peccatum
846 843 1166 892 inseparabiliter
1205 843 1416 892 sapientes.
1462 843 1652 879 Nituntur
1686 856 1778 890 ergo
1801 860 1836 879 ιι)

473 903 646 951 religiosi
679 902 822 950 privati
855 902 1032 938 stabilire
1065 915 1176 938 suam
1202 901 1433 949 religionem
1459 903 1633 938 secundo
1658 903 1778 937 modo

474 961 636 1006 dictam,
683 960 816 1008 primo
854 961 1033 997 tollendo
1073 959 1289 996 instancias
1329 968 1469 996 contra
1508 959 1632 995 illam.
1678 962 1777 995 Nam

473 1028 722 1066 assumptum
757 1028 813 1054 est
838 1018 970 1066 sepius
994 1019 1100 1066 quod
1135 1017 1272 1065 religio
1306 1017 1531 1054 communis
1564 1016 1779 1053 christiana

473 1090 542 1125 per
581 1089 621 1113 se
659 1076 804 1112 sufficit
838 1076 957 1112 aliam
993 1075 1200 1123 explicare.
1248 1074 1381 1111 Primo
1420 1072 1634 1125 (inquiunt)
1671 1077 1778 1123 quod

474 1135 571 1170 illud
604 1147 685 1170 non
717 1134 896 1182 sequitur
929 1143 965 1170 et
1000 1133 1092 1182 quia
1125 1133 1258 1169 deficit
1292 1133 1346 1169 eis
1378 1132 1465 1169 viva
1498 1132 1606 1169 racio
1630 1133 1680 1168 ad
1704 1133 1778 1168 hoc
1801 1138 1835 1169 15

474 1193 800 1240 improbandum,
847 1192 1017 1227 induunt
1061 1191 1241 1227 habitum
1295 1190 1510 1236 simialenr:
1564 1203 1634 1238 per
1673 1189 1776 1226 idem

473 1249 690 1298 (inquiunt)
720 1249 898 1297 sequitur
920 1251 1040 1298 quod,
1058 1262 1146 1285 cum
1173 1248 1318 1284 sufficit
1341 1251 1390 1285 ad
1414 1249 1582 1285 salutem
1607 1247 1780 1283 hominis

473 1320 628 1344 servare
661 1307 737 1343 tria
772 1308 962 1343 mandata
995 1307 1122 1354 prime
1161 1307 1308 1352 tabule,
1349 1306 1528 1354 sequitur
1562 1307 1668 1354 quod
1702 1305 1779 1341 alia

472 1375 624 1413 septem
666 1367 856 1401 mandata
897 1365 1147 1412 superfluunt
1180 1363 1359 1400 omnino.
1406 1365 1481 1400 Sed
1516 1372 1681 1400 caveant
1716 1363 1777 1398 isti

473 1423 695 1471 blasphemi
729 1424 837 1470 quod
875 1435 955 1458 non
995 1424 1159 1458 credant
1197 1421 1440 1458 tradiciones
1479 1434 1569 1458 suas
1603 1420 1778 1457 adiectas
1796 1436 1836 1456 20

473 1481 697 1529 equivalere
737 1489 889 1528 septem
931 1479 1132 1516 mandatis
1172 1481 1345 1516 secunde
1378 1480 1524 1524 tabule,
1559 1478 1652 1527 quia
1685 1488 1779 1514 tunc

474 1553 561 1575 cum
586 1538 749 1587 paribus
773 1539 902 1574 forent
927 1540 1044 1574 Deus.
1070 1537 1215 1573 Omnia
1239 1547 1372 1574 autem
1398 1538 1585 1574 mandata
1609 1537 1780 1573 secunde

475 1598 607 1633 tabule
646 1597 906 1633 includuntur
946 1596 984 1631 in
1023 1595 1148 1631 tribus
1183 1595 1383 1631 mandatis
1416 1595 1544 1643 prime
1577 1595 1710 1630 tabule
1744 1603 1780 1629 et

473 1664 650 1698 econtra,
682 1654 737 1690 sic
761 1656 868 1702 quod
901 1653 1037 1689 omnia
1066 1655 1202 1690 decem
1237 1654 1426 1689 mandata
1451 1652 1655 1698 dicuntur3
1689 1665 1781 1688 con-

475 1712 708 1749 vertibiliter
753 1714 803 1747 ad
849 1711 1090 1747 subsistendi
1132 1710 1467 1759 consequenciam
1508 1723 1780 1758 quorumcun-
1799 1715 1835 1746 25

473 1783 548 1818 que
581 1770 637 1806 sic
667 1782 710 1806 ex
740 1769 939 1805 mandatis
974 1768 1166 1816 negativis
1199 1777 1419 1817 sequuntur
1453 1769 1641 1804 mandata
1675 1768 1780 1804 affir-

475 1828 622 1864 mativa
656 1837 691 1863 et
726 1836 901 1863 econtra.
937 1828 1028 1862 ideo
1063 1826 1157 1862 dicit
1189 1828 1360 1863 jacobus
1394 1827 1500 1874 quod
1534 1826 1597 1874 qui
1628 1826 1781 1873 offendit

473 1887 507 1921 in
546 1898 618 1921 uno
646 1887 782 1934 sactus
814 1892 868 1920 est
901 1885 1064 1919 (munium
1100 1897 1198 1919 reus.
1244 1884 1522 1920 Necessarium
1562 1883 1698 1931 itaque
1739 1883 1780 1918 fit

473 1945 579 1991 quod
613 1943 749 1979 omnia
782 1943 919 1978 decem
951 1943 1139 1978 mandata
1164 1941 1342 1989 decalogi
1365 1943 1583 1978 secundum
1607 1941 1777 1977 formam

473 2014 592 2049 quam
628 2003 732 2037 Deus
771 2000 935 2036 ecclesie
975 2011 1042 2035 sue
1082 1999 1253 2035 instituit
1295 1999 1414 2035 simul
1446 1999 1519 2035 sibi
1553 1998 1778 2046 sapiencius
1796 2003 1837 2034 30

474 2058 738 2106 explicentur:
774 2066 809 2093 et
844 2056 1102 2093 conformiter
1135 2057 1369 2105 intelligitur
1403 2058 1449 2092 de
1474 2056 1663 2104 religione
1686 2056 1778 2091 sim-

474 2116 565 2164 plici
601 2115 830 2152 christiana.
865 2117 912 2150 Et
946 2124 1054 2162 patet
1088 2117 1195 2163 quod
1229 2114 1396 2151 ecclesia
1430 2114 1499 2150 l)ei
1533 2127 1614 2149 non
1647 2123 1779 2161 posset

475 2186 571 2221 pure
619 2173 748 2209 vivere
797 2174 1016 2208 secundum
1062 2173 1138 2209 tria
1181 2172 1316 2221 priora
1364 2173 1552 2208 mandata
1599 2171 1778 2218 decalogi

474 2240 624 2279 septem
660 2231 746 2267 aliis
779 2229 1059 2278 pretermissis.

200 2294 273 2320 New
296 2295 370 2320 law>
391 2302 440 2320 arc
532 2291 579 2324 Et
610 2289 671 2324 hic
694 2288 850 2324 videtur
875 2287 970 2323 mihi
995 2289 1101 2336 quod
1126 2287 1292 2324 ecclesia
1316 2288 1470 2323 novella
1494 2286 1533 2323 in
1556 2287 1780 2323 ordinando
1798 2290 1837 2322 35

186 2328 596 2389 Ηζξξέζῗᾚῖἕζῗξωῗζηιῖονεῑε
642 2346 853 2393 religiones
893 2355 929 2381 et
969 2358 1090 2382 novas
1129 2345 1402 2393 obligaciones
1442 2347 1490 2381 ab
1532 2344 1607 2380 illis
1647 2344 1780 2380 multi-

185 2398 219 2424 0¹¹
237 2398 285 2424 ΗΝ
304 2397 353 2424 old
373 2406 458 2424 ⁰¹¹⁶³²
477 2404 633 2451 pliciter
657 2404 870 2447 oberravit„
906 2416 995 2439 cum
1030 2403 1206 2439 contenti
1231 2404 1277 2438 de
1311 2403 1446 2450 regula
1470 2401 1616 2439 Christi
1641 2403 1779 2438 darent

476 2474 641 2509 operam
695 2463 744 2498 ad
797 2461 878 2497 eius
932 2461 1151 2508 practicam
1199 2462 1486 2508 exequendum.
1540 2462 1629 2496 Non
1674 2459 1776 2496 enim

476 2528 636 2567 oportet
660 2532 733 2567 pro
758 2531 997 2567 quocunque
1021 2518 1166 2555 delicto
1200 2518 1443 2554 constituere
1474 2530 1617 2554 novam
1652 2518 1777 2564 legem

475 2578 543 2612 scd
567 2576 731 2624 antiqua
754 2577 839 2623 lege
872 2585 1055 2612 manente
1088 2575 1228 2624 punire
1262 2577 1479 2612 secundum
1514 2575 1621 2611 illam
1646 2574 1779 2610 taliter
1793 2587 1837 2617 40

544 2709 865 2738 10.Niu1nmr:c‹›d.:
883 2710 1102 2743 intelliguntur.
1160 2709 1312 2744 20.([]‹1d.:
1330 2709 1431 2736 omniu
1450 2714 1574 2742 sepiem.
1628 2707 1672 2734 30.
1686 2707 1779 2734 (ζωὰς

473 2753 562 2780 quem
584 2745 676 2771 Deus.
750 2750 973 2778 4‹).1n;111cnte;
996 2745 1082 2771 cod.:
1105 2749 1194 2777 mnu]
1217 2744 1397 2771 manifeste?
1420 2744 1458 2770 ib,
1477 2744 1541 2770 (jod
1566 2753 1570 2770 :
1593 2743 1652 2769 illis
1673 2743 1778 2769 taliter.

544 2837 595 2869 27.
623 2827 739 2859 Jacobi
770 2828 809 2867 Il,
843 2838 891 2859 10.
