1944 3323
227 259 364 289 SERMO
386 248 485 307 xvt]
718 263 780 296 ΤΕ
788 263 894 296 RTIA
921 264 1045 296 PARS.

225 370 351 407 stadio
384 378 544 407 current
575 371 796 408 secundum
831 371 1019 408 ultimum
1053 371 1159 422 visus
1192 372 1265 418 sui,
1299 373 1368 410 sed
1399 381 1545 411 tantum

225 441 322 466 unus
354 429 491 479 accipit
532 429 723 478 bravium,
762 442 808 467 eo
842 431 950 479 quod
990 431 1121 467 solum
1155 430 1378 480 premiatur
1417 441 1454 469 et
1493 433 1547 470 eis

224 499 270 525 ex
302 499 405 537 equo
441 487 692 525 currentibus
725 497 892 537 propter
926 489 1123 526 defectum
1166 502 1349 527 excessus
1387 491 1547 540 utrique

223 545 423 595 premium
458 547 689 595 denegatur.

191 605 207 638 5
281 606 382 642 Cum
417 613 550 642 autem
585 614 669 642 tota
703 606 776 642 hec
808 605 888 642 vita
921 618 1085 655 presens
1125 606 1174 643 sit
1213 607 1329 644 nobis
1370 609 1546 646 stadium

131 700 207 762 F'old
222 721 482 759 beatitudinis
516 731 558 759 ut
587 718 592 776 Ι
621 722 813 771 gigantes,
854 731 964 772 patet
1003 736 1047 761 ex
1086 725 1369 763 habundancia
1402 726 1546 775 premii

127 755 185 779 ²³¹
222 792 266 817 ex
298 780 482 818 libertate
517 781 679 818 Domini
720 790 756 818 et
797 794 840 818 ex
873 781 1090 830 punicione
1128 783 1311 821 vecordis
1349 785 1547 822 tardantis

222 852 343 888 quarn
376 838 572 877 instanter
595 841 786 877 debemus
811 853 984 878 currere.
1019 841 1060 878 Si
1084 841 1190 878 enim
1214 850 1298 879 tam
1321 842 1547 892 impetuose

167 908 206 930 10
222 897 397 935 curritur
429 906 596 948 propter
634 899 795 936 laudem
834 900 896 936 vel
929 899 1130 948 premium
1164 903 1389 950 temporale
1423 904 1546 952 (quod

218 955 344 994 nichil
388 965 445 994 est
489 956 530 993 in
575 957 889 1006 comparacione
933 959 983 995 ad
1022 958 1344 1007 beatitudinem),
1390 970 1544 1010 quanto

221 1014 348 1064 magis
373 1024 557 1053 movetur
580 1015 709 1053 fidelis
732 1015 953 1054 instancius
976 1026 1143 1066 propter
1165 1026 1323 1055 tantum
1342 1019 1543 1068 premium

219 1073 523 1123 acquirendum.
570 1075 756 1112 Secunda
789 1075 975 1113 condicio
1009 1088 1086 1125 que
1119 1085 1177 1113 est
1216 1076 1437 1115 liberalitas
1471 1078 1543 1115 Dei

219 1132 345 1169 nostri
380 1141 558 1169 moveret
591 1135 641 1170 ad
675 1133 896 1171 animosius
933 1134 989 1172 sic
1029 1136 1285 1182 currendum,
1333 1149 1423 1173 cum
1462 1150 1544 1174 non

166 1190 201 1223 15
221 1191 414 1227 debemus
444 1191 587 1228 timere
616 1191 926 1229 frustracionem
950 1206 971 1230 a
996 1193 1153 1242 premio
1176 1203 1344 1243 propter
1366 1196 1544 1233 velocius

221 1259 507 1287 concurrentes
541 1262 613 1287 nec
654 1250 883 1299 angustiare
922 1260 1088 1300 propter
1126 1252 1319 1290 invidiam
1359 1263 1427 1291 aut
1465 1264 1545 1292 tar-

221 1307 433 1345 dacionem
468 1308 508 1344 in
548 1308 685 1346 bravio
725 1318 892 1358 propter
933 1310 1033 1347 alios
1075 1312 1346 1360 decertante53
1389 1323 1545 1362 spectat

222 1366 384 1415 quidem
410 1368 461 1404 ad
484 1366 711 1404 libertatem
736 1376 856 1417 atque
881 1369 1231 1417 magnificenciam
1256 1371 1357 1408 tanti
1381 1372 1545 1409 Domini

220 1425 327 1462 ultra
361 1425 547 1462 dominos
581 1427 827 1476 temporales
852 1429 959 1476 quod
983 1429 1100 1465 ludus
1124 1441 1218 1466 suus
1241 1429 1291 1466 sit
1323 1430 1546 1478 graciosior

163 1493 205 1516 20
220 1492 341 1534 atque
378 1484 576 1532 securior3
616 1487 685 1522 sed
718 1485 887 1522 tercium
929 1488 1037 1535 quod
1077 1496 1254 1525 moveret
1294 1489 1541 1527 celeritatem

221 1542 338 1579 huius
372 1555 511 1580 cursus
544 1543 584 1579 in
616 1544 754 1581 bravio
789 1553 846 1581 est
879 1546 956 1582 hoc
979 1547 1089 1594 quod
1122 1548 1287 1583 tardans
1320 1550 1540 1586 secundum

220 1600 398 1650 aliquam
422 1601 544 1638 trium
568 1601 843 1650 predictarum
868 1603 1023 1640 viarum
1048 1604 1273 1642 latronibus
1298 1615 1335 1643 et
1359 1607 1540 1644 hostibus

220 1659 422 1696 cruciatur
455 1668 492 1697 et
526 1661 687 1697 demum
723 1661 955 1698 eternaliter
989 1664 1324 1712 condempnatur.

275 1720 358 1755 Nec
392 1728 448 1755 est
481 1718 672 1767 possibile
704 1720 880 1757 viantem
913 1722 1075 1758 tardare
1105 1721 1144 1758 in
1168 1721 1244 1759 ista
1268 1723 1440 1771 segnicie
1463 1724 1539 1761 nisi

163 1775 202 1809 25
218 1785 386 1825 propter
419 1777 618 1814 defectum
654 1778 745 1815 fidei
780 1779 1016 1825 christiane3
1051 1779 1142 1817 ideo
1176 1790 1343 1830 propter
1377 1783 1539 1820 certitu-

219 1834 354 1872 dinem
401 1835 517 1872 huius
564 1849 703 1873 cursus
747 1838 933 1875 hortatur
977 1839 1218 1887 Apostolus:
1273 1840 1349 1889 Sic,
1396 1841 1538 1891 inquit,

219 1894 366 1931 currite
398 1902 438 1930 ut
469 1896 818 1945 comprehendatis.
866 1897 981 1934 Unde
1019 1899 1241 1934 secundum
1283 1901 1449 1936 modum
1483 1901 1540 1937 lo—

219 1952 368 2001 quendi
422 1954 529 1990 scole
581 1953 809 2002 theologice
861 1954 991 1992 viator
1034 1965 1203 1994 vocatur
1249 1959 1538 2007 apprehensor,

219 2011 382 2060 quando
407 2011 583 2061 aliquam
618 2021 776 2061 partem
810 2013 964 2051 itineris
999 2014 1154 2052 celestis
1188 2017 1468 2065 apprehendit,
1504 2027 1542 2055 et

160 2067 204 2100 30
219 2070 349 2107 solum
383 2071 713 2119 comprehensor,
749 2084 838 2108 cum
873 2071 983 2109 unite
1017 2081 1053 2109 et
1087 2083 1194 2111 certe
1232 2074 1272 2111 in
1307 2075 1384 2112 fine
1423 2076 1541 2114 huius

216 2127 296 2165 vite
319 2128 502 2165 bravium
527 2130 671 2166 celeste
694 2130 862 2180 accepit,
897 2132 1003 2168 unde
1026 2144 1097 2180 per
1118 2129 1538 2172 ununsmedstulhum

218 2186 413 2235 temporis
452 2200 533 2236 quo
577 2188 755 2237 legitime
795 2202 960 2226 currens
1002 2200 1185 2238 expectat
1224 2190 1264 2228 in
1302 2194 1539 2242 purgatorio

217 2253 349 2282 certus
383 2247 430 2282 de
463 2245 620 2294 premio
649 2256 817 2284 vocatur
840 2260 912 2285 nec
935 2257 1030 2286 tunc
1055 2262 1218 2287 currens
1240 2263 1314 2288 nec
1337 2252 1538 2301 premium

217 2304 578 2352 comprehendens.

161 2360 200 2393 35
276 2363 461 2400 Secunda
493 2363 602 2400 racio
643 2364 882 2413 exemplaris
915 2366 1099 2414 Apostoli
1140 2375 1197 2404 est
1238 2369 1285 2404 de
1325 2368 1539 2416 agonizan-

217 2420 323 2457 tibus
357 2429 523 2470 propter
555 2422 714 2459 laudem
739 2432 806 2460 aut
829 2423 1031 2472 premium
1056 2426 1292 2474 temporale.
1328 2426 1408 2475 Ipsi
1433 2427 1539 2464 enim

217 2487 360 2516 notant
393 2479 622 2527 signancius
656 2482 764 2530 quod
796 2494 870 2519 nec
903 2491 1070 2531 propter
1093 2485 1293 2521 defectum
1318 2485 1379 2522 vel
1402 2499 1539 2534 super-

218 2537 417 2574 fluitatem
452 2537 591 2575 cibarii
625 2538 665 2575 in
697 2540 924 2589 quantitate
956 2550 1024 2578 aut
1058 2542 1253 2591 qualitate
1286 2544 1335 2581 ab
1359 2544 1539 2582 efficacia

218 2595 278 2632 sui
313 2596 542 2633 certaminis
576 2597 653 2634 sint
685 2598 847 2636 tardati.
882 2600 974 2636 Ideo
1009 2600 1104 2637 dicit
1137 2602 1375 2650 Apostolus:
1407 2603 1540 2640 Omnis

157 2663 202 2696 40
221 2654 286 2704 qui
315 2655 351 2691 in
384 2667 512 2706 agone
543 2657 738 2693 contendit
769 2650 1023 2695 abomnibus
1054 2672 1095 2696 se
1125 2661 1299 2697 abstinet.

288 2797 309 2819 ι,
327 2788 431 2822 visus3
452 2797 489 2816 an
505 2788 572 2816 vis?
671 2797 709 2817 12.
725 2790 821 2818 Cod.:
842 2790 1012 2820 instancius
1027 2792 1125 2820 twice.
1226 2793 1265 2822 18.
1283 2794 1379 2822 Cod.:
1400 2795 1537 2831 quidam.

220 2830 263 2850 22.
286 2822 383 2851 Cod.:
405 2829 486 2851 trum
508 2824 728 2859 predictarum.
802 2824 849 2854 30.
871 2826 966 2855 Cod.:
987 2827 1210 2863 apprehensor.

289 2907 343 2951 39.
370 2908 393 2940 1.
422 2908 504 2940 eor.
531 2909 588 2950 ix,
618 2909 670 2941 25.

223 665 331 712 quod
365 664 556 700 debemus
585 676 746 701 currere
770 665 819 701 ab
843 677 924 701 uno
947 664 1091 714 spiritu
1114 667 1164 703 ad
1188 674 1372 703 octavam
1398 676 1545 705 etatem
1560 693 1595 720 gs

1761 261 1830 296 123

1570 614 1630 643 We
1651 620 1732 643 must
1754 616 1825 644 bear

1596 649 1624 677 in
1648 650 1732 678 mind
1754 652 1804 679 the

1598 689 1718 712 catness
1737 687 1772 714 ot*
1789 687 1838 714 the

1654 721 1749 756 prim,

1565 1083 1614 1110 the
1635 1082 1835 1110 munificence

1590 1118 1625 1145 of
1640 1118 1691 1157 the
1711 1118 1808 1153 prize-

1651 1160 1746 1188 gives,

1581 1492 1630 1520 the
1651 1493 1766 1529 danger
1786 1494 1821 1520 ot·

1611 1528 1779 1556 slackness.

1614 1726 1778 1765 Slackucss

1589 1769 1694 1788 comes
1715 1764 1794 1789 nom

1573 1801 1655 1824 want
1675 1796 1710 1824 of
1726 1796 1812 1824 saith.

1560 2371 1607 2398 2ud
1626 2371 1829 2398 illustration:

1584 2407 1633 2434 the
1653 2406 1802 2433 wrestlexz
