1944 3323
166 250 246 284 470

175 417 203 451 b)
224 417 320 451 Every
341 417 426 451 thing

218 451 334 485 subject
355 456 386 478 to

189 486 365 513 conditions
385 486 419 513 of

226 525 333 547 matter
354 520 379 547 is

227 555 375 582 material.

245 706 270 740 c)
291 705 358 732 The

200 739 396 767 consecrated

191 775 337 802 elements
358 782 407 801 are

220 809 336 844 subject
355 812 385 836 to

189 843 364 872 conditions
384 844 418 870 of

242 882 361 906 matter.

176 994 281 1022 Christ
301 993 352 1021 did
374 998 426 1021 not

194 1037 247 1064 say
267 1029 357 1056 ‘Here
377 1028 403 1055 is

183 1064 421 1127 Ῥέὴῖἕῗζηξὲῑ

247 1133 349 1169 body'.
385 1128 393 1134 i

165 1191 211 1218 He
231 1190 282 1218 did
298 1195 349 1217 not
364 1190 439 1217 offer

174 1234 255 1253 mere
276 1225 429 1252 accidents

249 1265 279 1287 to
300 1263 356 1286 eat.

173 1340 327 1368 Evidence
347 1340 426 1367 from

164 1376 214 1403 the
234 1375 369 1409 doctoris,
390 1375 439 1402 the

183 1418 266 1437 mass
287 1409 344 1436 and
366 1409 415 1437 the

171 1445 294 1479 Corpus
316 1444 432 1472 Christi

246 1480 351 1515 hymn.

747 243 970 275 JOHANNIS
990 243 1172 276 WYCLIF
1191 243 1448 276 SERMONUM
1509 230 1660 287 [suano
1682 240 1758 268 mv.

453 349 695 395 substancia,
730 349 905 385 secundo
941 361 1009 396 per
1043 349 1117 385 hoc
1151 350 1258 396 quod
1291 348 1424 384 omnis
1448 361 1509 384 res
1534 358 1590 385 est
1615 348 1757 398 (eciam

453 407 640 444 accidens
674 419 913 443 conservans
953 405 1211 442 condiciones
1253 406 1495 451 materiales)
1536 415 1575 442 ut
1609 407 1664 442 sic
1697 420 1757 442 res

455 464 685 510 materialis,
726 464 850 500 tercio
893 477 963 512 per
1002 465 1077 499 hoc
1117 465 1223 512 quod
1264 463 1527 511 operaciones
1562 464 1666 500 illius
1699 478 1758 500 sa-

454 522 649 560 cramenti
674 530 871 558 testantur
896 534 1014 570 super
1047 521 1278 558 substancia
1311 521 1366 558 rei
1402 522 1633 568 materialis,
1669 535 1758 559 cum

454 580 637 617 reficiunt
671 589 707 616 et
740 579 939 616 inebriant
974 579 1238 628 corporaliter
1263 588 1299 616 et
1321 579 1423 616 sicut
1446 592 1507 616 res
1532 580 1759 616 consimiles
1777 583 1792 614 5

455 639 562 675 varie
595 646 928 674 transmutantur.

509 698 657 732 Totum
691 708 784 744 ergo
817 695 1105 743 subterfugium
1139 704 1217 731 stat
1248 695 1287 731 in
1320 695 1387 732 illo
1411 697 1518 743 quod
1542 704 1622 731 tam
1648 696 1760 743 panis

453 767 573 802 quam
612 753 746 790 vinum
787 755 1005 790 secundum
1047 766 1086 789 se
1120 762 1248 788 totum
1282 753 1321 788 in
1355 753 1663 790 consecracione
1696 755 1760 790 de-
1779 779 1837 809 Ful

452 811 544 848 sinit
591 820 627 848 et
672 813 719 847 de
767 811 844 847 illis
891 812 1020 847 solum
1057 806 1062 862 Ι
1101 810 1333 847 accidencia
1379 820 1553 847 manent.
1609 813 1759 848 Contra
1777 804 1857 867 2903’

453 871 560 918 quod
596 869 864 917 multiplicata
896 878 987 904 sunt
1020 868 1114 905 alibi
1139 868 1312 916 plurima
1335 878 1590 916 argumenta3
1624 882 1759 917 ymmo
1780 881 1818 901 10

451 927 608 964 videtur
643 927 761 963 fidem
795 927 993 974 scripture
1027 926 1266 974 impugnare
1299 926 1407 962 illam
1434 927 1637 963 ficticium.
1672 930 1759 963 Non

453 985 557 1022 enim
584 984 679 1022 dicit
704 984 903 1020 Christus:
939 984 1012 1020 Hic
1046 993 1103 1020 est
1136 997 1281 1032 corpus
1315 997 1461 1030 meum,
1495 986 1563 1021 sed
1597 986 1671 1020 hoc
1704 994 1760 1020 est

453 1056 598 1091 corpus
635 1055 781 1088 meum,
816 1044 1096 1078 demonstrans
1130 1042 1293 1078 indubie
1326 1042 1436 1077 illum
1473 1055 1616 1090 panem
1642 1055 1759 1090 quem

452 1101 622 1149 sumpsit
655 1101 694 1136 in
727 1100 924 1144 manibus,
959 1100 1051 1148 quia
1085 1100 1200 1136 aliter
1232 1101 1334 1136 foret
1366 1100 1485 1136 nimis
1517 1100 1761 1148 sophisticus

453 1159 760 1207 impertinentes
801 1158 1028 1206 precipiens
1062 1159 1170 1206 quod
1210 1159 1372 1194 ederent
1413 1170 1456 1194 ex
1494 1159 1568 1194 hoc
1607 1159 1817 1204 omnes,15

454 1217 547 1265 quia
581 1225 734 1253 certum
769 1226 825 1253 est
859 1218 967 1264 quod
1000 1229 1143 1264 panem
1178 1215 1290 1252 illum
1325 1215 1575 1252 materialem
1611 1225 1647 1252 et
1679 1229 1759 1252 non

452 1276 558 1311 nude
590 1274 820 1311 accidencia
853 1275 1113 1322 postmodum
1148 1275 1457 1310 manducabant.

511 1334 560 1368 Et
599 1334 649 1368 ad
688 1332 793 1368 idem
840 1341 982 1368 sonant
1028 1331 1134 1367 dicta
1180 1340 1410 1368 sanctorum
1457 1332 1668 1367 doctorum
1714 1333 1760 1367 de

455 1389 876 1442 millenariokChristi,
915 1398 957 1425 ut
990 1398 1099 1437 patet
1133 1391 1179 1425 de
1212 1389 1438 1435 Ambrosio,
1473 1390 1689 1436 Jeronymo
1724 1398 1760 1425 et

453 1447 677 1495 Augustino
723 1461 813 1484 cum
861 1448 915 1483 eis
960 1447 1170 1493 similibus,
1212 1447 1278 1495 qui
1324 1447 1460 1483 dicunt
1505 1447 1761 1483 concorditer
1779 1460 1818 1480 20

454 1519 543 1542 cum
579 1505 783 1553 evangelio
818 1507 925 1553 quod
958 1505 1072 1554 panis
1107 1514 1163 1541 est
1198 1514 1235 1541 et
1268 1505 1310 1540 fit
1344 1518 1488 1553 corpus
1513 1505 1674 1542 Christi.
1713 1507 1761 1540 Et

454 1565 673 1600 concordat
707 1576 800 1599 usus
834 1572 871 1599 et
905 1572 1045 1599 cantus
1079 1562 1245 1599 ecclesie
1281 1576 1380 1611 quos
1413 1563 1555 1611 prelati
1590 1562 1761 1611 predicti

454 1635 526 1669 pro
558 1621 798 1658 verecundia
830 1634 910 1657 non
943 1623 1090 1657 audent
1124 1622 1356 1669 dampnare,
1391 1620 1484 1668 quia
1517 1630 1611 1657 tunc
1643 1634 1762 1669 opor-

453 1688 553 1716 teret
585 1692 689 1716 nova
722 1679 856 1716 officia
889 1678 1160 1715 ecclesiastica
1193 1691 1266 1726 pro
1299 1678 1465 1714 servicio
1490 1679 1606 1714 huius
1630 1691 1761 1715 sacra-

455 1737 578 1774 menti
606 1737 843 1774 venerabilis
876 1736 1076 1782 ordinare,
1111 1736 1205 1785 quia
1238 1737 1313 1772 hoc
1345 1745 1494 1772 temere
1527 1745 1762 1784 presumpto
1780 1740 1817 1770 25

454 1804 491 1831 et
514 1795 680 1843 antiquo
705 1794 872 1831 servicio
897 1796 1113 1840 destructo,
1139 1794 1205 1829 diu
1228 1794 1329 1830 foret
1353 1803 1569 1842 antequam
1595 1794 1762 1831 ecclesia

455 1852 716 1901 participaret
741 1854 815 1889 hoc
838 1852 1063 1889 venerabile
1087 1861 1397 1888 sacramentum.
1432 1854 1525 1888 Ideo
1550 1856 1605 1898 (ut
1629 1852 1761 1901 sepius

454 1911 636 1958 allegavi)
683 1923 765 1947 non
809 1911 937 1947 solum
983 1910 1023 1946 in
1067 1922 1219 1946 canone
1258 1910 1376 1946 misse
1415 1918 1523 1958 patet
1562 1910 1637 1947 ista
1675 1923 1761 1946 sen-

454 1968 587 2005 tencia
620 1970 729 2017 quod
762 1968 876 2016 panis
910 1976 946 2004 et
978 1968 1113 2004 vinum
1147 1967 1261 2004 nobis
1296 1967 1391 2004 fiant
1424 1980 1569 2016 corpus
1603 1976 1640 2004 et
1672 1981 1761 2005 san-

453 2026 539 2074 guis
578 2026 730 2062 domini
769 2028 857 2062 Jesu
899 2025 1058 2071 Christi,
1106 2038 1194 2062 cum
1241 2025 1349 2062 illam
1390 2025 1642 2062 oblacionem
1681 2040 1762 2062 non
1780 2029 1820 2060 30

454 2083 546 2120 licet
586 2084 733 2132 fingere
776 2083 896 2120 aliam
936 2096 1056 2132 quam
1096 2083 1183 2119 illas
1226 2083 1454 2119 materiales
1493 2084 1760 2130 substancias;

455 2150 491 2177 et
544 2141 648 2178 idem
695 2150 806 2190 patet
851 2143 897 2178 de
943 2140 1164 2178 recenciori
1210 2149 1329 2177 cantu
1374 2141 1539 2177 ecclesie
1584 2155 1662 2190 quo
1706 2142 1761 2178 sic

455 2199 631 2236 canitur:

738 2257 899 2292 Verbum
932 2269 1038 2304 caro,
1064 2268 1203 2305 panem
1238 2268 1370 2292 verum

794 2315 915 2350 Verbo
948 2326 1102 2350 carnem
1137 2314 1266 2363 efficit,
1776 2318 1816 2348 ob

731 2372 861 2420 Sitque
891 2372 1050 2422 salignis
1083 2372 1230 2407 Christi
1259 2384 1421 2419 merum,

788 2430 840 2465 Et
870 2430 904 2465 si
933 2438 1006 2466 etc.
1040 2451 1095 2455 ——

514 2487 629 2523 Talia
674 2496 806 2523 autem
851 2488 971 2524 verba
1016 2487 1141 2523 multa
1187 2495 1223 2523 et
1267 2500 1405 2523 sensus
1449 2496 1528 2524 tam
1575 2487 1760 2535 antiquos

457 2557 577 2593 quam
620 2546 835 2581 modernos
875 2545 1123 2581 recenciores
1164 2544 1329 2581 ecclesie
1368 2554 1467 2581 esset
1506 2545 1758 2592 sacrilegium

473 2724 477 2727 -
522 2698 548 2724 7.
570 2689 601 2716 ln
624 2697 735 2724 marg:
758 2690 846 2717 Nota.
935 2698 970 2718 12.
993 2691 1024 2717 In
1048 2698 1160 2725 marga
1184 2698 1203 2717 1.
1298 2690 1336 2717 [ὃ.
1359 2691 1390 2717 In
1413 2698 1525 2724 marga
1549 2697 1573 2716 2.
1658 2688 1700 2724 37.
1724 2690 1759 2716 m

455 2733 491 2760 Sl,
512 2724 605 2751 adde:
626 2732 734 2752 seusus
753 2724 862 2759 deficit.

525 2807 577 2838 28.
606 2807 641 2838 ln
668 2817 799 2839 canone
827 2808 944 2839 misse.
974 2807 1025 2839 Cf.
1054 2809 1165 2839 Serm.
1185 2808 1260 2839 LXI
1288 2808 1395 2850 partis
1421 2807 1605 2845 secundae,
1632 2808 1700 2838 vol.
1721 2807 1759 2846 11,

455 2864 531 2894 pag.
559 2853 637 2893 454.
737 2854 788 2885 32.
819 2854 868 2884 De
895 2853 1084 2884 recenciori
1114 2861 1217 2884 cantu
1244 2863 1302 2884 see
1330 2853 1411 2884 ibid.
1440 2864 1515 2894 pag.
1541 2853 1620 2895 459.
