1944 3323
151 584 239 620 They
260 585 319 611 wil!
342 589 393 611 not

162 628 215 655 say
235 620 316 646 what
336 620 385 646 the

207 654 277 682 host
298 655 333 681 is.

175 1339 294 1374 Wyclif
312 1339 371 1365 will

141 1374 286 1400 maintaiu
309 1378 338 1400 to
360 1373 408 1400 the

146 1408 235 1435 death
259 1408 320 1435 that
341 1408 362 1435 it
383 1408 408 1435 is

151 1443 239 1470 broad
262 1443 338 1470 atter
359 1443 407 1470 the

197 1479 355 1513 Apostle's

194 1513 360 1549 authority.

164 1861 257 1888 Small
280 1861 334 1888 wei
347 1862 390 1888 7ht

153 1900 183 1922 to
205 1896 239 1922 be
259 1870 396 1923 attached

170 1935 200 1957 to
221 1931 377 1958 Councils.

723 236 947 267 JOHANle
970 235 1149 266 WYCLIF
1170 234 1424 266 SERMONUM
1468 218 1618 276 [SERMO
1641 230 1732 257 XLV-

424 345 606 381 videntur
663 345 930 390 dampnantes
988 341 1178 377 articulos
1236 340 1467 376 huiusmodi
1521 341 1740 377 hereticare

426 402 614 451 precipue
654 400 906 448 semetipsos.
955 402 1034 435 Nec
1070 399 1235 435 dubium
1268 399 1363 447 quin
1396 398 1460 434 ille
1493 398 1542 434 sit
1574 398 1738 447 spiritus

425 459 566 497 inferni
619 459 686 506 qui
737 460 786 494 ad
838 456 1173 505 dampnacionem
1225 456 1455 493 huiusmodi
1513 456 1740 505 inspiravit3

425 519 523 555 alias
546 526 680 554 autem
705 515 1021 564 dampnaciones
1043 515 1082 551 in
1106 514 1262 563 pitaciis
1286 514 1478 551 inertibus
1509 514 1739 560 intulerunt,

425 578 493 613 sed
526 577 611 612 laus
644 574 692 610 sit
718 576 801 610 Deo
834 574 965 609 nullus
999 573 1126 610 fidelis
1148 574 1208 610 vel
1240 572 1411 609 infidelis
1444 574 1546 610 hanc
1568 573 1740 609 formam

427 632 734 681 dampnacionis
775 631 921 668 alicubi
964 631 1213 677 defendebat,
1258 632 1324 667 sed
1370 632 1476 679 quod
1515 632 1637 679 pudet
1676 643 1742 666 eos

426 703 667 739 cognoscere
692 690 908 726 defendunt
932 691 1039 738 quod
1071 689 1266 735 nesciunt,
1292 689 1386 737 quid
1419 702 1500 725 non
1533 697 1589 725 est
1612 701 1742 725 sacra-

428 758 605 786 mentum
645 748 795 795 altaris,
835 749 903 784 sed
937 747 1033 796 quid
1065 746 1127 794 sit,
1166 747 1233 783 ubi
1266 747 1368 783 iacet
1400 747 1628 793 difficultas,
1662 760 1742 783 non

426 816 604 844 reserant
637 815 679 843 ut
712 819 792 842 non
825 805 968 842 sciunt.

485 866 587 913 Sepe
625 873 759 901 autem
799 863 951 900 dictum
992 872 1049 900 est
1087 875 1130 899 ex
1169 862 1408 899 auctoritate
1448 862 1557 899 Pauli
1597 870 1634 898 et
1673 875 1743 910 per

428 936 676 972 consequens
710 922 885 970 Spiritus
919 921 1053 958 Sancti
1093 922 1201 969 quod
1240 922 1315 957 hoc
1354 929 1651 957 sacramentum
1685 929 1742 956 est

428 981 540 1030 panis
563 994 681 1030 quem
706 980 938 1028 frangimus,
972 992 1053 1016 non
1086 979 1271 1016 accidens
1303 979 1383 1016 sive
1406 978 1541 1015 nichil.
1576 981 1742 1015 Paratus

428 1053 514 1076 sum
554 1049 702 1085 tamen,
742 1038 985 1087 quiescendo
1025 1038 1064 1073 in
1101 1037 1230 1074 verbis
1270 1037 1479 1085 scripture,
1525 1038 1744 1073 concedere

428 1099 535 1147 quod
575 1097 640 1134 ille
680 1096 794 1145 panis
828 1105 885 1133 est
917 1096 957 1132 in
997 1104 1141 1132 natura
1173 1108 1244 1132 sua
1277 1095 1467 1144 quicquid
1501 1094 1745 1131 sufficienter

428 1156 539 1193 fuero
579 1157 720 1192 doctus
761 1167 857 1197 esse,
897 1153 1035 1202 pocius
1074 1163 1208 1190 tamen
1248 1155 1509 1190 concederem
1551 1154 1658 1201 quod
1696 1152 1745 1188 sit

429 1215 557 1262 capud
574 1213 706 1250 fratris
722 1213 782 1249 vel
799 1224 1035 1261 quecunque
1056 1211 1248 1259 signanda
1269 1211 1511 1257 substancia,
1528 1220 1742 1259 antequam

429 1273 690 1309 concederem
730 1272 837 1319 quod
876 1270 925 1306 sit
963 1270 1126 1318 aliquod
1161 1271 1208 1306 de
1246 1283 1387 1306 novem
1426 1269 1634 1317 generibus
1667 1268 1745 1304 sive

428 1329 564 1367 nichil.
611 1332 840 1377 Numquam
880 1337 1013 1365 autem
1049 1328 1307 1376 pertinaciter
1341 1328 1601 1364 defendebam
1637 1327 1745 1375 quod

430 1397 529 1424 esset
563 1387 791 1424 substancia
823 1386 937 1434 panis
972 1385 1201 1432 materialis,
1236 1387 1303 1422 sed
1337 1387 1445 1434 quod
1477 1385 1526 1421 sit
1556 1384 1669 1433 panis
1703 1397 1745 1420 ex

429 1446 669 1483 auctoritate
701 1444 884 1493 Apostoli
924 1456 1049 1493 usque
1089 1445 1137 1480 ad
1178 1453 1349 1480 mortem
1388 1445 1478 1480 volo
1520 1444 1744 1479 defendere.

429 1506 506 1541 Sed
546 1504 577 1540 si
622 1503 790 1539 instetur
836 1511 975 1538 contra
1014 1502 1120 1538 dicta
1167 1514 1236 1550 per
1268 1501 1511 1539 tradiciones
1550 1502 1746 1537 humanas

429 1563 476 1599 de
521 1561 798 1610 appellacione
844 1570 880 1596 et
924 1562 1135 1608 synodum,
1182 1569 1291 1608 patet
1330 1561 1437 1608 quod
1476 1559 1611 1595 onmia
1649 1558 1745 1595 talia

428 1633 508 1656 non
540 1620 684 1665 valent,
718 1618 793 1655 nisi
827 1620 874 1655 de
897 1627 1049 1666 quanto
1082 1618 1248 1655 fundata
1280 1618 1425 1654 fuerint
1460 1617 1499 1653 in
1532 1616 1742 1665 scriptura.

429 1679 521 1714 Ideo
553 1677 676 1714 nichil
710 1678 838 1714 facere
873 1678 919 1712 de
953 1677 1037 1724 lege
1071 1676 1189 1722 civili,
1224 1678 1271 1712 de
1304 1677 1434 1712 forma
1457 1674 1744 1724 appellacionis

428 1749 506 1784 qua
538 1735 728 1772 simulant
761 1744 797 1771 et
831 1736 878 1770 de
913 1734 991 1771 alia
1025 1735 1154 1770 forma
1177 1747 1296 1782 quam
1322 1735 1537 1782 reprobant
1560 1733 1634 1770 nisi
1658 1746 1743 1769 sen-

429 1793 600 1830 tenciam
635 1806 747 1829 suam
782 1793 948 1828 fundare
981 1792 1155 1840 poterint
1187 1792 1227 1828 in
1260 1792 1470 1840 scriptura.

486 1854 534 1888 Et
567 1850 827 1888 conformiter
857 1849 933 1886 dici
964 1851 1080 1886 debet
1104 1851 1150 1886 de
1181 1849 1359 1886 conciliis
1389 1849 1469 1885 suis
1493 1848 1744 1897 generalibus

429 1923 504 1958 que
538 1911 639 1946 adeo
672 1908 946 1945 solemnizant.
982 1910 1070 1944 Non
1105 1907 1208 1944 enim
1244 1907 1370 1955 accipi
1395 1909 1512 1943 debet
1544 1907 1603 1943 vel
1637 1907 1743 1943 credi

429 1967 640 2004 consilium
685 1967 962 2015 apostolorum
1008 1965 1082 2002 nisi
1131 1967 1179 2002 de
1223 1975 1373 2014 quanto
1418 1964 1594 2002 creditur
1638 1965 1745 2012 quod

428 2025 600 2073 Spiritus
653 2026 821 2061 Sanctus
875 2024 1127 2060 confirmavit
1172 2036 1310 2059 eorum
1356 2022 1613 2060 sentenciam.
1668 2023 1744 2058 Sed

428 2096 516 2120 cum
560 2083 673 2118 multi
714 2090 995 2119 concurrentes
1036 2083 1083 2118 ad
1128 2083 1365 2118 modernum
1407 2080 1622 2118 concilium
1655 2089 1745 2115 sunt

426 2145 486 2185 (ut
511 2140 745 2189 plurimum)
773 2148 955 2188 apostate
987 2139 1121 2175 stolidi
1155 2148 1191 2176 et
1214 2139 1354 2187 ignari,
1388 2140 1623 2187 blasphema
1646 2138 1745 2174 foret

427 2200 486 2234 lex
524 2199 583 2235 vel
623 2198 757 2245 regula
796 2210 872 2246 que
912 2197 1080 2234 dictaret
1120 2199 1226 2245 quod
1274 2196 1512 2245 generaliter
1558 2196 1743 2232 standum

426 2265 485 2292 est
526 2265 562 2292 et
602 2257 846 2292 credendum
886 2254 1036 2291 iudicio
1071 2255 1194 2303 pluris
1234 2255 1377 2303 partis;
1412 2268 1501 2291 cum
1536 2254 1640 2290 enim
1677 2266 1745 2301 per

427 2323 708 2361 argumentum
755 2314 933 2361 topicum
980 2313 1146 2349 infertur
1190 2312 1436 2361 oppositum,
1482 2321 1590 2360 patet
1637 2312 1744 2360 quod

428 2372 465 2407 in
500 2371 698 2420 scriptura
732 2384 845 2408 sacra
879 2380 935 2408 est
970 2371 1142 2407 finaliter
1175 2371 1459 2419 quiescendum
1494 2378 1530 2406 et
1554 2369 1744 2418 quicquid

427 2429 536 2465 dubii
588 2429 627 2465 in
679 2429 866 2477 operibus
918 2429 1227 2476 particularibus
1279 2427 1615 2476 superexcreverit
1660 2427 1744 2463 sine

427 2488 511 2534 lege
556 2487 737 2523 ulteriori
784 2487 823 2523 in
872 2486 1121 2523 revelacione
1166 2486 1299 2523 divina
1343 2486 1424 2522 sive
1470 2485 1640 2522 concilio
1686 2494 1743 2521 est

427 2546 692 2592 pausandum,
739 2558 828 2581 cum
877 2544 1006 2580 maior
1048 2557 1140 2592 pars
1188 2552 1464 2592 apostatarum
1509 2543 1647 2580 talium
1696 2544 1743 2579 de

1762 875 1801 895 10

1766 1156 1801 1187 15

1762 1737 1800 1768 25

1763 2027 1802 2058 30

1763 2315 1800 2347 35

427 2602 533 2639 facili
573 2602 701 2639 heresi
741 2612 777 2639 et
825 2602 1095 2639 destruccioni
1140 2602 1304 2639 ecclesie
1348 2601 1602 2639 consentiret.
1648 2602 1740 2637 Ideo
1757 2614 1802 2645 40

494 2720 522 2746 4.
545 2711 640 2739 Cod.:
669 2712 788 2747 pitaciis
809 2712 956 2740 meribus.
1052 2712 1094 2739 23.
1116 2712 1210 2739 Coctz
1238 2712 1363 2739 fundata
1385 2712 1478 2739 deest.
1573 2719 1618 2745 24.
1642 2711 1738 2739 Cod.:

425 2747 523 2774 facere
544 2747 658 2774 scilicet
679 2747 799 2774 debent.
903 2746 944 2774 32.
967 2746 1060 2774 Cod.:
1090 2747 1290 2782 blasphemia.
1389 2746 1431 2781 35,
1452 2746 1624 2781 36.„C0d.:
1653 2747 1734 2782 quod

425 2782 595 2817 scriptura3
622 2781 652 2808 in
673 2782 769 2809 deest.
876 2780 919 2809 38.
941 2781 1088 2815 concilim
1114 2782 1228 2808 incerta
1248 2782 1333 2815 lect.;
1362 2782 1447 2809 cod.:
1477 2789 1535 2816 901.

493 2863 525 2893 4.
552 2852 604 2885 Cf.
622 2852 730 2884 Trial.
756 2863 833 2895 pag.
862 2852 938 2896 377.
