1944 3323
118 899 157 921 10

121 1181 155 1213 15

115 1483 157 1505 20

116 2055 158 2088 30

116 2346 156 2380 35

176 250 312 281 SERMO
334 239 474 299 xxvn]
663 253 840 286 TERTIA
868 253 994 286 PARS.
1713 258 1790 296 209

175 361 285 398 dictu
317 361 531 398 scolastico
564 360 814 397 Antichristi.
856 362 948 397 Ideo
983 362 1265 398 erubescerent
1299 363 1346 398 de
1380 374 1497 399 evan-

174 420 278 468 gelio
323 433 403 469 quo
450 419 659 456 christiani
711 419 891 468 precepti
942 428 1034 455 sunt
1085 419 1125 456 in
1172 419 1249 455 fide
1295 420 1497 468 scripture

174 488 256 514 tam
291 479 433 515 crebro
467 487 504 514 et
533 477 804 514 communiter
837 477 950 526 sequi
984 477 1204 514 Christum.
1239 478 1498 514 Concludunt

175 536 282 573 enim
305 536 380 573 sibi
403 535 613 585 patencius
645 548 689 572 ex
712 535 838 584 priori
862 535 1113 584 professione
1137 535 1230 572 fidei
1253 544 1291 572 et
1315 536 1499 586 sequenti

173 594 214 630 in
247 606 382 643 opere.

232 655 353 689 Istam
392 661 526 689 autem
569 661 719 688 metam
761 652 921 700 argucie
953 661 1068 689 notat
1101 652 1286 689 diabolus
1319 661 1357 689 et
1390 652 1500 689 ducit
1528 658 1596 698 The
1617 659 1708 698 §lex-il,
1731 660 1780 699 1115·

174 710 348 748 finaliter
388 712 438 746 ad
478 723 566 747 eam
606 712 675 747 sed
715 710 1003 747 vendicacione
1042 710 1188 747 callida
1226 710 1384 747 iusticie
1426 711 1499 747 Dei
1540 695 1768 761 ἓὲἓῖζῆἷῘζ-’ῃὲξ

172 769 232 805 sui
268 769 444 817 singulos
475 768 542 817 qui
575 768 651 805 sibi
686 768 860 806 finaliter
893 768 1072 806 serviunt
1097 777 1134 805 et
1159 770 1373 818 complete.
1410 764 1779 826 Nonuigssgdpjffllissssq

173 826 279 864 enim
314 836 450 876 posset
484 827 669 863 diabolus
694 827 935 864 concludere
960 827 1165 863 hominem
1190 828 1252 864 vel
1276 829 1500 876 dampnare
1649 808 1660 835 i
1717 818 1723 826 ⁸
1768 822 1790 830 μ’

172 885 248 922 nisi
280 886 320 922 in
352 886 497 922 virtute
531 885 660 933 prime
694 885 851 923 iusticie
885 885 948 922 cui
981 894 1143 934 oportet
1165 885 1297 934 ipsum
1331 885 1500 922 invitum

172 944 372 992 paciendo
419 956 566 992 penam
609 944 670 980 sui
716 944 872 980 domini
923 943 1169 990 subservire3
1217 957 1307 980 cum
1355 944 1500 993 prelati

173 1002 501 1048 contencionum,
546 1015 628 1039 non
673 1002 852 1051 episcopi
897 1002 1141 1047 animarum,
1189 1003 1415 1039 cancellant
1459 1003 1499 1039 in

172 1061 368 1109 pluribus,
403 1060 553 1098 Christi
592 1061 843 1097 sentenciam
883 1074 964 1097 non
1003 1069 1240 1109 sequuntur,
1275 1062 1498 1098 cavendum

173 1128 230 1156 est
264 1119 417 1156 cunctis
451 1118 600 1156 Christi
638 1118 822 1156 fidelibus
857 1121 924 1156 sed
958 1119 1149 1167 precipue
1183 1119 1356 1167 regibus,
1391 1119 1499 1168 prin—

173 1177 329 1226 cipibus
353 1186 390 1214 et
413 1176 582 1214 terrenis
607 1177 793 1224 dominis,
824 1190 872 1214 ne
895 1177 1141 1226 participent
1164 1190 1304 1214 eorum
1331 1177 1498 1214 crimen.
1554 1183 1651 1220 Ix'ings
1672 1190 1755 1212 must

174 1238 309 1273 Potest
349 1235 454 1273 enim
496 1248 580 1272 esse
619 1237 727 1285 quod
767 1237 817 1272 ad
857 1245 1013 1272 tantum
1054 1237 1317 1272 adversentur
1351 1235 1499 1273 Christi
1533 1219 1780 1283 1)ζῖἶέὲέζῇἶῇῙο

172 1294 348 1342 vestigiis
387 1303 598 1343 sequentes
639 1294 859 1340 diabolum,
901 1296 1009 1343 quod
1043 1303 1125 1331 tam
1160 1306 1200 1331 se
1233 1294 1343 1343 ipsos
1377 1307 1499 1343 quam
1607 1291 1694 1325 {3¹¹5st-

173 1353 372 1390 seculares
423 1353 610 1389 dominos
661 1365 704 1389 ex
755 1365 953 1389 consensu
1005 1352 1202 1401 nephario
1258 1354 1408 1389 ducant
1463 1362 1501 1389 et

173 1411 417 1460 precipitent
450 1412 500 1447 ad
533 1411 748 1448 infernum.
784 1413 911 1448 Docet
946 1410 1051 1448 enim
1086 1413 1225 1448 Petrus
1251 1413 1284 1448 Ia
1316 1410 1421 1448 Petri
1446 1413 1497 1447 110

174 1471 282 1518 quod
328 1469 536 1506 christiani
582 1469 726 1517 singuli
772 1479 809 1506 et
853 1469 999 1518 prelati
1039 1469 1232 1518 precipue
1272 1471 1420 1506 debent
1459 1469 1500 1505 in

173 1527 353 1564 moribus
386 1527 499 1576 sequi
523 1527 742 1564 Christum.
777 1528 854 1564 Sed
880 1527 1062 1565 Christus
1098 1528 1157 1574 (ut
1180 1529 1298 1564 docet
1322 1528 1497 1576 Cephas)

173 1599 258 1623 cnm
292 1586 605 1634 malediceretur,
646 1599 718 1622 non
755 1586 1021 1633 maledicebat,
1062 1586 1207 1634 prelati
1240 1595 1375 1623 autem
1410 1598 1498 1634 pre—

173 1653 337 1682 sumunt
376 1644 711 1681 maledicentibus
751 1644 995 1681 maledicere
1036 1653 1073 1680 et
1113 1645 1189 1681 hoc
1224 1646 1350 1693 (quod
1382 1653 1500 1692 turpe

173 1712 231 1740 est
264 1703 412 1751 dicere)
456 1711 622 1752 propter
662 1703 969 1740 observanciam
1002 1702 1098 1750 legis
1132 1702 1294 1740 Christi.
1341 1704 1434 1739 Ideo
1468 1701 1500 1738 si

172 1762 213 1798 in
250 1760 542 1798 malediccione
582 1773 750 1809 peccare
780 1762 842 1798 vel
876 1774 1010 1798 errare
1042 1773 1124 1798 non
1157 1770 1347 1810 poterunt
1380 1761 1499 1810 (sicut

174 1820 359 1868 fingunt),
400 1821 530 1856 audeo
569 1819 702 1856 dicere
743 1821 851 1869 quod
895 1831 1063 1869 peccare
1108 1832 1190 1856 non
1230 1828 1421 1868 poterunt
1460 1819 1501 1855 in

174 1879 312 1927 aliqua
344 1891 465 1915 causa
501 1878 652 1914 mundi.

233 1939 334 1974 Cum
375 1949 468 1985 ergo
508 1946 590 1973 tam
631 1938 772 1973 crebro
812 1945 981 1985 peccant
1021 1935 1413 1973 excommunicando
1459 1944 1497 1972 et
1545 1941 1752 1981 Theysinin

175 1995 455 2032 maledicendo
479 1994 719 2041 insontibus,
745 1995 970 2032 timendum
995 2004 1052 2031 est
1081 1994 1220 2031 mundi
1244 1994 1496 2043 principibus
1549 1978 1746 2040 C¹i¹1{1³1¹‹{{39[„¹{¹⁰

173 2066 222 2090 ne
255 2066 299 2090 ex
322 2066 520 2090 consensu
543 2053 773 2090 defensorio
806 2053 1049 2102 participent
1072 2066 1212 2090 eorum
1247 2052 1496 2089 criminibus.

174 2114 256 2149 Iam
296 2111 401 2149 enim
442 2121 625 2149 cecatum
667 2121 724 2149 est
762 2124 929 2160 regnum
962 2111 1104 2160 Anglie
1137 2112 1243 2148 ultra
1275 2120 1420 2157 cetera,
1454 2120 1498 2147 ut

173 2170 402 2219 quicunque
447 2170 488 2207 in
532 2170 958 2207 excommunicacione
1004 2169 1206 2207 duraverit
1251 2170 1355 2207 ultra
1400 2182 1497 2218 qua-

173 2228 359 2277 draginta
411 2228 495 2265 dies
545 2241 588 2265 ex
638 2228 881 2266 auctoritate
933 2228 1036 2276 regis
1088 2237 1124 2265 et
1175 2228 1286 2276 regni
1344 2227 1497 2265 carceri
1517 2233 1582 2261 Ex-il
1606 2234 1706 2273 ot‘tlm
1727 2235 1785 2261 law

173 2287 439 2335 mancipetur.
487 2288 573 2323 Hoc
619 2287 723 2324 enim
770 2300 843 2324 nec
887 2287 1079 2323 fundatur
1122 2286 1163 2322 in
1206 2287 1291 2334 lege
1333 2286 1495 2323 Domini
1528 2270 1700 2339 impffi‘ssffss
1721 2305 1770 2331 11,ss

172 2358 245 2381 nec
278 2344 426 2394 papali.
460 2346 538 2382 Sed
563 2345 770 2394 corrigunt
794 2345 996 2394 simplices
1020 2347 1067 2382 de
1099 2344 1179 2381 suis
1203 2343 1496 2393 temporalibus
1509 2340 1783 2366 excommunicate.

173 2413 209 2440 et
242 2413 285 2439 ut
318 2403 525 2440 includant
548 2405 748 2441 seculares
773 2404 960 2441 dominos
994 2403 1034 2439 in
1068 2403 1196 2451 culpis
1229 2402 1493 2451 gravioribus,

173 2470 359 2498 excecant
405 2474 586 2509 regnum,
630 2471 673 2498 ut
719 2464 769 2499 ad
813 2475 914 2499 onus
959 2475 1076 2498 suum
1122 2462 1258 2498 fideles
1298 2461 1357 2497 sui
1402 2460 1494 2509 legii

171 2520 305 2557 taliter
328 2529 558 2556 onerentur.
593 2522 693 2557 Cum
729 2522 834 2557 enim
864 2533 970 2569 papa
1004 2519 1174 2569 explicat
1198 2520 1345 2556 multos
1379 2531 1494 2556 casus

172 2578 212 2615 in
256 2578 399 2627 quibus
445 2578 816 2615 excommunicatus
862 2580 979 2615 debet
1024 2577 1492 2615 excommunicacionem

242 2721 261 2741 1.
282 2713 387 2741 Recte:
409 2712 512 2740 ductu.
604 2720 629 2748 7.
653 2711 748 2740 Cod.:
773 2712 1015 2740 mendicacionc.
1115 2721 1144 2748 9.
1166 2712 1262 2740 (joaa
1284 2712 1413 2740 homini.
1436 2712 1493 2739 Hic

172 2748 258 2775 locus
277 2753 444 2784 corruptus
465 2757 531 2774 esse
552 2747 684 2775 videtur.
759 2755 796 2774 12.
820 2747 914 2775 Cod.:
937 2747 1116 2774 causellant.
1189 2747 1235 2775 30.
1252 2747 1347 2775 Cod.:
1370 2756 1425 2774 nec
1445 2756 1490 2774 ex.

172 2782 210 2810 31.
230 2784 263 2810 In
284 2792 400 2818 marg:
420 2782 502 2810 Nota
516 2787 624 2809 contra
639 2782 917 2809 incarceracioncm
935 2782 1275 2809 excommunicatorum
1293 2791 1345 2817 per
1360 2782 1491 2818 quadra-

171 2819 254 2852 ginta
275 2819 350 2845 dies.
425 2816 472 2851 34.
495 2816 590 2845 C‹›d.:
613 2817 838 2852 mancipentur.
913 2816 953 2844 35.
977 2816 1071 2844 Cod.:
1094 2817 1259 2852 corrigent.

243 2900 296 2922 22.
327 2891 350 2922 1.
377 2890 468 2922 Petri
498 2890 536 2931 11,
565 2890 618 2922 23.

1314 2958 1352 2989 Ι4
