1944 3323
178 247 314 277 sumno
338 235 461 293 xxix]
670 247 845 280 ἰῈκτιΑ
875 246 999 278 muts.

179 357 399 395 bonitatem
446 354 641 392 libertatis
687 354 843 391 arbitrii
888 363 925 391 et
964 355 1115 390 bonum
1157 354 1365 402 multiplex
1405 354 1498 391 inde

178 428 361 465 sequens.
408 415 488 450 Nec
521 414 669 450 faceret
710 413 861 449 malum
904 425 1004 461 pene
1037 411 1113 448 nisi
1147 412 1302 461 peccati
1338 412 1499 449 malicia

179 473 393 519 antecedit,
433 480 714 509 verumtamen
755 470 912 507 creaeio
953 479 1096 507 nature
1132 470 1338 519 peccantis
1372 480 1409 507 et
1442 470 1499 506 in-

177 532 310 569 tencio
352 530 423 567 Dei
471 529 772 566 universitatem
823 541 937 565 suam
983 528 1238 566 bonificantis
1278 530 1499 577 precedunt

145 590 413 627 §omnimode
459 588 606 624 malum
653 588 782 636 culpe.
836 589 978 624 Utrum
1026 596 1160 623 autem
1208 590 1313 624 Deus
1362 595 1501 636 posset

177 649 308 685 facere
354 648 549 684 mundum
596 645 806 682 meliorem
851 646 911 682 vel
954 645 1147 694 quicquid
1194 645 1331 682 fecerit
1378 647 1500 682 modo

178 706 337 743 meliori
370 705 504 754 quoad
538 704 743 741 racionem
779 703 872 741 facti
906 713 963 740 est
988 703 1204 741 difficultas
1238 704 1277 741 in
1311 717 1389 753 qua
1419 716 1500 740 non

177 773 337 813 oportet
371 775 555 813 pronunc
588 763 821 810 theologum
856 761 1108 810 profundari.

1707 245 1786 283 227

236 824 381 869 Quoad
414 822 631 859 secundam
667 821 872 858 racionem
898 820 1099 857 Manichei
1134 829 1243 869 patet
1278 821 1386 869 quod
1419 833 1501 857 non
1516 826 1714 854 manichaeus
1739 826 1790 854 did

126 895 162 917 10
177 881 376 930 sequitur3
407 893 500 917 nam
526 881 624 916 tales
649 880 776 916 forme
799 879 1068 916 accidentales
1101 879 1221 914 simul
1246 878 1500 915 inexistentes

176 939 359 976 subiecto
382 940 494 975 nullo
525 940 647 975 modo
672 946 863 986 poterunt
886 949 955 985 per
988 950 1027 973 se
1061 949 1158 983 esse,
1192 946 1500 985 verumptamen

177 999 341 1047 quando
388 998 516 1034 forme
563 997 731 1045 positive
777 1008 947 1044 quarum
998 1004 1142 1032 neutra
1187 1004 1245 1032 est
1289 995 1500 1046 privativa,

177 1057 313 1093 insunt
351 1055 481 1092 eidem
521 1054 702 1091 subiecto
743 1063 780 1091 et
826 1054 1108 1102 imperfeccior
1152 1054 1300 1102 poterit
1346 1067 1368 1091 a
1413 1067 1502 1102 per-

177 1114 341 1152 fecciori
381 1113 548 1163 seiungi,
592 1115 719 1149 multo
753 1112 982 1149 evidencius
1016 1112 1239 1160 perfeccior
1270 1112 1420 1161 poterit
1452 1114 1502 1149 ab

126 1172 475 1222 15imperfecciori
509 1171 549 1207 in
582 1172 764 1208 subiecto
798 1170 935 1219 aliquo
969 1170 1162 1219 separari,
1197 1180 1240 1207 ut
1268 1171 1299 1208 si
1333 1171 1383 1208 sit
1407 1172 1502 1208 dare

178 1241 335 1268 motum
368 1240 407 1267 et
439 1243 519 1267 non
555 1243 731 1275 movens,
768 1230 895 1266 multo
930 1229 1160 1266 evidencius
1194 1238 1251 1266 est
1285 1231 1381 1266 dare
1413 1241 1502 1278 per-

178 1290 324 1327 feccius
371 1290 479 1338 quod
532 1288 581 1324 sit
635 1301 799 1325 movens
851 1297 888 1324 et
942 1301 1023 1324 non
1070 1297 1223 1324 motum
1270 1291 1328 1332 (ut
1372 1287 1503 1336 arguit

178 1348 445 1395 Aristoteles).
486 1349 663 1383 Econtra
703 1355 837 1383 autem
880 1348 927 1382 de
969 1346 1177 1394 privativis
1218 1359 1299 1383 non
1333 1355 1391 1383 est
1425 1346 1503 1383 evi-

180 1406 335 1453 dencia,
371 1416 408 1443 et
442 1405 676 1442 Manicheus
710 1405 827 1441 istam
863 1405 1171 1453 metaphisicam
1214 1403 1426 1453 ignoravit,
1460 1413 1503 1441 ut

124 1479 164 1500 20
178 1478 259 1502 non
283 1473 457 1513 oportet,
482 1463 513 1500 si
537 1473 594 1500 est
618 1465 713 1500 dare
738 1476 944 1511 magnum,
971 1463 1065 1512 quia
1093 1466 1216 1500 Deum
1244 1463 1501 1509 immensum,

180 1525 288 1572 quod
321 1523 377 1559 sic
410 1531 467 1559 est
503 1535 692 1570 magnum
717 1523 826 1570 quod
858 1534 939 1558 non
973 1534 1154 1570 parvum,
1189 1535 1283 1569 ergo
1317 1531 1374 1558 est
1408 1523 1503 1558 dare

180 1595 346 1630 parvum
383 1590 420 1617 et
452 1594 533 1617 non
568 1593 780 1628 magnum3
814 1588 851 1616 et
885 1579 941 1616 sic
975 1589 1031 1616 est
1061 1581 1109 1616 de
1134 1580 1314 1617 bonitate
1349 1589 1386 1617 et
1419 1593 1502 1617 ma-

179 1640 272 1677 licia
305 1648 343 1676 et
376 1639 466 1676 aliis
500 1639 699 1675 similibus
733 1637 915 1674 infinitis.

239 1701 443 1744 Quantum
468 1699 518 1734 ad
542 1697 708 1733 terciam
734 1696 939 1733 racionem
955 1698 1003 1733 de
1025 1696 1267 1733 auctoritate
1290 1696 1501 1745 scripture,

123 1759 162 1792 25
180 1766 290 1805 patet
342 1756 451 1805 quod
505 1755 656 1792 directe
709 1755 855 1791 militat
916 1755 956 1791 in
1010 1755 1245 1806 oppositum
1300 1755 1502 1792 sentencie

179 1814 394 1860 Manichei‚
426 1826 518 1850 nam
545 1815 709 1862 quando
734 1813 898 1850 Genesis
923 1812 1037 1849 dicit:
1072 1814 1114 1849 In
1132 1814 1327 1863 principio
1356 1814 1503 1851 creavit

180 1875 288 1910 Deus
320 1873 443 1909 celum
478 1879 512 1908 et
545 1880 693 1908 terram
727 1873 788 1908 vel
822 1871 1003 1920 loquitur
1027 1873 1075 1908 de
1109 1873 1185 1908 deo
1219 1873 1327 1908 bono
1360 1873 1421 1909 vel
1455 1873 1502 1909 de

90 1923 165 1985 Fojss
180 1933 255 1969 deo
290 1931 411 1977 malo,
446 1943 537 1967 cum
572 1930 724 1966 mixtim
759 1943 841 1967 non
870 1925 874 1983 Ι
904 1939 1038 1979 posset
1062 1930 1244 1978 intelligi,
1280 1930 1311 1967 si
1345 1932 1393 1967 de
1428 1932 1503 1968 deo

85 1968 146 2002 ²6³
180 1991 301 2036 bono,
335 1998 431 2026 tunc
464 1989 548 2037 ipse
588 1988 679 2025 fecit
717 1997 866 2026 terram
907 2002 983 2037 que
1024 1998 1109 2025 erat
1147 1989 1270 2041 inanis
1301 1996 1337 2026 et
1369 2002 1504 2035 vacua,

124 2051 218 2085 3oet
266 2061 336 2096 per
381 2060 631 2095 consequens
683 2046 775 2083 fecit
821 2048 1091 2096 quodcunque
1143 2060 1289 2096 corpus
1336 2048 1503 2084 mixtum

183 2106 361 2143 medium
385 2106 488 2142 inter
511 2105 598 2152 illa3
629 2105 660 2142 si
684 2106 732 2142 de
757 2106 831 2142 deo
863 2106 984 2151 malo,
1009 2114 1104 2142 tunc
1134 2105 1218 2154 ipse
1241 2105 1333 2142 fecit
1357 2119 1503 2154 corpus

182 2165 326 2201 celeste
355 2173 436 2201 tam
469 2163 691 2212 gloriosum
717 2173 753 2200 et
776 2163 911 2200 nobile
935 2173 972 2200 et
996 2176 1067 2212 per
1091 2177 1341 2213 consequens
1366 2164 1504 2201 omnia

183 2235 255 2259 sua
288 2222 443 2258 lumina
476 2231 514 2258 et
546 2221 782 2259 influencias
816 2235 886 2270 per
909 2235 1008 2270 quas
1041 2222 1150 2258 orbis
1185 2222 1335 2270 regitur
1368 2223 1503 2259 sublu—

182 2280 303 2318 naris.
338 2282 470 2316 Motus
503 2289 637 2317 autem
661 2293 741 2329 quo
766 2283 871 2317 Deus
900 2280 1156 2328 singulariter
1179 2281 1366 2329 producit
1389 2294 1502 2318 suam

126 2342 165 2374 35
183 2338 376 2376 fabricam
412 2351 482 2386 per
516 2339 592 2375 hoc
625 2338 862 2387 exprimitur
886 2340 995 2387 quod
1029 2340 1138 2388 apud
1173 2341 1298 2375 Deum
1333 2353 1414 2376 non
1447 2348 1505 2376 est

183 2396 477 2434 transmutacio
517 2409 589 2433 nec
620 2396 908 2433 vicissitudinis
948 2397 1229 2434 obumbracio.
1277 2400 1362 2446 Ipse
1397 2397 1504 2434 enim

183 2467 350 2492 manens
391 2454 612 2491 immobilis
642 2464 787 2492 cuncta
818 2464 951 2492 movet
985 2459 1043 2501 (ut
1073 2457 1241 2492 docetur
1255 2457 1363 2492 VIIIO
1380 2455 1506 2492 Phisi-

184 2518 359 2559 corum);
411 2525 575 2550 movens
620 2513 727 2550 enim
774 2513 997 2562 perfeccius
1040 2514 1126 2551 sine
1170 2513 1231 2551 sui
1275 2514 1505 2551 variacione

252 2692 282 2717 4.
303 2682 400 2710 Cod.:
418 2682 558 2721 ,bonifitiz
633 2690 660 2717 9.
683 2682 716 2709 In
738 2690 853 2717 marg:
875 2689 901 2709 2.
975 2690 1022 2716 24.
1043 2682 1077 2710 In
1098 2690 1213 2718 marg:
1234 2681 1260 2710 3.
1339 2681 1383 2717 33,
1406 2681 1452 2716 34.
1472 2683 1506 2710 In

183 2717 252 2745 cod.
275 2718 453 2745 sublmams.

261 2835 310 2869 18.
351 2837 413 2869 Est
444 2835 539 2868 enim
574 2835 756 2878 quoddam
789 2845 938 2867 movens
974 2842 1007 2867 et
1039 2835 1242 2878 immobile3
1281 2836 1508 2876 Aristoteles,

187 2883 294 2926 Phys.
321 2883 481 2915 Auscult.
508 2882 564 2922 ΙΙΙ,
588 2892 615 2914 1.
643 2882 737 2925 Opp.
764 2882 819 2922 111,
846 2892 925 2926 pag.
954 2892 1032 2915 212.

1308 2942 1377 2975 15*

1540 866 1592 889 not
1613 861 1774 896 recognize

1539 896 1590 924 the
1611 896 1775 924 difference

1544 931 1574 959 in
1597 931 1765 959 accidental

1525 967 1624 994 forms
1646 967 1782 994 between

1547 1001 1680 1037 positive
1701 1002 1760 1029 and

1576 1036 1736 1072 privative.

1553 1702 1764 1731 Manichacus*

1559 1740 1655 1773 proof
1671 1740 1752 1767 from

1577 1774 1736 1803 Scrinture

1570 1810 1681 1837 recoils
1701 1817 1741 1837 on

1589 1844 1723 1873 himself.

1564 2230 1631 2258 The
1651 2236 1699 2259 act
1718 2231 1753 2258 of

1542 2267 1677 2293 creation
1700 2267 1776 2294 does

1573 2307 1625 2328 not
1646 2302 1743 2337 imply

1564 2337 1750 2372 mutability,
