1944 3323
150 252 287 281 sERMO
310 238 407 297 Lm]
646 251 819 284 TERTIA
847 251 974 284 PARS.
1681 242 1762 288 467

149 362 315 398 tualibus
357 360 441 410 (qui
480 358 771 395 iocunditatem
812 357 942 407 patrie
990 356 1147 393 celestis
1195 353 1471 406 annunciant),
1548 363 1684 401 ‘zuxyays

149 427 347 456 cantantes
385 417 573 456 alacriter
616 417 654 453 in
694 429 807 465 spem
842 415 977 464 gaudii
1012 423 1047 451 et
1074 414 1288 464 psallentes
1320 413 1472 462 specia-
1501 398 1751 466 ἐῑζ-’Ῐῖζξῖῗῗῖάῇῗξ

148 478 239 515 liter
272 477 311 514 in
345 477 513 514 caritate
537 474 713 521 Domini,
748 483 786 511 et
820 474 888 511 illa
922 475 1070 510 debent
1105 472 1189 509 fieri
1223 472 1259 508 in
1293 472 1474 508 cordibus

149 536 318 573 fidelium
353 535 520 571 Domino
560 535 711 570 mundo
752 532 1002 577 abscondite,
1044 532 1114 568 sed
1152 530 1320 568 omnino
1366 539 1475 568 recta

117 594 383 631 5iutuicione.
417 593 458 630 Si
491 602 626 630 autem
661 605 751 629 cum
786 591 871 628 istis
896 590 1062 628 canticis
1086 589 1327 626 intrinsecus
1350 589 1475 627 assint

149 652 340 690 continue
383 664 508 701 opera
553 651 746 696 caritatis,
800 659 895 686 tunc
948 658 1063 686 erunt
1115 648 1270 685 viantes
1313 648 1476 699 gracias

149 719 309 763 agentes
347 723 501 760 semper
535 722 612 760 pro
647 709 822 746 omnibus
854 716 890 745 et
923 708 958 744 in
992 707 1143 744 nomine
1177 707 1322 744 domini
1353 706 1478 743 nostri

148 771 238 806 ιῙθςιι
278 769 428 806 Christi
457 769 542 805 Deo
581 776 616 804 et
650 768 772 819 patri.
814 767 892 813 Qui
926 766 1030 803 enim
1064 766 1201 803 vivunt
1233 765 1274 802 in
1307 764 1475 802 caritate

150 827 339 865 continue
392 836 430 864 et
481 835 787 875 perseveranter
839 825 995 874 gracias
1048 833 1170 873 agunt
1222 836 1382 873 semper
1435 822 1476 859 in

97 886 314 924 ionomine
365 884 630 922 humanitatis
684 883 833 922 Christi
883 892 927 920 ut
980 883 1128 929 medio,
1186 891 1223 919 et
1268 882 1344 919 hoc
1390 884 1474 919 Deo

150 945 255 982 trino
289 957 335 982 ac
368 943 473 993 patri
506 942 682 980 hominis
716 952 759 979 ut
793 942 954 979 dilecto.

207 1006 256 1040 Et
302 1016 346 1040 ex
390 1002 475 1039 istis
514 1002 695 1051 sequitur
736 1000 942 1038 conclusio
985 1001 1119 1049 quoad
1163 1000 1236 1036 hec
1284 997 1474 1035 mutualis
1520 1004 1580 1044 We
1600 1008 1683 1032 must
1705 1005 1740 1032 be

149 1061 358 1098 caritativa
391 1060 612 1106 subiecci03
646 1060 738 1096 ideo
772 1059 870 1096 dicit
904 1059 1069 1095 Paulus:
1106 1057 1274 1094 subiecti
1312 1057 1474 1093 invicem
1509 1040 1704 1107 subgffitlpgire
1723 1044 1754 1066 to

148 1121 184 1156 in
207 1121 345 1156 timore
368 1119 526 1155 Christi.
562 1118 659 1164 Quis
683 1130 807 1167 queso
831 1131 911 1154 non
935 1117 1096 1153 timeret
1119 1115 1474 1153 conversacionem
1491 1109 1768 1180 f0¹i¹¹ff'‘ffll¹¹ngliffl¹)fi⁵t

97 1181 131 1213 15
149 1188 186 1216 et
220 1178 519 1215 subieccionem
554 1178 824 1226 exemplarem
855 1175 1018 1226 Christi,
1060 1188 1151 1212 cum
1184 1174 1258 1211 fuit
1292 1173 1476 1211 minister
1725 1166 1731 1172 ⁶

149 1250 330 1274 summus
369 1235 565 1285 apostolis
606 1236 742 1272 lavans
784 1247 923 1271 eorum
963 1235 1085 1282 pedes
1125 1242 1163 1270 et
1196 1232 1396 1282 quidquid
1435 1231 1477 1269 in

151 1295 420 1332 ministerium
481 1293 693 1342 spirituale
754 1293 947 1339 sonuerit,
1009 1293 1103 1328 dum
1165 1301 1248 1328 tarn
1315 1291 1475 1328 salubre

150 1355 377 1402 exemplum
419 1352 641 1401 respuerit?
685 1354 768 1389 Nec
810 1359 944 1400 potest
983 1350 1129 1399 aliquis
1160 1350 1292 1387 viator
1326 1350 1374 1385 de
1414 1362 1475 1386 ex-

151 1412 342 1449 cellencia
387 1424 508 1460 super
554 1411 716 1447 fratrem
760 1423 878 1446 suum
925 1422 966 1445 se
1015 1409 1215 1454 extollere,
1261 1420 1311 1444 ne
1349 1407 1475 1444 iustus
1515 1413 1576 1442 We
1597 1422 1668 1453 may
1688 1418 1742 1440 not

93 1470 407 1508 2oinferioribus
458 1469 508 1506 sit
560 1469 775 1515 subiectus,
829 1481 919 1504 cum
970 1468 1103 1504 nullus
1146 1467 1277 1503 viator
1324 1465 1397 1502 scit
1443 1465 1475 1501 si
1520 1452 1691 1518 51ὼῖξὲᾓῇ
1712 1488 1742 1511 to

153 1529 281 1566 maior
320 1529 383 1565 vel
424 1527 555 1564 minor
595 1527 674 1564 alio
715 1527 833 1564 fuerit
872 1527 979 1574 apud
1013 1529 1162 1571 Deum;
1203 1525 1311 1574 quod
1351 1524 1381 1560 si
1428 1525 1476 1560 de
1491 1519 1765 1581 agzflffinblfcffiffic

151 1587 381 1624 maioritate
421 1599 492 1623 sua
531 1585 824 1622 revelacionem
859 1585 1057 1631 habuerit,
1100 1592 1213 1621 tanto
1246 1582 1476 1631 gratancius
1509 1589 1569 1615 less
1591 1589 1750 1623 righteous

150 1648 199 1682 ad
224 1645 531 1682 similitudinem
558 1644 707 1681 Christi
734 1643 926 1680 humilius
950 1643 1153 1679 subiectus
1177 1642 1262 1679 erit.
1294 1641 1476 1678 Christus
1498 1624 1570 1650 thau
1591 1624 1760 1651 ourselves.

150 1704 257 1741 enim
298 1703 444 1740 dicitur
484 1704 639 1739 lavasse
687 1704 809 1751 pedes
851 1701 1039 1739 Scarioth
1084 1710 1121 1737 et
1164 1713 1247 1737 non
1291 1701 1476 1736 obstante

93 1765 132 1797 25
151 1764 259 1811 quod
301 1762 373 1798 fuit
413 1761 598 1798 diabolus
638 1761 711 1797 sibi
762 1760 1040 1809 multipliciter
1080 1759 1342 1795 ministrasse.
1388 1760 1476 1794 Hoc

153 1821 258 1858 enim
308 1820 401 1857 licet
446 1819 521 1855 sibi
574 1821 624 1855 ad
674 1820 843 1856 salutem
893 1819 953 1855 vel
1000 1817 1350 1855 beatificacionem
1396 1829 1477 1853 non

153 1879 317 1928 profuit,
350 1887 487 1915 tamen
520 1877 655 1925 generi
689 1877 905 1914 universali
936 1886 973 1913 et
996 1876 1112 1913 nobis
1138 1875 1301 1912 cuilibet
1326 1874 1477 1923 profuit

154 1939 204 1974 ad
238 1938 478 1985 exemplum,
512 1936 665 1985 fuitque
690 1937 739 1972 ad
764 1935 1103 1984 dampnacionem
1130 1934 1304 1983 prelacie
1328 1932 1477 1970 cesarie

155 1996 233 2032 iam
278 1995 478 2041 instantis,
525 1994 593 2043 qui
641 1995 789 2031 habent
834 2007 907 2042 pro
955 1994 1130 2030 maximo
1170 1991 1477 2029 inconveniente

96 2057 138 2088 30
156 2055 265 2103 quod
306 2055 484 2102 prelatus
527 2055 680 2089 mundo
719 2052 904 2101 superior
943 2065 1016 2089 suo
1061 2051 1223 2089 subdito
1261 2059 1478 2100 quantum-

156 2125 314 2162 cunque
361 2114 488 2148 bonus
534 2120 743 2160 reputatus
790 2111 906 2147 fuerit
951 2111 1001 2147 sit
1049 2109 1266 2147 subiectus.
1317 2112 1365 2145 Et
1410 2108 1477 2145 illa

156 2170 393 2208 obediencia
427 2179 564 2207 carent
588 2169 766 2218 religiosi
800 2169 959 2218 privati,
996 2182 1086 2206 cum
1112 2170 1307 2205 docentur
1331 2180 1374 2204 ex
1397 2167 1477 2203 suis

66 2255 138 2287 Fol.
156 2228 448 2266 tradicionibus
494 2228 644 2265 frivolis
696 2241 768 2264 suo
821 2228 1019 2277 superiori
1073 2228 1207 2276 quoad
1260 2228 1333 2263 hec
1386 2225 1478 2262 licet

61 2287 320 2339 2Qoqdiabolo
349 2284 353 2339 Ι
382 2286 638 2334 singulariter
676 2286 860 2332 obedire,
900 2287 969 2322 sed
1008 2285 1235 2322 fraternalis
1274 2283 1477 2321 subieccio

99 2347 139 2379 33
158 2358 234 2394 que
268 2346 380 2381 fieret
413 2344 453 2380 in
476 2344 642 2381 nomine
666 2344 829 2381 Domini
852 2353 1062 2393 tamquam
1088 2346 1172 2380 Deo
1197 2342 1476 2391 proscribitur,

158 2417 249 2439 cum
285 2403 456 2439 mundus
491 2415 580 2439 cum
616 2402 762 2451 regulis
796 2402 876 2439 suis
910 2402 1132 2439 attenditur
1166 2410 1203 2438 et
1235 2402 1295 2438 lex
1328 2399 1476 2438 Christi

158 2461 474 2509 contempnitur.

217 2521 331 2557 Unde
383 2519 422 2555 in
468 2519 639 2556 concilio
678 2521 940 2555 Terremotus
994 2519 1258 2566 dampnatum
1312 2516 1385 2552 fuit
1436 2524 1479 2551 ut
1506 2522 1759 2549 sustitit-aiionot'

159 2578 307 2614 heresis
347 2578 455 2626 quod
495 2578 603 2614 Dens
642 2577 810 2613 obedivit
850 2577 1015 2624 diabolo,
1054 2588 1136 2612 non
1175 2575 1392 2612 recolendo
1432 2574 1479 2609 de
1501 2558 1549 2584 ‘¹¹⁶
1571 2565 1679 2593 ⁵²¹5¹¹¹g
1700 2557 1763 2583 ‘¹¹³‘

230 2720 267 2740 12.
289 2714 360 2745 hec;
388 2712 475 2740 cod.:
505 2712 573 2740 .h.:
601 2711 763 2744 m11tualis;
790 2711 876 2738 cod.:
906 2715 1018 2738 mutu-⁶⁴.
1117 2718 1163 2737 20.
1187 2709 1282 2737 Coa:
1310 2710 1409 2736 viator
1430 2708 1478 2735 sit.

159 2747 202 2775 32³.
225 2748 296 2779 hec;
323 2747 410 2774 cod.:
439 2748 488 2774 .h.
582 2745 627 2779 34.
649 2746 744 2773 Cod.:
773 2746 926 2773 diabolus.
1013 2745 1058 2773 38.
1080 2746 1112 2772 In
1135 2753 1248 2779 marg:
1278 2753 1298 2772 1.

237 2842 284 2873 ¹3.
305 2842 397 2884 Eph.
415 2843 458 2881 V,
487 2852 541 2873 21.
633 2843 686 2884 39.
715 2842 766 2873 Cf.
791 2843 919 2874 Fascic.
947 2842 1028 2879 ziz„
1055 2851 1132 2884 pag.
1155 2840 1230 2883 278.
1259 2840 1380 2872 Concl.
1401 2839 1479 2870 Vll:

159 2890 246 2922 Item
268 2889 363 2931 quod
386 2889 479 2920 Deus
499 2889 603 2919 debet
623 2889 768 2920 obedire
796 2888 949 2920 diabolo.
977 2887 1030 2920 Cf.
1053 2888 1148 2919 Fasc.
1176 2888 1237 2918 ziz.
1264 2896 1344 2929 pag.
1363 2885 1480 2917 LXIV.

1276 2943 1348 2975 30*
