1944 3323
113 253 248 282 sERMo
270 241 379 299 XLV-J
598 253 773 285 TERTIA
800 252 927 284 PARS.
1644 240 1720 276 385

114 362 264 412 Liquor
303 361 408 398 enim
449 359 764 409 perfectissimus
804 358 1008 407 exspirans
1048 371 1069 395 a
1102 367 1216 395 tanto
1249 370 1340 395 vase
1374 366 1432 394 est

113 422 217 458 ultra
261 421 394 456 oleum
447 431 639 456 emanans
691 431 713 455 a
758 417 908 454 tumbis
960 425 1193 454 sanctorum
1239 416 1434 453 inducens

111 479 325 516 sanitatem
382 490 620 525 corpoream
673 477 966 525 acceptandus3
1021 488 1114 513 nam
1169 476 1286 523 longe
1346 474 1436 523 plus

111 537 262 574 sanitas
302 535 435 573 anime
475 548 595 584 quam
635 534 786 571 sanitas
826 533 1011 583 corporis
1052 542 1109 571 est
1149 533 1365 579 laudanda,
1400 541 1438 569 et

79 596 215 634 §inter
247 607 387 631 omnes
419 593 682 642 operaciones
713 592 859 630 viantis
893 591 1186 641 evangelizacio
1219 590 1435 629 antecellit.

171 654 357 690 Secundo
391 653 700 689 commendatur
733 650 983 699 evangelium
1009 650 1121 688 Pauli
1155 650 1195 686 in
1228 650 1304 687 isto
1329 650 1437 698 quod
1526 657 1655 685 Genera}
1710 694 1713 696 q

113 712 229 748 Greci
275 710 342 760 qui
386 719 482 747 tunc
526 710 701 759 reputati
747 710 907 746 fuerunt
952 708 1253 758 sapientissimi,
1298 720 1437 757 ymmo
1470 697 1658 763 Ῑῗξξῖξὲζῗῇῗ
1678 696 1715 763 {³}

111 769 350 818 generaliter
388 778 498 805 secta
538 768 852 805 christianorum
896 768 1019 816 gratis
1063 766 1289 816 acceptavit
1324 765 1437 803 Pauli
1487 763 1536 790 ¹¹¹⁰
1558 763 1693 790 C¹¹¹¹¹'C¹¹·

113 828 316 877 epistolas.
351 828 443 864 Ideo
477 828 654 864 secundo
688 825 959 874 subiungitur:
1003 826 1117 870 Quod
1154 833 1189 861 et
1225 825 1435 874 accepistis.

59 889 218 924 iolnter
268 885 347 923 alia
393 885 555 934 quidem
609 885 802 922 miracula
857 897 933 933 que
982 883 1074 920 fecit
1114 882 1312 920 Dominus
1366 882 1438 918 fuit

111 958 235 982 unum
275 946 323 980 de
364 943 548 980 maximis
590 944 699 993 quod
740 955 809 991 per
849 951 931 979 tam
975 955 1126 991 paucos
1162 941 1438 990 predicatores

111 1012 148 1040 et
181 1004 287 1052 apud
318 1003 513 1038 mundum
543 1010 625 1039 tam
659 1001 838 1039 abiectos
863 1000 1111 1049 evangelium
1136 1009 1291 1036 tantum
1317 1012 1438 1048 supra

110 1074 269 1098 sensum
311 1061 533 1097 humanum
574 1069 655 1097 tam
697 1059 860 1096 difficile
903 1060 952 1096 ad
993 1059 1240 1095 credendum
1283 1067 1319 1094 et
1359 1070 1438 1094 ser-

109 1121 283 1157 vandum
317 1120 425 1167 apud
458 1131 619 1155 carnem
655 1127 692 1155 et
715 1118 893 1154 seculum
922 1126 1005 1154 tam
1030 1118 1108 1154 late
1140 1116 1181 1153 in
1213 1125 1294 1154 tam
1329 1116 1438 1152 brevi

57 1184 293 1227 15te1npore
326 1177 559 1214 seminaret.
593 1179 676 1213 Nec
701 1175 869 1212 dubium
904 1176 1000 1225 quin
1033 1175 1132 1212 illud
1166 1188 1247 1212 non
1282 1174 1439 1212 contin-

111 1245 221 1286 geret
259 1235 335 1272 nisi
372 1235 412 1272 in
452 1235 527 1272 hiis
571 1234 702 1272 verbis
747 1234 826 1271 vite
871 1236 1036 1271 verbum
1077 1234 1149 1271 Dei
1196 1233 1438 1270 miraculose

112 1303 264 1344 ageret.

167 1352 313 1390 Tercio
347 1353 657 1389 commendatur
690 1350 939 1400 evangelium
973 1350 1080 1387 istud
1113 1362 1185 1399 per
1216 1351 1293 1386 hoc
1327 1350 1436 1399 quod
1486 1357 1527 1385 Its
1548 1357 1699 1397 eleyating

113 1411 229 1460 erigit
270 1410 536 1459 accipientem
578 1412 628 1447 ad
662 1413 790 1447 Deum
837 1418 874 1446 et
920 1408 1082 1446 celestia
1121 1408 1436 1457 contemplanda
1516 1393 1664 1420 docn'm‘

55 1488 97 1510 20
113 1479 150 1507 et
183 1469 410 1506 affectanda
443 1468 632 1505 subiectis
666 1467 959 1518 temporalibus
992 1480 1114 1517 supra
1148 1469 1278 1504 bruta.
1320 1468 1437 1504 Unde

112 1529 334 1566 secundum
368 1527 626 1564 Aristotelem
661 1528 769 1563 XIVO
794 1529 852 1563 De
885 1526 1139 1563 Animalibus
1173 1525 1281 1563 solus
1314 1526 1437 1562 homo

113 1587 215 1623 inter
254 1585 447 1623 animalia
486 1594 664 1622 erectum
708 1586 827 1622 habet
863 1594 983 1633 caput
1017 1586 1067 1621 ad
1107 1585 1237 1621 celum
1271 1592 1438 1633 propter

112 1644 386 1682 substanciam
412 1643 589 1681 divinam
612 1657 691 1693 qua
724 1645 847 1680 homo
881 1643 1111 1692 participat,
1146 1652 1183 1680 et
1215 1643 1437 1679 secundum

112 1703 322 1751 theologos
357 1702 564 1740 anatomia
597 1703 644 1739 de
677 1702 857 1739 stacione
891 1701 1067 1738 hominis
1101 1714 1183 1738 non
1215 1701 1346 1738 solum
1381 1708 1439 1737 est

56 1771 96 1803 25
113 1771 156 1798 ut
207 1770 339 1798 rectus
390 1762 535 1797 habeat
586 1760 782 1797 animales
826 1760 991 1809 spiritus
1036 1760 1235 1808 puriores,
1281 1760 1351 1796 sed
1396 1767 1438 1795 ut

114 1820 270 1857 mistice
304 1820 601 1868 contempletur
633 1819 796 1856 celestia
829 1828 866 1855 et
888 1831 969 1855 non
1003 1818 1219 1855 inclinetur
1248 1817 1289 1854 in
1322 1830 1439 1854 sensu

114 1892 187 1916 suo
212 1887 420 1927 tamquam
451 1877 579 1914 bestia
609 1879 659 1914 ad
683 1888 856 1914 terrena.
892 1878 985 1914 Ideo
1007 1877 1227 1926 Apostolus
1256 1877 1439 1913 alludens

114 1936 177 1974 isti
211 1936 343 1974 sensui
377 1935 473 1973 dicit
507 1935 728 1973 Corinthiis
762 1937 870 1985 quod
910 1936 945 1971 in
979 1936 1180 1987 evangelio
1214 1935 1284 1971 isto
1316 1935 1438 1972 statis.

172 1996 249 2032 Sed
288 2003 433 2044 quarto
473 2007 563 2031 cum
611 2007 633 2031 a
672 1994 750 2031 fine
790 1993 941 2031 attendi
981 1995 1098 2031 debet
1136 1993 1193 2030 rei
1226 1992 1439 2042 perfeccio,

57 2053 308 2094 30videndus
342 2062 399 2090 est
433 2053 628 2090 terminus
663 2054 713 2089 ad
747 2065 865 2102 quem
902 2052 1062 2089 ducitur
1103 2052 1329 2089 subiectum
1364 2052 1440 2088 hoc
1489 2058 1532 2098 its
1553 2058 1631 2098 aiim
1652 2057 1702 2085 the

116 2111 323 2160 evangelio
375 2111 610 2158 alteratum3
663 2120 700 2147 et
752 2124 842 2148 cum
895 2110 945 2147 sit
996 2110 1207 2147 beatitudo
1254 2122 1330 2160 que
1383 2094 1530 2146 estbllSS
1553 2097 1584 2122 ⁰¹
1604 2094 1730 2121 heaven.

114 2170 310 2207 terminus
354 2169 668 2218 perfectissimus
714 2182 833 2218 quem
887 2178 1071 2206 creatura
1124 2168 1261 2218 aliqua
1308 2176 1441 2217 potest

115 2228 326 2277 attingere,
360 2236 471 2276 patet
494 2229 602 2277 quod
633 2227 928 2276 evangelizacio
952 2227 1116 2265 racione
1140 2227 1253 2264 istius
1277 2226 1440 2263 termini

116 2296 174 2324 est
226 2286 416 2335 perfecta.
479 2288 556 2323 Lex
607 2298 702 2335 ergo
754 2285 950 2334 evangelii
1007 2294 1118 2323 tante
1174 2284 1440 2334 perfeccionis
1483 2293 1608 2331 present
1630 2290 1703 2318 need

60 2344 316 2386 35sitibunde
367 2345 484 2382 debet
528 2344 680 2382 hauriri
733 2353 771 2381 et
814 2345 967 2393 populo
1013 2343 1214 2393 predicari
1265 2356 1311 2381 ac
1364 2342 1441 2380 alie
1473 2325 1712 2398 Ῑξέῐριξςξὲῖῗὲὲἶῇ

115 2404 220 2451 leges
260 2404 434 2439 humane
475 2416 552 2452 que
590 2404 639 2440 ab
680 2403 754 2440 ista
794 2403 1024 2439 distrahunt
1069 2404 1215 2439 debent
1255 2401 1359 2439 abici
1399 2410 1442 2437 ut

116 2462 339 2510 prophane,
378 2460 472 2510 quia
506 2462 666 2498 Psalmo
691 2463 882 2507 CXV1110‚
914 2471 959 2497 21
1000 2460 1208 2497 scribitur:
1241 2459 1445 2496 Maledicti

116 2520 180 2569 qui
211 2520 403 2555 declinant
434 2532 456 2555 α
490 2520 681 2556 mandatis
714 2520 799 2555 tuis.
834 2521 883 2555 Et
906 2519 981 2556 ista
1007 2518 1232 2556 declinacio
1266 2517 1443 2555 creditur

117 2590 203 2614 esse
244 2590 365 2614 causa
408 2590 532 2626 quare
571 2577 740 2615 ecclesia
782 2590 862 2614 non
903 2586 981 2614 stat
1015 2586 1149 2615 erecta
1183 2586 1324 2614 contra
1359 2576 1442 2613 dia-

118 2728 282 2795 predrgaffi
291 2723 430 2758 celestia;
452 2724 538 2751 cod.:
553 2728 581 2751 et
596 2724 686 2752 ceteri
702 2732 718 2751 a
732 2724 796 2759 (ceU
812 2725 851 2759 a).
908 2723 949 2752 35.
966 2723 1060 2752 Cod.:
1077 2724 1269 2759 scitibunde;
1289 2724 1330 2752 ib.
1346 2722 1443 2751 Cod.:

191 2854 247 2876 21.
267 2843 485 2883 Aristoteles,
507 2845 557 2876 De
585 2843 796 2876 animalibus
824 2843 907 2877 hist.
927 2844 950 2883 l,
974 2844 1024 2884 15,
1043 2855 1125 2889 494.
1158 2844 1210 2876 Cf.
1230 2843 1442 2884 Trialogum

120 2889 180 2922 lib.
208 2891 246 2922 ΙΙ.
275 2901 348 2934 cap.
376 2891 434 2929 Vl,
460 2901 539 2933 pag.
566 2900 623 2934 94.
722 2889 775 2923 28.
803 2891 825 2923 l.
854 2893 934 2923 Cor.
960 2892 1035 2930 XV,
1069 2903 1094 2923 1.

1260 2950 1298 2980 ab
