1944 3323
172 230 252 275 476

189 352 255 379 The
276 351 421 386 apostle‘s

214 387 346 414 division
369 386 403 413 ot*

233 422 379 449 demotis:

173 478 191 497 1.
215 467 421 502 Principalitie

207 503 311 542 wliicli
330 502 403 537 right

247 544 367 573 against

199 573 364 607 kingdom»
384 580 418 598 or

236 615 377 642 persons.

194 650 219 670 2.
240 641 420 670 Victorious

218 678 315 704 dex-ils
337 677 396 703 ‘the

189 713 286 740 rulers
307 712 340 738 of
358 710 418 737 this

246 746 364 773 world’.

211 780 236 808 3.
258 780 400 809 ‘W'icked

195 816 324 850 spii-115⁷,
346 815 416 841 who

201 853 414 878 consummate

184 885 375 912 wickedness
395 884 423 910 in

178 920 226 947 the
247 921 436 948 sorelmown.

426 478 438 493 δ

174 1915 240 1942 The
262 1919 346 1941 exact
367 1914 449 1941 force

199 1950 233 1976 of
249 1950 298 1976 the
320 1949 423 1975 words

178 1984 250 2011 used
273 1992 305 2010 as·
321 1988 351 2010 lo
366 1984 449 2010 these

183 2018 301 2046 wiclxed
325 2019 440 2053 spirits.

753 236 973 267 JOHANle
993 236 1174 267 wvcrir
1193 235 1450 268 sERMONuM
1528 222 1678 280 [SERMO
1699 233 1764 261 Lv.

519 345 595 379 Sed
628 351 787 390 oportet
821 343 928 389 quod
962 350 1122 377 notetur
1156 342 1285 388 logica
1318 342 1498 389 Apostoli
1535 343 1582 377 ad
1619 343 1764 378 haben-

461 403 553 437 dum
588 400 849 437 subtilitatem
885 408 920 435 et
954 398 1135 435 ordinem
1167 401 1379 435 verborum
1405 412 1582 435 suorum.
1618 399 1764 436 Dividit

460 459 564 496 enim
600 467 726 494 totum
763 457 977 493 exercitum
1014 458 1229 493 demonum
1265 456 1304 492 in
1338 466 1415 493 tres
1451 466 1595 505 partes.
1632 457 1765 493 Prima

460 526 516 553 est
550 518 598 553 ad
633 525 837 552 certamen
871 515 1077 563 spirituale
1101 515 1398 560 inchoandum,
1434 524 1469 551 et
1493 514 1548 550 illi
1572 524 1766 552 vocantur

453 575 650 624 principes
689 581 723 609 et
757 580 967 622 potestates
1007 572 1073 620 qui
1114 574 1318 609 decertant
1359 586 1447 609 cum
1489 572 1633 621 regnis,
1676 578 1800 609 cum5

459 631 817 669 communitatibus
863 640 929 667 aut
975 630 1168 678 personis.
1215 632 1398 667 Secunda
1445 640 1501 666 est
1547 632 1764 667 demonum

458 689 739 738 superancium
765 698 801 725 et
826 690 897 725 hos
921 697 1036 725 vocat
1060 689 1276 736 Apostolus
1310 689 1420 724 liuius
1443 689 1576 724 mundi
1597 696 1766 724 rectores

458 749 676 784 secundum
703 748 772 783 has
795 748 978 783 tenebras
1004 755 1275 794 peccatorum.
1305 746 1447 782 Tereia
1475 758 1567 783 vero
1597 759 1688 794 pars
1712 755 1767 782 est

458 808 674 842 demonum
709 804 937 853 nequiciam
971 803 1299 840 consumancium
1340 803 1379 839 in
1412 804 1593 852 prescitis
1628 813 1663 840 et
1696 805 1767 840 hos

458 872 573 901 vocat
599 863 818 911 Apostolus
841 862 1059 912 spiritualia
1084 870 1157 898 etc.
1193 864 1240 897 Et
1264 861 1430 910 quilibet
1454 861 1621 898 istorum
1647 862 1766 898 trium
1789 875 1826 896 10

459 921 646 959 ordinum
680 920 813 969 primo
845 920 973 956 instar
1005 920 1240 968 angelorum
1275 919 1472 956 stancium
1506 919 1697 956 dividitur
1730 919 1768 955 in

459 989 538 1016 tres
572 988 723 1027 partes;
758 987 795 1015 et
826 987 922 1014 nota
950 979 1058 1026 quod
1082 978 1301 1025 Apostolus
1334 978 1501 1026 loquens
1534 979 1581 1014 de
1615 979 1769 1014 duabus

460 1037 641 1086 partibus
681 1036 777 1073 dicit
811 1037 917 1085 quod
957 1044 1015 1072 est
1056 1035 1240 1072 fidelibus
1279 1035 1542 1072 colluctuacio
1582 1037 1769 1072 adversus

460 1097 562 1141 illas,
605 1094 698 1144 quia
741 1096 921 1131 nondum
969 1106 1057 1130 cum
1097 1093 1174 1130 illis
1215 1102 1272 1130 est
1312 1102 1548 1130 consumata
1586 1093 1766 1139 victoria,

460 1155 526 1191 sed
562 1162 619 1190 est
653 1165 742 1201 spes
776 1151 1084 1189 discertantibus
1127 1151 1209 1188 sive
1248 1151 1438 1188 inchoent
1475 1151 1555 1188 sive
1594 1153 1826 1188 subster-15

460 1220 605 1248 nentur
636 1212 683 1247 de
710 1210 879 1247 victoria
902 1222 971 1258 per
993 1209 1180 1246 virtutem
1206 1218 1241 1246 et
1263 1210 1439 1257 graciam
1466 1209 1618 1246 domini
1642 1209 1768 1245 nostri

459 1272 551 1306 Jesu
574 1268 736 1306 Christi.
771 1269 885 1305 Unde
909 1267 1090 1304 Christus
1115 1267 1282 1304 Matthei
1306 1270 1391 1313 IV0‚
1423 1280 1468 1303 10
1502 1276 1539 1304 et
1571 1269 1691 1313 XV10,
1718 1268 1765 1303 23

460 1336 576 1364 vocat
621 1327 751 1375 ipsum
798 1326 990 1362 diabolum
1039 1334 1076 1362 et
1117 1327 1278 1362 Petrum
1318 1326 1534 1373 sathanam,
1579 1327 1654 1362 hoc
1699 1334 1768 1370 est,

460 1385 619 1423 veritati
651 1384 841 1433 primarie
874 1385 1166 1420 adversantem.
1213 1384 1383 1431 Oportet
1422 1383 1526 1420 enim
1560 1383 1600 1419 in
1632 1384 1769 1420 adver-

462 1444 622 1480 sacione
662 1444 770 1491 quod
809 1442 859 1478 sit
898 1441 1119 1478 renitencia
1160 1443 1333 1490 quedam
1378 1441 1586 1489 utriusque
1630 1440 1768 1489 partis,
1787 1454 1828 1475 20

462 1503 530 1538 sed
565 1501 768 1549 loquendo
802 1501 849 1536 de
882 1499 1006 1536 tercia
1039 1508 1151 1547 parte
1186 1499 1301 1535 huius
1326 1499 1518 1536 exercitus
1543 1499 1639 1535 dicit
1662 1500 1768 1547 quod

464 1569 520 1596 est
554 1557 820 1595 colluctuacio
854 1566 994 1594 contra
1025 1557 1243 1607 spiritualia
1278 1566 1365 1602 etc.‚
1401 1557 1494 1605 quia
1528 1558 1576 1593 ad
1611 1565 1766 1593 tantum

464 1626 625 1666 superat
665 1629 804 1653 eorum
849 1615 1032 1664 nequicie
1078 1624 1114 1651 et
1161 1627 1280 1663 super
1325 1615 1528 1651 hominem
1575 1615 1769 1651 exaltatur

463 1676 571 1724 quod
604 1675 732 1711 solum
767 1673 1018 1710 innitendum
1054 1681 1110 1710 est
1134 1673 1205 1709 Dei
1228 1673 1428 1709 sentencie
1453 1681 1489 1709 et
1511 1672 1567 1709 sic
1600 1672 1770 1708 finaliter

464 1732 675 1781 superatis.
721 1734 768 1768 Et
802 1732 857 1768 ita
891 1740 948 1768 est
981 1731 1053 1768 Dei
1093 1730 1284 1767 iudicium
1326 1732 1630 1780 expectandum.
1678 1731 1768 1766 Ideo
1788 1732 1825 1764 25

465 1790 560 1828 dicit
605 1791 775 1827 tacendo
821 1789 1082 1826 renitenciam
1124 1798 1264 1825 contra
1309 1788 1384 1826 ista
1423 1787 1661 1837 spiritualia,
1701 1788 1767 1824 sed

463 1862 544 1886 non
579 1850 768 1885 adversus
801 1847 868 1884 illa
903 1856 959 1884 est
992 1846 1222 1883 hominibus
1256 1847 1547 1883 reluctandum.

521 1908 728 1943 Vocantur
767 1914 901 1942 autem
940 1908 998 1953 (ut
1037 1904 1188 1941 dictum
1223 1913 1279 1941 est
1312 1904 1510 1952 superius)
1551 1904 1590 1939 in
1629 1912 1771 1939 neutro

466 1977 608 2013 genere
637 1964 855 2013 spiritualia
880 1964 929 1999 ad
955 1963 1228 1999 denotandum
1252 1972 1417 1998 naturas
1442 1971 1477 1998 et
1502 1970 1626 1998 artem
1651 1960 1771 2009 primi

467 2021 622 2070 opificis
656 2034 732 2069 que
765 2029 855 2057 sunt
895 2022 1012 2063 bona,
1054 2029 1090 2057 et
1129 2020 1381 2067 subiungitur
1419 2019 1670 2056 intransitive
1709 2031 1770 2055 ne-
1788 2020 1828 2053 30

467 2080 599 2129 quiete,
639 2081 688 2115 ad
732 2080 1004 2114 denotandum
1047 2079 1153 2127 quod
1188 2078 1226 2113 in
1260 2078 1335 2113 illis
1370 2086 1425 2114 est
1458 2077 1644 2125 nequicia
1678 2089 1771 2113 con-

468 2146 639 2182 sumata,
682 2145 718 2172 et
757 2136 983 2172 annectitur
1022 2135 1146 2172 tercio
1185 2136 1220 2171 in
1260 2136 1458 2172 celestibus
1502 2136 1562 2171 vel
1608 2143 1772 2182 propter

469 2207 709 2232 consensum
743 2206 882 2230 eorum
917 2195 966 2230 ad
999 2202 1207 2241 peccatum
1245 2192 1364 2241 primi
1388 2201 1571 2241 apostate
1593 2193 1654 2228 vel
1677 2191 1770 2240 quia

471 2265 627 2289 summe
661 2253 856 2288 excellunt
889 2251 928 2287 in
961 2253 1088 2299 gradu
1122 2264 1190 2287 sue
1223 2250 1406 2299 nequicie
1440 2259 1662 2299 superatos,
1696 2252 1773 2286 Ista

470 2320 603 2348 autem
645 2322 737 2358 pars
776 2309 899 2346 tercia
939 2309 1084 2345 dicitur
1125 2321 1303 2357 pugnare
1342 2321 1430 2345 cum
1472 2308 1648 2353 homine,
1693 2309 1827 2343 non35

469 2369 507 2405 in
541 2380 780 2417 quacunque
814 2380 933 2404 causa
974 2369 1042 2403 sed
1082 2368 1131 2403 ad
1170 2366 1380 2403 victoriam
1422 2366 1594 2402 finaliter
1634 2378 1774 2401 consu-

471 2427 681 2471 mandam3
723 2434 760 2461 et
798 2425 853 2461 sic
892 2426 1037 2461 tollunt
1076 2424 1315 2472 generaliter
1354 2437 1375 2460 a
1415 2423 1773 2460 communitatibus

469 2485 584 2532 plene
619 2483 814 2532 perversis
849 2482 1034 2519 virtutem
1066 2482 1304 2530 generaliter
1334 2490 1370 2518 et
1399 2481 1625 2530 specialiter
1654 2480 1771 2516 fidem

471 2551 507 2578 et
552 2541 760 2578 caritatem
808 2553 898 2576 cum
944 2540 1031 2577 aliis
1076 2540 1235 2576 noticiis
1282 2539 1473 2576 veritatis.
1527 2541 1626 2575 Nam
1673 2537 1774 2574 sicut

470 2600 688 2636 secundum
736 2598 998 2646 philosophos
1044 2597 1286 2634 architector
1330 2606 1387 2633 est
1431 2596 1495 2632 ille
1535 2596 1601 2644 qui
1647 2595 1833 2639 induit40

469 2658 640 2693 formam
676 2656 841 2693 artificis
874 2655 1070 2701 ultimate,
1105 2655 1160 2691 sic
1194 2654 1493 2691 archidiabolus
1528 2662 1584 2689 est
1618 2653 1683 2689 ille
1707 2652 1773 2700 qui

470 2715 599 2750 induit
634 2713 932 2750 deformitatem
966 2713 1150 2749 ultimam
1185 2712 1223 2748 in
1260 2712 1421 2748 homine
1445 2713 1693 2759 desperante.
1728 2711 1775 2745 Et

538 2824 563 2852 3.
583 2825 626 2866 111„
639 2832 752 2859 marg:
783 2833 800 2851 ι.
1194 2823 1234 2850 ib.
1256 2823 1350 2850 Cod‘:
1373 2822 1602 2849 communibus,
1693 2821 1719 2848 ὅ.
1741 2821 1774 2848 In

470 2867 564 2893 marg.
579 2869 583 2886 :
613 2868 636 2886 J.

893 2824 920 2851 ti.
942 2825 974 2851 111
998 2832 1110 2859 marg:
1133 2831 1163 2857 2,-
