1944 3323
144 259 279 287 SERMO
303 250 443 307 xxxta!
633 263 807 295 TERTIA
836 264 958 296 PARS.

142 369 233 407 licet
269 370 342 407 ista
369 370 504 407 missio
529 370 677 408 Christi
702 370 773 407 suit
798 370 1045 419 temporalis,
1072 372 1179 420 quod
1204 372 1458 420 propositum

141 428 212 465 Dei
252 428 332 465 sive
372 428 541 466 dilcecio
581 442 603 466 a
643 442 722 477 qua
764 429 837 466 ista
884 428 1079 477 processit
1124 429 1197 465 fuit
1243 438 1459 477 propterca

139 487 389 536 temporalis,
436 496 742 536 verumptamen
788 487 953 524 effectus
1000 487 1180 524 caritatis
1224 487 1355 524 divine
1400 496 1459 524 est

136 544 376 592 generaliter
410 545 520 594 prior
553 554 736 594 tempore
770 546 829 582 vel
862 555 1006 583 natura
1040 558 1161 594 quam
1198 555 1255 583 est
1289 545 1458 583 dileccio

103 604 319 640 5creature
352 603 552 651 posterius
586 605 919 652 correspondens.

194 661 377 698 Christus
410 670 545 699 autern
575 661 721 699 dicitur
754 662 1016 711 propiciacio,
1051 662 1296 711 redempcio‚
1330 671 1368 699 et
1402 662 1456 699 sic

136 720 184 755 de
233 719 368 756 multis
416 720 503 757 aliis
552 720 765 757 abstractis
813 720 854 757 in
901 720 1185 769 predicacione
1233 722 1453 758 secundum

136 777 356 814 essenciam
391 787 428 815 et
462 778 654 827 equivoce
688 778 946 827 predicantis.
994 781 1036 815 In
1070 780 1145 816 hoc
1178 788 1311 816 autem
1348 780 1456 828 quod

136 836 318 872 Christus
367 845 424 873 est
476 837 726 885 propiciacio
779 850 852 886 pro
905 837 1093 886 peccatis,
1145 837 1371 874 ostenditur
1419 837 1457 873 in

80 905 120 927 10
136 896 221 931 Deo
253 894 504 932 immensitas
539 895 730 941 caritatis,
766 895 860 944 quia
894 904 1104 944 peccatum
1139 896 1247 944 quod
1281 895 1456 933 obicitur

136 952 294 990 caritati
330 953 462 990 divine
501 955 679 990 obstaret
712 954 1018 1003 quodammodo
1051 953 1220 999 infinite,
1255 953 1346 990 ideo
1378 953 1455 990 nisi

135 1013 241 1048 Deus
265 1020 368 1048 esset
393 1011 547 1048 infinite
571 1011 764 1057 caritatis,
799 1012 888 1060 pius
921 1020 1042 1061 atque
1077 1011 1318 1058 misericors,
1353 1021 1455 1049 esset

133 1069 365 1118 oppositum
413 1069 452 1106 in
499 1069 659 1107 adiecto
701 1071 810 1119 quod
855 1070 939 1119 ipse
983 1070 1085 1107 foret
1130 1069 1338 1119 propicius
1382 1083 1456 1119 pro

133 1128 323 1175 peccatis.
359 1129 460 1164 Cum
495 1128 600 1165 enim
634 1141 716 1164 non
748 1129 798 1165 sit
821 1128 1012 1177 possibile
1035 1137 1247 1177 peccatum
1272 1141 1356 1165 esse
1379 1129 1454 1165 nisi

80 1186 116 1218 15
132 1185 265 1234 primo
289 1186 407 1223 fuerit
431 1195 572 1224 contra
596 1189 723 1223 Deum
759 1196 795 1223 et
827 1187 1001 1235 gravitas
1035 1186 1190 1235 peccati
1223 1199 1345 1235 penes
1379 1188 1454 1224 hoc

132 1244 354 1281 attenditur
377 1254 414 1281 et
436 1244 595 1293 gravior
619 1254 677 1282 est
700 1258 872 1293 persona
896 1258 973 1294 que
996 1245 1064 1281 illo
1088 1244 1319 1283 offenditur.
1344 1255 1454 1293 patet

130 1303 347 1340 sentencia.
388 1305 436 1339 Et
468 1303 560 1340 ideo
599 1303 706 1341 canit
743 1303 910 1341 ecclesia
940 1304 1049 1353 quod
1072 1304 1180 1340 Deus
1217 1304 1452 1353 omnipoten-

130 1361 228 1397 ciam
272 1374 381 1398 suam
415 1363 616 1411 parcendo
660 1370 695 1399 et
739 1363 957 1399 miserendo
1002 1362 1173 1399 maxime
1216 1362 1452 1411 manifestat.

189 1421 268 1457 Sed
300 1419 425 1457 tercio
466 1421 584 1457 docet
616 1421 819 1458 Johannes
852 1422 1060 1470 quomodo
1100 1429 1239 1458 nostra
1282 1419 1452 1457 dileccio

74 1488 116 1510 20
131 1478 249 1515 debet
271 1491 293 1515 a
318 1478 540 1515 dileccione
564 1478 758 1527 primaria
782 1478 1013 1528 exemplari.
1045 1478 1188 1515 Omnis
1211 1478 1317 1515 enim
1344 1491 1452 1516 crea-

129 1546 220 1573 tura
237 1536 467 1574 racionibus
484 1536 630 1574 eternis
646 1538 896 1586 exemplatur
911 1537 950 1573 in
966 1539 1050 1574 Deo
1069 1545 1106 1574 et
1121 1536 1325 1585 signanter
1341 1546 1453 1574 actus

132 1595 362 1632 meritorius
396 1604 592 1632 creature.
627 1597 704 1632 Sed
738 1595 832 1644 quia
865 1595 984 1632 nimis
1018 1604 1172 1632 remote
1204 1595 1306 1632 foret
1335 1596 1453 1643 plane

131 1654 358 1702 exemplare
381 1663 561 1690 nostram
597 1653 861 1691 dileccionem
896 1667 918 1690 a
949 1663 1095 1691 natura
1128 1652 1263 1690 divina
1294 1653 1369 1690 nisi
1403 1655 1452 1690 ab

129 1711 414 1749 incarnacione
430 1711 518 1748 Filii
536 1711 654 1749 fuerit
673 1713 910 1761 exemplata,
930 1712 1020 1749 ideo
1044 1724 1087 1749 ex
1111 1711 1278 1748 caritate
1302 1711 1452 1760 duplici

73 1769 170 1806 2511]
205 1770 365 1807 Christo
405 1780 464 1807 est
503 1770 775 1808 necessarium
815 1770 930 1807 nobis
970 1770 1235 1807 dileccionem
1269 1779 1450 1807 nostram

131 1828 382 1866 meritoriam
424 1831 669 1878 exemplare3
710 1829 802 1866 ideo
836 1829 932 1865 dicit
965 1838 1112 1866 textus:
1153 1829 1382 1875 Karissimi,
1420 1829 1455 1865 si

129 1887 183 1923 sic
206 1888 313 1924 Deus
346 1888 485 1924 dilexit
516 1901 597 1933 nos,
631 1895 666 1924 et
695 1901 763 1924 nos
791 1888 972 1924 debemus
1000 1889 1236 1924 alterutrum
1270 1887 1448 1938 diligere.

188 1947 230 1982 In
263 1959 342 1994 qua
376 1945 641 1983 similitudine
679 1955 771 1982 sunt
807 1946 883 1982 tria
921 1947 1101 1983 notanda
1140 1945 1179 1981 in
1219 1944 1449 1994 exemplari,

128 2012 171 2039 ut
204 2003 427 2041 similitudo
451 2003 684 2041 dileccionis
718 2006 892 2041 humane
924 2004 974 2041 sit
997 2004 1149 2052 apcior.
1185 2003 1320 2040 Primo
1344 2003 1448 2040 enim

73 2061 352 2099 30notandum
387 2072 444 2099 est
477 2065 585 2112 quod
628 2062 667 2099 in
701 2062 861 2100 Christo
895 2062 1064 2100 dileccio
1098 2075 1176 2111 qua
1208 2075 1282 2099 nos
1316 2061 1451 2099 dilexit

128 2120 322 2168 precessit
367 2121 677 2158 redileccionem
723 2121 763 2157 in
807 2120 938 2163 nobis,
989 2130 1025 2158 et
1071 2122 1235 2169 quando
1281 2119 1450 2157 dileccio

38 2213 62 2245 F
93 2213 101 2245 l
128 2188 268 2215 nostra
303 2188 431 2216 cessat
454 2180 515 2216 vel
549 2179 804 2228 extinguitur,
838 2179 949 2228 prior
984 2188 1134 2225 manet,
1168 2179 1224 2215 sic
1259 2180 1451 2215 debemus

33 2223 202 2303 273931105
231 2237 270 2273 in
294 2237 516 2275 dileccione
545 2237 750 2286 proximos
780 2238 988 2286 prevenire
1018 2247 1056 2274 et
1078 2250 1160 2274 non
1184 2249 1303 2286 expec
1333 2234 1336 2290 l
1366 2247 1451 2273 tare

128 2303 171 2331 ut
203 2294 278 2343 ipsi
311 2308 384 2332 nos
417 2295 526 2344 prius
551 2296 731 2344 diligant,
765 2295 845 2333 sive
877 2295 1031 2333 inimici
1063 2295 1211 2332 fuerint
1232 2296 1293 2332 vel
1316 2294 1449 2341 amici,

71 2352 111 2385 35
128 2365 219 2390 cum
279 2353 386 2390 iuxta
443 2354 564 2391 fidem
621 2354 820 2403 scripture
871 2355 1063 2391 debemus
1119 2353 1358 2402 generaliter
1413 2362 1451 2390 et

128 2420 268 2459 parate
307 2421 390 2449 tam
430 2411 617 2449 inimicos
658 2412 822 2461 diligere
855 2426 976 2462 quam
1011 2412 1179 2450 amicos.
1228 2414 1277 2448 Et
1309 2412 1341 2448 si
1375 2411 1448 2460 ipsi

128 2470 370 2507 cessaverint
415 2479 581 2519 propter
628 2471 841 2519 perfidiam
888 2471 949 2508 vel
1000 2471 1123 2519 frigus
1168 2470 1331 2516 diaboli,
1376 2482 1449 2506 nos

128 2528 321 2565 debemus
359 2541 569 2566 remanere
608 2529 648 2565 in
688 2529 779 2578 igne
813 2528 976 2566 Domini
1017 2538 1054 2566 et
1094 2529 1183 2566 illos
1228 2529 1450 2566 accendere

196 2675 220 2702 5.
248 2674 342 2703 Cod.:
372 2674 527 2710 posterius
548 2683 680 2710 quorum
703 2674 778 2702 deus
800 2674 954 2703 Christus.
1073 2675 1112 2702 18.
1135 2674 1229 2703 Cod.:
1259 2676 1446 2703 miserando.

127 2717 170 2745 27.
193 2710 288 2737 Cod.:
317 2709 395 2737 sicut
415 2710 507 2737 heus.
582 2708 623 2737 35.
646 2709 740 2738 Cod.:
768 2715 867 2737 tamen
890 2710 983 2737 iuxta.

200 2816 250 2847 ¹7·
291 2806 409 2845 „Deus
440 2805 500 2848 qui
541 2805 839 2848 omnipotentiam
872 2813 968 2838 tuam
1008 2805 1185 2847 parcendo
1225 2805 1375 2837 maxime
1415 2812 1448 2836 et

127 2851 327 2883 miserando
362 2851 597 2885 manifestas.''
636 2852 759 2884 Oratio
799 2852 852 2884 for
897 2851 963 2884 ΗΜ*
996 2853 1138 2894 Sunday
1178 2852 1264 2884 after
1308 2852 1446 2893 Trinity

129 2898 162 2929 in
191 2898 250 2930 the
278 2900 404 2931 Sarum
432 2899 564 2930 Missal.
665 2898 716 2931 26.
744 2899 768 2931 1.
795 2898 873 2930 Joh.
901 2899 958 2940 1V,
991 2908 1040 2930 11.

1270 2967 1308 3000 19

1480 669 1577 697 Cod's
1599 671 1749 699 immense

1487 705 1605 740 charity
1628 708 1734 734 shown

1520 740 1548 767 in
1571 742 1708 768 eurise>

1506 777 1717 811 propinatum.

1522 1427 1582 1457 We
1604 1435 1686 1457 must

1492 1463 1607 1491 imitate
1629 1464 1727 1492 God‘s

1567 1500 1643 1527 love.

1479 1953 1539 1981 W'e
1560 1960 1643 1982 must
1663 1955 1730 1983 love

1465 1989 1596 2016 without
1617 1990 1742 2025 waiting

1465 2028 1495 2051 to
1513 2024 1546 2051 be
1562 2025 1627 2051 first
1641 2026 1740 2052 lox-ed.
