1944 3323
181 250 317 280 SERMO
339 238 449 297 xxx]
662 251 841 284 TERTm
869 250 995 284 PARs.

239 359 384 397 Tercio
423 368 532 409 patet
571 360 679 408 quod
718 358 810 395 licet
845 360 950 394 Deus
990 357 1038 394 sit
1083 357 1326 394 inmediatus
1368 360 1502 406 quoad

182 418 400 455 essenciam
450 417 611 454 cuilibet
650 416 806 463 viatori,
850 425 985 453 tamen
1036 416 1091 452 sic
1144 415 1280 453 deside
1324 416 1503 453 videntes

181 489 251 525 per
297 475 574 513 refleccionem
627 475 759 523 gracie
811 475 1000 522 elongant
1051 487 1091 511 se
1136 487 1157 511 a
1203 477 1286 510 Deo
1338 483 1503 523 propter

181 534 458 583 duplicitatem
489 533 710 584 radiorum,
732 530 829 570 'cum
854 533 912 569 vir
936 533 1080 581 duplex
1111 532 1247 570 animo
1272 532 1503 570 inconstans

147 597 237 629 5est
271 593 310 629 in
343 592 532 629 omnibus
565 592 636 629 viis
669 591 762 628 suis.

238 651 315 688 Sed
349 659 493 699 quarto
533 663 623 686 cum
665 658 847 687 centrum
887 648 992 685 visus
1032 648 1099 697 qui
1140 649 1361 686 secundum
1396 648 1501 697 pira-

181 709 327 745 midem
363 710 478 745 debet
502 708 652 745 directe
685 708 725 744 in
748 710 875 745 Deum
910 708 1086 753 tendere,
1120 706 1227 743 videt
1249 707 1502 744 terminative

179 767 434 804 fantasticum
495 766 647 804 distans
705 767 754 802 ab
813 765 1072 813 angularibus
1124 765 1356 812 visualibus,
1421 778 1502 802 non

181 824 326 861 mirum
374 825 405 861 si
450 825 555 861 visus
594 825 643 861 sit
689 837 823 861 errore
868 823 1082 871 multiplici
1128 823 1342 860 involutus.
1389 825 1503 861 Unde

126 897 162 918 10
180 882 281 920 sicut
315 892 468 932 septem
503 892 594 919 sunt
628 883 790 931 specula
823 883 874 919 ad
897 894 974 931 que
1007 881 1050 917 fit
1075 881 1268 930 regularis
1302 882 1502 927 refleccio,

180 941 236 978 sic
268 943 489 978 secundum
523 950 677 990 septem
713 940 901 977 mortalia
934 948 1101 988 peccata
1126 939 1346 976 reflectitur
1369 940 1504 988 gracia

180 1008 346 1048 propter
366 999 607 1048 temporalia
632 999 808 1036 indebite
832 998 1030 1035 affectata.
1056 1000 1104 1034 Et
1120 997 1221 1034 sicut
1243 998 1505 1046 speculariter

178 1057 315 1094 videns
348 1058 454 1095 videt
489 1058 544 1094 sic
577 1059 707 1094 solum
742 1070 815 1106 pro
838 1066 1022 1104 tempore
1054 1056 1302 1093 obieccionis
1336 1056 1502 1105 speculi,

178 1115 234 1152 sic
274 1116 492 1153 obliviosus
532 1115 571 1152 in
616 1117 722 1152 bono
768 1127 889 1164 opere
934 1115 1064 1151 solum
1111 1123 1230 1162 prout
1276 1115 1417 1151 recolit
1457 1116 1504 1152 de

124 1178 160 1211 15
178 1174 328 1211 audito.
364 1176 412 1211 Et
435 1183 531 1211 nota
555 1175 662 1223 quod
686 1173 905 1222 specularis
928 1172 1028 1209 visio
1052 1175 1273 1209 secundum
1299 1173 1501 1210 racionem

179 1232 443 1281 multiplicem
503 1232 715 1281 conceptui
774 1231 950 1268 hominis
1004 1240 1278 1279 comparatur,
1331 1240 1373 1267 ut
1427 1231 1505 1268 alia

179 1290 341 1327 racione
388 1291 502 1339 ponit
534 1292 707 1328 Jacobus
755 1289 1060 1326 similitudinem
1107 1289 1211 1326 inter
1255 1289 1503 1326 accidiosum

180 1349 406 1386 auditorem
442 1348 537 1398 legis
570 1348 733 1385 Domini
767 1357 804 1385 et
836 1347 1100 1396 speculariter
1133 1360 1173 1384 se
1205 1348 1420 1385 videntem.
1456 1350 1504 1384 Et

180 1407 257 1444 alia
288 1407 450 1444 racione
473 1407 692 1456 Apostolus
723 1406 837 1444 dicit:
870 1406 1050 1443 Videmus
1080 1419 1177 1442 nunc
1200 1419 1275 1456 per
1305 1407 1501 1456 speculum

119 1466 214 1502 201'n
253 1466 468 1516 enignzate;
512 1465 727 1514 utrobique
766 1474 902 1502 tamen
942 1465 1115 1513 quedam
1158 1464 1353 1501 defectiva
1393 1464 1502 1501 racio

180 1533 237 1561 est
271 1523 511 1561 communis.

237 1582 340 1628 Quia
385 1591 519 1619 autem
563 1581 652 1618 vani
698 1581 873 1629 religiosi
918 1580 1045 1617 nostri
1095 1581 1343 1617 contendunt
1396 1580 1502 1618 circa

178 1640 414 1688 religionem
445 1653 559 1677 suam
588 1639 744 1677 noviter
773 1639 1031 1676 adinventam
1062 1640 1171 1687 quod
1201 1639 1250 1675 sit
1280 1638 1502 1687 perfeccior

177 1712 298 1748 quam
353 1698 579 1736 communis
632 1697 798 1747 antiqua
845 1696 985 1745 religio
1039 1696 1258 1734 christiana
1310 1709 1355 1733 ac
1404 1696 1502 1734 socii

121 1759 160 1792 25
179 1756 436 1794 considerant
481 1758 589 1805 quod
635 1756 710 1793 ista
756 1755 959 1792 sentencia
1005 1756 1176 1791 multum
1218 1756 1418 1804 dependet
1459 1767 1501 1792 ex

176 1814 306 1852 verbis
346 1814 629 1852 communibus
669 1814 785 1851 dictis
825 1815 872 1850 de
911 1815 1009 1862 lege,
1049 1813 1139 1850 ideo
1178 1814 1403 1850 notandum
1444 1822 1501 1850 est

178 1873 351 1911 breviter
396 1874 504 1923 quod
554 1874 613 1910 lex
657 1885 763 1909 nunc
809 1872 955 1909 dicitur
998 1871 1268 1920 nuncupative
1313 1880 1351 1908 et
1394 1884 1501 1909 nunc

176 1944 280 1969 vere.
316 1933 393 1969 Lex
426 1940 561 1969 autem
592 1944 683 1968 vere
713 1931 820 1968 dicta
854 1939 911 1967 est
935 1929 1174 1979 descriptive
1206 1930 1351 1968 veritas
1375 1929 1500 1967 direc-

177 1990 256 2027 tiva
290 1989 464 2027 hominis
498 1991 548 2027 ad
581 1989 873 2027 beatitudinem
907 1988 1198 2037 attingendum.
1234 1991 1283 2025 Et
1305 1988 1361 2026 sic
1394 2002 1500 2026 nunc

121 2052 161 2083 30
177 2048 349 2085 sumitur
372 2047 612 2086 abstractive
636 2061 708 2096 pro
739 2047 871 2096 prima
893 2047 1060 2084 veritate
1084 2056 1121 2084 et
1144 2060 1249 2084 nunc
1273 2046 1500 2084 concretive

176 2107 217 2143 in
255 2106 421 2155 proprio
460 2120 602 2155 genere
643 2115 685 2143 ut
718 2108 766 2143 ab
805 2106 893 2143 aliis
926 2105 1162 2142 veritatibus
1201 2114 1257 2142 est
1297 2105 1497 2142 distincta.

176 2166 224 2200 Et
257 2164 313 2202 ita
345 2166 518 2213 quedam
553 2174 610 2201 est
642 2166 701 2202 lex
734 2163 961 2213 evangelica
994 2165 1055 2201 vel
1087 2163 1221 2201 divina
1259 2173 1296 2201 et
1329 2163 1406 2201 alia
1439 2164 1499 2201 lex

177 2224 373 2269 humana3
398 2235 471 2260 nec
496 2222 795 2271 distinguuntur
818 2222 893 2260 ista
919 2235 961 2260 ex
984 2221 1188 2271 opposito,
1213 2236 1301 2260 cum
1327 2231 1498 2272 utraque

177 2280 389 2329 tripliciter
413 2290 450 2318 et
480 2281 671 2331 equivoce
694 2281 884 2318 variatur.
920 2283 997 2318 Lex
1029 2290 1164 2318 autem
1199 2280 1332 2318 divina
1365 2281 1497 2330 primo

120 2340 159 2374 35
178 2340 299 2375 modo
333 2338 478 2376 dicitur
510 2340 570 2376 lex
603 2339 675 2376 Dei
708 2352 784 2389 que
814 2339 854 2376 in
886 2339 1085 2388 scriptura
1124 2352 1238 2376 sacra
1272 2341 1497 2388 quomodo-

176 2397 273 2434 libet
312 2396 564 2446 implicatur;
604 2407 641 2435 et
679 2398 735 2435 sic
768 2397 899 2434 omnis
931 2410 1024 2435 vera
1057 2398 1117 2434 lex
1150 2407 1207 2435 est
1239 2398 1298 2434 lex
1331 2398 1403 2435 Dei
1436 2399 1496 2435 vel

176 2456 235 2492 lex
280 2455 492 2504 evangelii3
538 2457 598 2493 lex
641 2465 775 2493 autem
814 2457 912 2493 falsa
957 2469 1078 2505 quam
1125 2456 1279 2504 fingunt
1316 2456 1497 2505 ypocrite

175 2514 305 2550 solum
338 2513 607 2563 nuncupative
638 2523 805 2552 vocatur
837 2515 895 2551 lex
928 2514 1012 2551 Dei.
1047 2516 1095 2551 Et
1128 2515 1204 2551 hoc
1237 2523 1293 2551 est
1326 2514 1493 2552 tercium

81 2545 161 2624 5521ss
176 2572 332 2621 signum
362 2567 367 2625 Ι
395 2572 436 2608 in
469 2585 547 2621 quo
582 2572 687 2621 magi
721 2572 942 2610 Pharaonis
976 2573 1215 2610 defecerant.

245 2763 272 2791 8.
294 2763 390 2792 Coei-2
413 2763 543 2790 anxibus
563 2763 641 2798 (sic).
716 2762 762 2798 39.
784 2763 878 2791 Cod.:
901 2764 1074 2791 deficerant.

251 2891 301 2925 19.
327 2881 350 2914 Ι.
378 2881 457 2913 Cor.
485 2880 575 2921 XIII,
600 2890 648 2913 12.

1711 246 1788 292 245

1535 366 1560 394 3.
1582 366 1781 395 Remoteuess

1517 402 1551 428 of
1568 403 1648 429 what
1666 402 1690 430 is
1706 412 1793 435 seen:

1542 445 1585 463 we
1608 438 1681 472 keep
1703 439 1768 465 asar

1565 472 1644 499 from
1668 472 1747 500 God.

1535 666 1563 691 4.
1585 657 1653 685 The
1674 663 1776 686 eentre

1569 693 1603 719 os
1621 692 1701 727 sight
1723 702 1747 720 is

1586 729 1702 762 wrong!
1720 737 1725 740 ’

1582 762 1695 790 directe
1722 785 1727 789 .

1558 1587 1702 1622 meaning
1722 1591 1751 1616 ol

1598 1622 1710 1650 “lau-⁸⁸.

1528 2229 1576 2256 All
1599 2234 1664 2256 true
1686 2230 1741 2256 law
1763 2231 1787 2258 is

1600 2263 1711 2292 divine.
