1944 3323
178 242 255 279 272
741 240 963 272 JOHANle
984 241 1165 273 wvcmr
1183 242 1437 274 SERMONUM
1470 229 1620 287 [SERMO
1636 240 1771 268 XXXIII·

202 353 268 380 The
290 353 428 391 Charch-
522 347 568 381 Et
593 345 698 381 istud
727 346 934 393 solempne
958 346 1157 383 canticum
1183 349 1370 385 cantabat
1394 348 1560 386 ecclesia
1583 348 1771 386 trecentis

174 388 447 450 ι’ἷὶζᾷξξδᾟῗζοᾞὲὲι,
464 403 577 439 annis
629 412 720 440 ante
773 403 1041 450 dotacionem,
1095 406 1163 440 sed
1216 415 1306 453 post
1349 406 1447 442 luxit
1497 406 1771 455 multipliciter

462 462 713 508 perturbata:
748 469 785 497 et
817 470 907 509 post
940 460 1014 498 ista
1047 462 1239 506 animalia
1271 463 1454 511 procedit
1486 464 1769 513 episcoporum

462 518 653 555 exercitus
686 527 868 566 tempore
901 519 1179 567 prosperitatis
1213 521 1378 558 ecclesie
1411 523 1459 558 ab
1494 522 1570 558 illis
1600 531 1771 571 quatuor

461 576 712 621 informatus,
747 577 920 613 adorans
954 579 1080 613 Deum
1116 586 1295 615 eternum
1336 588 1372 615 et
1404 579 1642 617 Trinitatem
1678 582 1802 617 con-5

462 634 642 670 formiter
675 633 759 670 istis
792 643 966 683 quatuor
989 634 1230 672 animalibus
1262 637 1517 685 supradictis
1553 639 1640 688 Ipsa
1673 639 1769 675 enim

461 693 649 728 dederunt
704 692 875 742 gloriam
935 694 984 729 ad
1045 695 1450 742 correspondenciam
1505 695 1577 732 Dei
1627 696 1769 742 Patris,

460 750 642 786 honorem
676 751 726 785 ad
759 750 1163 798 correspondenciam
1199 760 1310 789 actus
1345 753 1503 790 mirifici
1527 753 1647 790 Verbi
1684 754 1768 799 Dei,

461 816 496 843 et
535 807 836 844 benediccionem
877 809 926 844 ad
966 810 1371 857 correspondenciam
1412 811 1584 859 Spiritus
1617 811 1767 858 Sancti,

459 865 595 901 omnia
619 877 742 913 opera
765 879 835 902 sua
859 865 898 901 in
922 867 1190 915 perpetuitate
1224 867 1404 904 benivole
1437 869 1767 906 consummantis.
1790 882 1827 903 10

171 932 249 959 Now
270 940 327 959 0111·
346 932 445 959 (Μαι-ε
518 924 595 959 Sed
638 923 744 959 istud
789 923 990 960 canticum
1036 924 1222 972 ignorant
1266 926 1393 962 nostri
1438 926 1628 974 seniores,
1677 940 1765 964 cum

195 967 417 1035 dshlimgsspgou-
460 980 537 1016 sint
584 989 762 1018 monstra
807 983 1068 1019 subterranea
1116 991 1158 1019 ut
1203 984 1386 1030 bufones3
1434 984 1473 1021 in
1513 985 1589 1021 fide
1634 994 1769 1022 tamen

357 1030 360 1035 ⁴
459 1038 719 1075 confessionis
757 1039 966 1076 Trinitatis
1018 1053 1107 1076 cum
1159 1041 1239 1077 suis
1289 1042 1538 1090 appendiciis
1590 1043 1770 1079 consistit

458 1105 566 1133 totus
589 1097 791 1145 profectus
815 1098 980 1134 ecclesie
1005 1097 1213 1135 militantis
1242 1099 1360 1146 (sicut
1382 1109 1491 1148 patet
1514 1100 1553 1137 in
1576 1102 1769 1148 parabola

459 1154 677 1191 Salvatoris
702 1157 806 1191 Luce
829 1156 928 1200 XIO).
964 1158 1052 1204 Ipsa
1082 1156 1187 1192 enim
1213 1157 1378 1194 ecclesia
1401 1159 1543 1195 habens
1565 1158 1767 1195 Christum
1789 1161 1824 1193 15

457 1213 621 1248 amicum
646 1221 763 1263 rogat
787 1226 875 1249 eum
901 1213 1082 1249 obnixius
1101 1222 1141 1250 nt
1163 1222 1242 1252 tres
1258 1228 1380 1265 panes
1401 1216 1474 1252 sihi
1493 1218 1768 1263 accommodet,

459 1271 535 1306 hoc
575 1279 644 1316 est,
681 1280 759 1306 tres
792 1270 983 1308 articulos
1023 1271 1114 1308 fidei
1149 1273 1196 1309 de
1228 1272 1378 1310 noticia
1409 1273 1632 1311 Trinitatis.
1680 1277 1767 1323 Ipsa

201 1336 267 1363 The
288 1336 411 1377 chmel)
458 1337 592 1364 autem
624 1328 790 1365 ecclesia
819 1329 939 1365 instat
969 1342 1041 1377 pro
1072 1329 1156 1366 istis
1186 1330 1367 1378 panibus,
1396 1333 1559 1380 quando
1589 1333 1624 1368 in
1648 1333 1768 1369 noctis

170 1372 444 1440 pffssffssxf'ssflsssffiflff‘
459 1387 584 1422 medio
617 1386 879 1434 spiritualiter
902 1386 1114 1423 tribuatur.
1160 1390 1208 1424 Et
1249 1388 1382 1425 anima
1415 1402 1491 1437 que
1524 1398 1581 1426 est
1614 1390 1766 1427 amicus

204 1441 252 1467 1¹¹⁶
273 1440 406 1476 Trinity.
460 1443 624 1480 ecclesie
684 1453 942 1492 extravagans
1004 1445 1043 1481 in
1101 1446 1392 1494 temporalibus
1444 1456 1651 1496 tamquam
1704 1448 1766 1485 via
1782 1461 1825 1483 20

459 1501 668 1538 revertitur
721 1503 771 1538 ad
822 1515 890 1538 cor
932 1503 1068 1539 volens
1118 1504 1271 1540 salvare
1320 1513 1534 1554 utramque
1579 1514 1763 1543 naturam

459 1559 637 1596 ecclesie.
672 1560 748 1596 Sed
773 1559 1049 1597 deficientibus
1082 1560 1166 1598 istis
1199 1561 1377 1598 articulis
1408 1563 1500 1599 fidei
1532 1576 1614 1600 non
1647 1564 1765 1601 habet

459 1619 506 1653 de
545 1617 633 1654 cibo
673 1617 872 1666 spirituali
912 1618 1008 1667 quid
1053 1628 1219 1667 poneret
1257 1628 1348 1657 ante
1393 1620 1538 1669 ipsum.
1584 1621 1765 1658 Christus

458 1683 592 1711 autem
626 1688 715 1712 cum
749 1676 829 1712 suis
868 1676 1003 1712 electis
1042 1690 1214 1725 pausans
1248 1677 1287 1714 in
1320 1679 1567 1716 beatitudine
1600 1680 1765 1716 ecclesie

457 1732 743 1781 triumphantis
793 1742 958 1782 propter
1009 1734 1183 1782 priorem
1238 1737 1437 1773 maculam
1487 1736 1762 1775 continuatam
1782 1740 1821 1772 25

458 1790 610 1838 ingrate
655 1791 785 1827 reddit
831 1804 872 1828 se
919 1793 1051 1840 quoad
1102 1793 1341 1841 peticionem
1395 1794 1512 1831 istam
1559 1794 1762 1832 difficilem

457 1857 577 1896 atque
592 1850 765 1885 tardum.
791 1850 867 1886 Sed
891 1862 1063 1897 persona
1088 1850 1294 1887 militantis
1317 1852 1482 1888 ecclesie
1503 1852 1544 1888 in
1566 1852 1766 1901 peticione

457 1905 531 1942 ista
554 1907 808 1943 constancius
832 1920 1088 1955 perseverans
1111 1908 1300 1957 impetrat
1315 1908 1482 1946 istorum
1502 1910 1762 1947 articulorum

457 1964 647 2000 noticiam
698 1973 734 2000 et
772 1977 843 2012 per
890 1978 1138 2014 consequens
1185 1966 1225 2002 in
1269 1966 1365 2015 ipsis
1405 1980 1526 2015 panes
1566 1977 1764 2017 quotquot

458 2023 574 2057 habet
597 2022 859 2069 necessarios,
892 2032 935 2059 ut
957 2023 1102 2060 viando
1127 2023 1387 2072 spiritualiter
1410 2025 1458 2061 sit
1481 2025 1625 2062 cibata.
1660 2029 1760 2063 Nam
1780 2029 1821 2061 30

458 2079 547 2115 talis
599 2080 855 2117 continuacio
907 2082 1151 2129 pulsacionis
1195 2082 1397 2118 Christum
1451 2083 1663 2120 necessitat
1713 2086 1762 2120 ad

457 2136 672 2173 iuvandum
691 2138 948 2175 dominaliter
965 2168 972 2175 .
990 2168 996 2175 .
1017 2169 1024 2176 .
1050 2152 1093 2176 ex
1116 2139 1301 2188 passione
1325 2149 1361 2177 et
1383 2141 1467 2188 lege
1484 2141 1647 2190 propria
1662 2142 1762 2178 foret

457 2194 665 2243 improbus
704 2197 810 2244 apud
844 2198 984 2233 Deum.
1032 2199 1166 2234 Potest
1199 2207 1331 2234 autem
1365 2207 1449 2235 tota
1487 2198 1559 2235 ista
1596 2199 1762 2236 materia

456 2252 581 2288 eciam
615 2253 791 2290 Trinitas
848 2263 990 2291 nature
1039 2255 1169 2292 divine
1216 2255 1431 2304 capacibus
1479 2257 1760 2294 demonstrari.

457 2310 553 2355 Quis
607 2310 801 2359 (inquam)
855 2311 1011 2348 dubitat
1055 2313 1150 2361 quin
1203 2326 1246 2349 ex
1296 2327 1393 2361 pura
1439 2314 1696 2363 philosophia
1740 2317 1818 2352 a35

456 2367 667 2415 posteriori
714 2369 980 2406 demonstrari
1026 2370 1172 2418 poterit
1225 2383 1308 2407 esse
1360 2384 1480 2408 unam
1533 2372 1759 2421 potenciam

455 2425 711 2462 esscncialem
746 2428 806 2463 vel
838 2436 1023 2464 naturam
1059 2441 1178 2476 quam
1212 2430 1339 2465 Deum
1374 2429 1567 2466 dicimus?
1600 2439 1637 2467 et
1671 2442 1760 2466 cum

455 2483 521 2519 illa
553 2483 602 2519 sit
635 2484 789 2531 optima
823 2493 859 2521 et
898 2485 1200 2533 perfectissima,
1241 2486 1472 2534 planissime
1511 2500 1557 2524 ac
1589 2488 1760 2524 delecta-

455 2540 645 2577 bilissime
678 2541 770 2589 legit
802 2541 908 2578 intus
940 2555 980 2578 se
1013 2543 1139 2590 ipsam
1175 2556 1264 2580 cum
1299 2544 1485 2581 omnibus
1523 2545 1602 2581 suis
1635 2545 1760 2593 passi-

453 2598 609 2644 onibus,
640 2608 677 2635 et
705 2612 775 2647 per
805 2612 1066 2649 consequens,
1099 2613 1188 2637 cum
1218 2601 1394 2650 quelibet
1424 2602 1664 2650 assignando
1687 2615 1759 2640 nec
1772 2617 1817 2648 40

522 2741 548 2767 7.
570 2733 664 2760 Cod.:
686 2733 722 2760 de
743 2735 848 2768 patris.
905 2742 951 2768 24.
975 2734 1069 2762 Cod.:
1092 2736 1230 2770 paulans.
1286 2734 1328 2763 32.
1351 2736 1558 2764 dominanter.
1579 2736 1637 2763 Hic
1656 2737 1758 2772 aliqua

453 2768 572 2794 desunt.
645 2767 686 2795 33⁴
710 2768 804 2795 Cod.:
826 2773 906 2803 patet
926 2774 1036 2796 autem.

523 2850 542 2883 Ο
569 2858 601 2883 et
628 2861 726 2894 seqq.
754 2851 860 2894 Apoc.
891 2852 946 2891 lV,
974 2852 1004 2893 8,
1032 2864 1063 2896 9.
1167 2853 1214 2886 15.
1244 2854 1358 2886 Lucae
1382 2854 1438 2895 xl,
1467 2853 1497 2886 5.
