1944 3323
190 262 326 295 samio
347 250 414 312 111.]
671 256 848 291 TERTIA
877 256 1005 293 PARS.

188 389 260 413 suo
293 375 455 422 iudicio,
490 388 578 412 cum
614 375 704 412 licet
739 389 811 412 non
844 376 916 412 sibi
945 376 1020 425 ipsi
1049 375 1235 423 conscius,
1274 383 1399 412 tamen
1433 388 1504 412 non

188 435 223 470 in
257 441 437 483 quantum
471 434 524 470 sic
556 434 699 470 iudicat
731 434 963 484 iustificatur
994 447 1015 469 a
1040 435 1138 479 Deo,
1172 447 1262 470 cum
1297 446 1433 470 errans
1468 436 1507 469 in

188 492 441 528 consciencia
480 500 614 540 posset
648 491 791 540 decipi.
837 493 1015 529 Vocatur
1054 501 1188 528 autem
1228 493 1278 528 ab
1311 492 1506 540 Apostolo

187 550 270 586 dies
303 550 343 586 in
372 563 451 599 quo
484 559 681 587 tractatur
705 550 925 586 humanum
959 550 1169 598 negocium
1204 550 1287 586 dies
1321 549 1506 589 hominis,

154 611 223 645 Set
263 609 484 645 concordat
522 608 694 656 vulgaris
734 607 906 645 locucio.
954 609 1031 645 Sed
1065 607 1147 645 dies
1188 608 1319 645 finalis
1356 607 1507 653 iudicii,

186 666 226 703 in
279 679 359 715 quo
410 665 650 703 tractabitur
699 666 877 703 totaliter
928 667 978 703 ad
1032 667 1228 703 honorem
1274 665 1346 703 Dei
1390 679 1506 702 suum

186 724 397 773 negocium
431 734 598 761 vocatur
630 725 680 761 ab
712 725 909 773 Apostolo
942 725 1180 773 regulariter
1213 724 1296 761 dies
1330 724 1505 761 Domini.

187 783 493 831 Dispensatores
531 792 666 820 autem
706 796 787 819 non
827 784 973 819 debent
1005 782 1185 831 aspirare
1225 784 1276 820 ad
1310 783 1505 819 honorem

187 840 397 889 proprium
443 854 517 890 pro
562 841 676 878 bonis
716 840 879 878 Domini
919 853 995 890 que
1035 840 1268 889 dispensant
1305 842 1374 878 sed
1415 854 1507 889 pro-

134 913 170 935 10
188 898 290 935 fiteri
323 899 483 947 publice
516 900 624 948 quod
657 908 765 936 totus
798 900 928 935 honor
961 900 1079 936 debet
1112 899 1198 936 dari
1234 899 1409 935 Domino
1444 899 1506 935 cui

188 957 417 994 ministrant
457 966 493 994 et
532 957 743 1006 supposito
776 958 884 1006 quod
918 957 996 994 sint
1026 957 1162 994 fideles
1196 957 1235 994 in
1268 970 1340 994 suo
1373 957 1508 994 officio

186 1025 277 1052 sunt
317 1017 502 1052 mercede
542 1015 708 1065 propria
754 1015 927 1052 finaliter
971 1015 1214 1064 premiandi.
1266 1018 1314 1052 Et
1352 1015 1506 1052 utinam

184 1086 257 1110 nos
307 1075 537 1111 sacerdotes
588 1073 736 1111 Christi
792 1082 1027 1111 notaremus
1084 1074 1203 1111 istam
1261 1073 1507 1111 sentenciam

184 1133 319 1181 quoad
343 1132 566 1178 Christum3
591 1141 686 1169 tunc
709 1132 815 1169 enim
839 1141 1024 1181 patenter
1047 1132 1305 1169 allideremus
1327 1141 1507 1169 nostram

133 1195 169 1228 15
185 1190 416 1239 superbiam
451 1200 488 1228 et
521 1191 789 1228 effoderemus
823 1190 984 1228 Christo
1018 1191 1128 1228 unite
1160 1190 1346 1239 gloriam.

242 1250 297 1285 Ex
340 1248 426 1285 istis
475 1249 679 1286 concludit
717 1250 938 1298 Apostolus
990 1249 1206 1286 correlarie
1251 1250 1358 1298 quod
1410 1248 1508 1285 nulli

184 1307 336 1344 viantes
375 1308 520 1344 debent
558 1316 651 1344 ante
691 1308 810 1345 finale
848 1307 1042 1344 iudicium
1083 1309 1131 1344 de
1172 1307 1319 1344 talibus
1357 1316 1508 1344 temere

185 1365 375 1402 iudicare.
423 1365 617 1412 Quamvis
657 1365 763 1403 enim
803 1365 997 1403 iudicium
1039 1365 1351 1403 existimacionis
1391 1367 1509 1402 debet

186 1423 313 1460 inesse
351 1424 540 1461 subiectis
585 1425 633 1461 de
678 1424 899 1461 idoneitate
939 1423 1218 1460 ministrorum
1259 1424 1424 1461 ecclesie
1466 1436 1508 1460 ex

129 1495 171 1517 20
186 1481 266 1518 suis
307 1482 496 1531 operibus
535 1491 655 1531 atque
693 1482 786 1529 vita,
828 1492 964 1519 tamen
1005 1491 1167 1531 oportet
1199 1482 1383 1519 subditos
1415 1495 1507 1530 pru-

186 1541 325 1576 denter
364 1540 470 1576 istud
509 1540 703 1577 iudicium
746 1542 958 1578 moderare
999 1550 1035 1577 et
1074 1540 1242 1578 omnino
1282 1541 1391 1589 quod
1423 1553 1503 1577 non

187 1598 388 1635 diffiniant
426 1599 498 1635 Dei
548 1599 761 1635 consilium
801 1600 910 1648 quod
950 1599 1149 1647 ignorant.
1196 1600 1289 1636 Ideo
1328 1599 1509 1647 sequitur

186 1656 225 1692 in
258 1666 384 1693 textu:
425 1658 558 1706 Itaque
595 1657 710 1694 nolite
747 1665 835 1694 ante
878 1665 1028 1707 tempus
1059 1657 1233 1694 iudicare
1264 1658 1511 1706 quoadusque

186 1715 311 1751 veniat
333 1715 538 1763 Dominus,
571 1716 636 1764 qui
666 1723 702 1752 et
736 1716 967 1751 illuminabit
999 1716 1224 1752 abscondita
1257 1716 1507 1752 tenebrarum

130 1775 168 1807 25
184 1781 220 1809 et
247 1773 508 1822 manifestabit
539 1773 697 1810 consilia
730 1774 921 1820 cordium,
953 1781 988 1809 et
1019 1781 1109 1810 tunc
1141 1774 1215 1810 erit
1247 1774 1332 1810 laus
1364 1773 1508 1809 unicui-

185 1843 255 1880 que
291 1844 313 1867 a
346 1832 442 1868 Deo.
480 1831 681 1868 Judicium
727 1841 860 1868 autem
900 1831 1161 1868 temerarium
1195 1840 1252 1868 est
1285 1831 1369 1868 sine
1402 1843 1509 1868 reve-

185 1889 340 1926 lacione
373 1889 547 1926 diffinire
579 1891 687 1939 quod
720 1889 810 1927 talis
839 1889 1141 1938 dampnabitur,
1166 1891 1274 1939 quod
1307 1899 1402 1926 tunc
1436 1889 1508 1926 erit

186 1947 269 1984 dies
319 1947 470 1994 iudicii,
523 1957 560 1985 et
613 1947 669 1985 sic
716 1950 764 1985 de
815 1948 903 1985 aliis
954 1960 1030 1997 que
1083 1957 1174 1985 sunt
1226 1949 1333 1997 apud
1378 1950 1506 1985 Deum

186 2005 443 2051 abscondita3
479 2007 547 2043 sed
580 2006 774 2043 iudicium
808 2006 1025 2043 discretum
1061 2015 1119 2043 est
1151 2006 1219 2043 illa
1252 2019 1329 2055 que
1362 2005 1508 2042 diffinit

131 2067 170 2098 30
186 2064 386 2113 scriptura
426 2073 658 2101 constanter
703 2074 746 2101 ut
791 2065 910 2101 fidem
957 2077 1147 2111 asserere,
1195 2074 1232 2101 et
1276 2064 1506 2113 patentibus

186 2122 375 2171 operibus
425 2122 485 2159 sui
534 2123 595 2159 vel
645 2122 816 2171 proximi
862 2132 1003 2160 contra
1055 2124 1293 2160 mandatum
1344 2122 1505 2159 Domini

186 2182 295 2229 quod
334 2180 409 2217 nisi
450 2180 664 2229 resipuerit
703 2190 740 2218 et
778 2180 999 2218 satisfaciat
1037 2181 1077 2218 in
1108 2181 1171 2218 via
1205 2181 1506 2229 dampnabitur.

97 2265 157 2296 Fol
187 2241 229 2275 In
268 2239 378 2276 finali
426 2247 559 2276 autern
605 2239 756 2276 iudicio
794 2239 948 2288 patebit
981 2239 1053 2276 Dei
1096 2239 1289 2276 iudicium
1337 2241 1385 2276 de
1423 2239 1507 2275 istis

91 2315 172 2352 240⁸*
188 2298 310 2333 modo
339 2296 344 2350 Ι
372 2297 489 2334 nobis
528 2297 796 2344 absconditis;
830 2297 921 2334 ideo
954 2298 1057 2334 foret
1090 2297 1350 2334 temerarium
1387 2306 1506 2345 atque

131 2357 169 2389 35
187 2355 437 2403 superfluum
471 2368 544 2391 nos
577 2368 683 2392 nunc
717 2357 765 2392 de
796 2355 943 2392 talibus
975 2355 1170 2394 iudicare.

245 2414 350 2449 Tota
389 2422 522 2450 autem
568 2422 707 2450 nostra
739 2413 916 2451 intencio
958 2413 1038 2450 sive
1077 2413 1274 2450 discrecio
1314 2421 1372 2449 est
1411 2412 1506 2449 satis

187 2470 347 2508 modica
386 2472 434 2508 de
472 2471 588 2508 nobis
627 2471 918 2520 pertinentibus
958 2481 995 2508 et
1034 2471 1271 2509 necessariis
1315 2470 1506 2518 cogitare.

187 2528 227 2565 Si
262 2538 396 2566 autem
430 2530 594 2577 langues
627 2529 735 2566 circa
768 2529 961 2566 noticiam
995 2542 1134 2566 eorum
1160 2542 1236 2579 que
1269 2537 1360 2566 sunt
1384 2530 1506 2565 modo

186 2587 257 2622 tibi
291 2587 540 2634 abscondita,
575 2587 769 2624 instanter
801 2600 970 2636 operare
1004 2588 1233 2625 intencione
1266 2596 1375 2623 recta
1398 2587 1505 2635 quod

257 2729 299 2756 τι).
321 2721 417 2749 Cod.:
439 2722 613 2749 idonietatc.
687 2721 730 2750 32.
753 2723 850 2750 Cod.:
873 2731 904 2750 re
926 2722 1041 2758 pueri[;
1062 2723 1121 2749 due
1142 2723 1198 2749 litt.
1220 2721 1342 2748 cxtinct.

262 2816 288 2836 1.
316 2806 482 2846 Vulgate:
521 2806 619 2838 Nihil
651 2807 744 2838 enim
779 2807 864 2839 mihi
895 2806 1057 2838 conscius
1083 2816 1172 2845 sum,
1200 2805 1260 2837 sed
1287 2815 1354 2836 non
1383 2804 1415 2835 in
1443 2804 1506 2835 hoc

189 2852 400 2894 iustificatus
418 2862 516 2894 sum;
541 2853 599 2895 qui
616 2857 735 2885 autem
756 2853 891 2885 iudicat
911 2863 976 2891 me,
998 2852 1171 2884 Dominus
1191 2856 1252 2884 est.
1344 2851 1394 2882 23.
1425 2850 1431 2880 1
1462 2851 1502 2880 ad

190 2899 270 2929 Cor.
299 2898 357 2937 IV,
385 2899 414 2930 5.

1318 2953 1364 2985 23?

1753 272 1796 307 ¹9

1541 905 1588 931 ΑΙΙ
1611 904 1733 931 honour
1752 904 1778 931 is

1555 939 1613 966 due
1634 944 1664 965 to
1687 940 1767 966 (iod.

1542 1253 1600 1282 We
1621 1258 1704 1281 must
1725 1258 1777 1281 not

1548 1289 1636 1325 judge
1657 1289 1772 1325 rashly.

1532 2018 1588 2037 nor
1608 2018 1646 2044 go
1669 2010 1787 2045 beyond

1528 2046 1609 2072 what
1629 2046 1788 2081 Scriptum·

1599 2081 1724 2108 detines.
