1944 3323
171 246 252 280 474
752 243 974 275 JOHANNIS
995 244 1174 275 WYCLIF
1194 245 1448 277 SERMONUM
1527 232 1679 290 [SERMO
1701 243 1763 270 LV-

459 349 739 386 <lamentaliter
771 348 879 384 illam
914 349 1098 385 virtutem
1134 350 1315 397 induere,
1351 360 1386 386 et
1420 364 1509 387 cum
1544 351 1608 388 illa
1643 352 1764 389 virtus

458 406 506 441 sit
538 416 743 443 armatura
777 406 952 443 invasiva
985 406 1216 444 acutissima
1250 417 1285 444 et
1319 417 1524 446 armatura
1563 410 1763 447 defensiva

458 465 668 510 tutissima,
709 473 818 512 patet
860 466 967 512 quod
999 464 1073 501 sibi
1107 474 1163 501 est
1196 474 1279 502 tota
1312 466 1480 503 victoria
1513 467 1761 504 ascribenda.

457 523 555 559 Cum
603 531 734 558 autem
780 521 945 558 virtutes
990 523 1161 559 morales
1206 536 1282 572 quc
1326 534 1415 560 sunt
1460 525 1670 573 qualitates
1715 527 1762 562 de

456 580 585 627 prima
618 579 749 628 specie
781 579 857 615 sint
882 580 991 616 modi
1015 580 1158 629 quibus
1182 590 1386 619 armatura
1410 582 1475 631 qui
1501 591 1557 619 est
1581 582 1794 619 Christus5

457 637 609 673 homini
650 637 849 685 alligatur,
895 647 1004 686 patet
1043 640 1150 686 quod
1189 648 1349 687 oportet
1393 640 1498 688 ipsas
1542 642 1760 677 attendere.

456 697 547 731 Ideo
582 704 746 743 propter
779 695 978 743 duplicem
1014 696 1218 732 racionem
1254 705 1290 733 et
1324 698 1523 745 duplicem
1564 698 1760 735 induicio-

454 765 543 789 nem
578 755 742 790 mandat
774 755 990 801 Apostolus
1023 756 1131 802 quod
1164 755 1346 792 homines
1380 757 1598 792 secundum
1633 756 1761 804 dupli-

456 824 540 847 cem
601 820 787 848 naturam
847 811 1014 848 induant
1078 813 1179 848 hanc
1238 813 1437 861 duplicem
1499 822 1759 850 armaturam.

183 874 343 915 qurusi
366 879 417 909 put
454 870 579 905 Debet
612 869 715 906 enim
751 870 873 906 homo
896 879 977 906 tam
1003 882 1172 918 corpore
1196 883 1315 918 quam
1340 871 1473 907 anima
1497 880 1534 908 et
1558 871 1758 908 Christum
1781 885 1818 905 ιο

165 909 424 970 ΟῃῡὲἒῇἸζῗζῗὲὼ
453 936 489 963 et
523 926 605 963 eius
639 929 802 964 modum
838 927 1016 964 induere.
1062 927 1169 964 Finis
1207 937 1341 965 autem
1383 928 1517 977 gracia
1551 930 1661 965 cuius
1695 931 1759 966 de-

207 976 388 1015 spi¹l¹i¹¹³¹¹¹>²
454 986 592 1021 bemus
644 985 700 1021 sic
752 985 917 1021 virtutes
970 985 1135 1022 induere
1187 987 1288 1022 foret
1331 987 1500 1023 victoria
1543 988 1758 1036 superandi

454 1042 674 1079 diabolum.
708 1045 789 1079 Nec
824 1052 882 1079 est
915 1045 990 1080 hoc
1024 1043 1242 1090 modicum,
1277 1044 1370 1093 quia
1403 1044 1486 1093 ipse
1520 1054 1577 1081 est
1609 1045 1648 1081 in
1681 1045 1759 1094 spi-

453 1100 650 1137 ritualiter
689 1103 906 1149 pugnando
946 1110 1085 1138 contra
1122 1102 1287 1138 virtutes
1327 1112 1511 1139 creatura
1550 1103 1760 1151 potissima

453 1168 488 1195 et
523 1159 605 1195 eius
638 1158 849 1195 victoriam
883 1159 1141 1208 consequitur
1175 1172 1324 1197 merces
1357 1160 1594 1208 largissima.
1629 1163 1759 1197 Habet
1781 1164 1815 1195 15

452 1226 584 1253 autem
609 1216 939 1253 consuetudinem
964 1217 1096 1265 primo
1120 1219 1274 1254 hostem
1306 1231 1376 1266 per
1409 1231 1526 1267 quem
1560 1218 1760 1255 invaditur

451 1274 711 1322 spiritualiter
748 1275 1049 1322 prosternendi,
1091 1276 1180 1312 ideo
1221 1276 1355 1312 statim
1391 1278 1609 1313 secundum
1644 1277 1758 1313 recti-

451 1332 629 1369 tudinem
672 1332 837 1369 affectus
875 1332 1145 1381 spiritualium
1180 1342 1217 1370 et
1249 1334 1533 1382 temporalium
1569 1334 1635 1382 qui
1669 1344 1759 1371 sunt

451 1403 519 1438 pes
558 1392 692 1427 dexter
732 1399 768 1427 et
807 1390 965 1427 sinister
1004 1390 1135 1439 primo
1174 1391 1353 1428 omnium
1389 1401 1445 1428 est
1479 1393 1757 1438 attendendus,

451 1457 487 1484 et
521 1448 636 1484 huius
670 1448 781 1496 pedis
815 1448 1027 1485 infirmitas
1067 1457 1124 1485 est
1162 1451 1353 1486 sananda.
1400 1451 1491 1486 Ideo
1525 1450 1620 1487 dicit
1652 1452 1757 1499 Apo·
1775 1463 1816 1484 20

450 1507 593 1542 stolus:
629 1514 669 1542 ut
694 1507 852 1555 possitis
883 1514 990 1542 Stare
1022 1507 1210 1543 adversus
1243 1508 1401 1543 insidias
1434 1508 1587 1546 diaboli.

168 1569 234 1596 The
255 1569 425 1610 ammittis
508 1566 575 1600 Est
609 1573 742 1600 autem
778 1565 850 1601 hec
883 1573 1089 1601 armatura
1122 1565 1312 1601 virtutum
1344 1565 1570 1602 necessaria
1592 1574 1758 1614 propter

172 1605 360 1668 ἶῖζῖᾒῗχάἶζζῇ
377 1609 421 1668 Ῑίἲῐζ
450 1623 700 1658 honestatem
725 1622 979 1670 splendencie
998 1622 1191 1659 virtutum
1215 1622 1254 1659 in
1279 1624 1509 1671 spectaculo
1533 1632 1569 1659 et
1593 1633 1756 1672 propter

232 1673 361 1703 ,servit-0.
448 1679 728 1716 necessitatem
761 1679 923 1717 iuvandi
956 1680 996 1716 in
1029 1680 1168 1728 prelio,
1211 1690 1247 1717 et
1287 1682 1362 1717 hoc
1400 1681 1627 1729 specialiter
1666 1695 1754 1718 cum

448 1737 631 1774 diabolus
664 1737 713 1773 sit
745 1747 900 1786 potens,
935 1738 1159 1784 malivolus,
1195 1738 1361 1775 callidus
1396 1748 1432 1775 et
1465 1747 1630 1776 astutus.
1665 1741 1756 1775 Ideo
1775 1742 1812 1773 25

447 1795 543 1832 dicit
581 1796 799 1844 Apostolus
844 1797 945 1845 quod
988 1809 1059 1832 non
1103 1797 1225 1832 solum
1272 1804 1327 1833 est
1365 1797 1469 1832 nohis
1506 1797 1756 1834 collztctztacio

446 1854 635 1890 adversus
673 1866 827 1890 carnem
872 1862 907 1889 et
949 1854 1190 1904 sanguinem,
1236 1855 1304 1890 sed
1340 1855 1528 1891 adversus
1562 1855 1758 1904 principes

447 1919 481 1947 et
509 1918 732 1960 potestates,
766 1912 953 1948 adversus
986 1913 1120 1948 mundi
1142 1920 1312 1948 rectores
1335 1913 1579 1948 tenebrarum
1604 1913 1756 1957 harum,

446 1977 579 2004 contra
612 1969 830 2018 spiritualia
863 1970 1041 2018 nequicie,
1074 1970 1109 2005 in
1143 1970 1351 2006 celestibus.
1399 1970 1589 2015 Quamvis
1623 1979 1753 2007 autem

447 2028 638 2063 debemus
662 2039 841 2074 pugnare
865 2027 1127 2075 spiritualiter
1152 2036 1290 2064 contra
1315 2040 1475 2064 carnem
1493 2037 1529 2064 et
1547 2030 1753 2073 mundum,
1775 2029 1814 2059 30

445 2093 581 2120 tamen
614 2084 681 2120 illa
714 2097 847 2132 pugna
881 2094 938 2121 est
970 2084 1065 2121 levis
1094 2085 1133 2120 in
1158 2085 1468 2133 comparacione
1491 2087 1541 2122 ad
1564 2086 1752 2122 insultum

446 2141 615 2188 diaboli3
670 2142 884 2190 utrobique
929 2151 1065 2178 tamen
1110 2142 1217 2191 capit
1263 2143 1446 2179 diabolus
1492 2144 1673 2180 membra
1719 2153 1755 2180 et

153 2210 219 2237 The
240 2211 318 2238 devii
340 2212 428 2246 rights
445 2208 578 2247 partes
613 2199 822 2236 hominum
856 2201 904 2236 ad
940 2200 1046 2247 ipsos
1080 2213 1169 2236 cum
1203 2201 1325 2237 armis
1359 2201 1533 2249 propriis
1567 2214 1755 2249 superan-

155 2254 232 2309 ¹3³¹&th
249 2248 422 2318 *Qifffpfflfgs
446 2259 562 2303 dum3
587 2258 659 2294 hec
683 2266 740 2294 est
765 2257 870 2293 enim
886 2257 1054 2294 victoria
1079 2259 1359 2306 superborum.
1385 2260 1461 2295 Sed
1477 2260 1550 2295 Job
1566 2260 1685 2305 XL10,
1704 2269 1754 2305 24

446 2314 593 2351 dicitur
627 2328 698 2351 non
732 2323 786 2352 est
813 2323 983 2364 potestas
1016 2329 1132 2364 super
1163 2324 1310 2351 terram
1343 2329 1413 2365 que
1441 2317 1474 2352 ei
1495 2325 1752 2365 comparetur.
1773 2317 1811 2349 ’55

446 2375 532 2420 Ipse
567 2372 672 2409 enim
707 2382 764 2410 est
799 2386 863 2409 rex
896 2386 1016 2421 super
1050 2386 1188 2410 omnes
1213 2374 1313 2410 tilios
1339 2373 1537 2422 superbie.
1572 2375 1638 2410 Ille
1663 2388 1754 2422 ergo

445 2440 596 2478 pugnat
644 2432 834 2467 adversus
883 2444 1042 2467 carnem
1093 2431 1159 2479 qui
1208 2432 1367 2468 carnale
1422 2431 1661 2468 desiderium
1716 2432 1754 2467 in

445 2488 659 2525 esculentis
693 2488 850 2536 mitigat
883 2498 1168 2537 temperanter,
1212 2498 1248 2525 et
1286 2490 1350 2525 ille
1385 2498 1535 2537 pugnat
1567 2491 1754 2526 adversus

443 2546 679 2594 sanguinem
722 2547 788 2594 qui
829 2546 1031 2595 appetitus
1069 2560 1258 2583 venereos
1299 2547 1465 2594 mitigat,
1510 2546 1671 2594 spiritus
1717 2556 1752 2583 et

443 2604 676 2651 sanguinem
719 2605 981 2650 refrenando:
1021 2617 1191 2652 quorum
1231 2614 1445 2653 utrumque
1479 2613 1535 2641 est
1567 2604 1680 2641 facile
1712 2605 1751 2640 in
1766 2616 1810 2646 40

509 2734 537 2759 9.
560 2725 655 2765 (Σωᾲη
684 2726 858 2752 induantur.
1004 2726 1044 2753 16.
1067 2726 1160 2753 Cod.:
1190 2726 1316 2753 iux-adit.
1460 2734 1497 2752 21.
1521 2726 1604 2765 Cocl:
1633 2735 1748 2754 xcrsus.

438 2762 573 2828 ἱῖῇιιὲἰὲὴ
595 2760 689 2820 (Iocis
721 2765 1126 2828 ‘gu-¹251}--Jogwig’tfnsmoes
1159 2761 1307 2787 adversus
1340 2761 1433 2787 deest.
1472 2761 1589 2788 Addidi
1622 2770 1636 2787 e
1669 2766 1749 2788 textu

510 2853 653 2897 26—29.
682 2854 759 2896 Eph
791 2855 846 2894 Vl,
879 2864 927 2885 12.
