1944 3323
157 233 293 262 SERMO
308 222 464 281 xxvia]
652 235 826 267 TERTIA
854 235 980 267 PARS.

159 342 356 380 dissensio
389 355 605 391 regnorum
641 341 682 378 fit
717 354 760 378 ex
789 341 937 391 inequa
971 341 1291 390 participacione
1326 351 1481 390 tempo-

159 401 303 438 ralium
350 400 580 450 specialiter
624 400 663 436 in
709 400 842 448 egenis
888 409 924 436 et
976 413 1019 436 ex
1071 400 1228 437 defectu
1275 400 1481 448 paciencie

160 459 390 508 evangelice
429 472 549 508 quam
591 458 734 495 fratres
773 460 919 495 debent
960 459 999 494 in
1045 458 1207 507 publico
1253 459 1482 506 predicar-eg

160 527 270 567 patet
310 518 513 555 evidenter
552 518 659 566 quod
700 525 784 554 tota
825 517 1083 565 perturbacio
1123 530 1337 565 regnorum
1379 517 1484 553 radi-

127 580 143 612 5
161 577 301 613 caliter
333 585 411 613 stat
444 575 484 612 in
516 574 632 624 ipsis3
667 584 703 611 et
727 584 838 624 patet
861 577 971 624 quod
995 576 1136 612 fratres
1161 575 1485 612 dehonorificant

161 648 295 684 regem
326 647 442 671 suum
474 634 551 670 nisi
581 634 684 670 forte
715 646 826 670 more
851 647 922 670 suo
946 634 1166 683 loquantur
1189 634 1352 682 yronice
1376 635 1485 682 quod

161 702 381 742 preparant
411 692 487 729 sibi
517 693 752 729 cathedram
783 692 941 741 igneam
973 705 1063 729 cum
1096 692 1279 741 principe
1302 694 1485 729 tenebra-

162 765 265 788 rum.
300 751 366 788 Hii
400 750 506 788 enim
541 760 761 799 procurant
794 760 832 787 et
865 752 1082 788 consulunt
1105 753 1213 800 quod
1248 763 1313 787 rex
1347 760 1485 788 aucto-

162 810 260 846 rizet
292 810 503 846 licenciam
538 810 578 846 in
611 810 692 846 suis
736 810 1010 856 conventibus,
1052 819 1093 845 ut
1133 810 1270 846 fideles
1308 809 1487 846 veritatis

110 883 148 904 10
163 877 366 906 amatores
400 868 651 905 incarcerent
684 877 721 904 et
753 868 961 913 occidant3
995 880 1069 904 nec
1103 868 1269 904 dubium
1294 868 1390 917 quin
1423 880 1488 904 rex

163 927 195 964 si
227 940 310 964 non
343 928 392 964 ab
426 927 503 964 isto
536 926 705 964 crimine
738 926 959 975 resipiscat,
995 926 1155 963 edificat
1185 927 1235 963 ad
1260 927 1486 962 iehennam.

223 988 385 1032 Iterum,
427 985 640 1034 episcopos
687 985 811 1033 legios
857 984 969 1033 regni
1014 984 1142 1021 nostri
1187 985 1488 1033 pseudofratres

166 1044 345 1093 episcopi
379 1044 562 1080 inficiunt
597 1053 633 1080 et
667 1056 736 1092 per
776 1056 1027 1092 consequens
1060 1052 1191 1080 totum
1227 1056 1416 1091 regnum;
1451 1051 1489 1079 et

165 1103 221 1139 hii
253 1112 345 1139 sunt
369 1102 548 1152 episcopi
572 1104 805 1149 demonum,
831 1102 1126 1139 dissensionum
1152 1112 1189 1138 et
1214 1101 1488 1138 divorciorum

112 1161 206 1198 15in
238 1162 391 1210 populo
425 1174 516 1198 cum
550 1161 630 1198 suis
664 1161 945 1209 complicibus,
983 1160 1076 1209 quia
1109 1162 1160 1197 ad
1194 1162 1269 1197 hoc
1302 1162 1491 1197 laborant

166 1219 370 1269 precipue,
423 1229 634 1269 querentes
680 1221 786 1256 bona
830 1219 970 1268 populi
1020 1221 1089 1255 sed
1133 1232 1214 1256 non
1259 1219 1380 1267 ipsos.
1442 1219 1491 1254 Et

167 1291 305 1316 revera
339 1278 494 1328 quesita
535 1278 767 1315 medullitus
808 1277 972 1315 racione
1004 1278 1097 1326 legii
1131 1277 1234 1326 regis
1267 1277 1492 1314 invenietur

168 1338 268 1374 tales
301 1339 455 1386 pseudo
488 1350 569 1374 non
602 1350 685 1374 esse
720 1337 802 1373 eius
826 1337 951 1385 legios
984 1338 1053 1373 sed
1077 1336 1217 1385 pocius
1241 1336 1490 1384 proditores;

169 1409 264 1432 nam
307 1409 380 1433 nec
424 1396 464 1432 in
507 1408 548 1432 se
591 1408 665 1432 nec
709 1395 750 1432 in
798 1395 879 1432 suis
923 1395 1175 1443 principibus
1220 1395 1371 1432 faciunt
1417 1396 1493 1430 hoc

113 1453 345 1503 2oviagium
391 1454 475 1503 regi
514 1467 586 1490 suo
627 1455 695 1490 sed
735 1455 832 1490 dant
872 1466 975 1502 pape
1015 1454 1141 1490 eciam
1180 1453 1284 1490 hosti
1330 1452 1492 1501 publico

171 1512 274 1561 regis
318 1522 356 1550 et
401 1513 512 1561 regni
557 1512 695 1549 omnia
740 1514 847 1549 bona
891 1512 994 1560 regis
1035 1525 1111 1561 que
1155 1512 1232 1560 ipsi
1277 1520 1491 1560 occupant,

171 1570 341 1608 licencia
381 1571 483 1620 regis
530 1584 611 1607 non
658 1571 796 1619 petita,
841 1579 878 1607 et
917 1570 985 1606 ubi
1025 1570 1226 1607 seculares
1273 1569 1493 1618 presbyteri

171 1629 282 1678 regni
314 1630 442 1667 nostri
475 1630 635 1666 solvunt
669 1629 751 1678 regi
790 1629 925 1665 nobile
965 1642 1038 1677 pro
1078 1629 1245 1674 tributo,
1287 1628 1362 1677 ipsi
1401 1628 1495 1664 licet

172 1689 346 1725 habeant
371 1687 639 1737 multiplicata
662 1687 809 1724 salaria
831 1689 878 1724 de
902 1686 1011 1736 regni
1035 1687 1237 1733 subsidiis,
1264 1686 1495 1723 huiusmodi

116 1748 156 1780 25
172 1746 298 1784 nichil
337 1748 509 1784 solvunt.
557 1748 659 1784 Cum
693 1759 788 1794 ergo
821 1745 1010 1782 simulata
1043 1746 1236 1782 sanctitas
1269 1745 1318 1781 sit
1352 1746 1497 1793 duplex

174 1804 378 1854 iniquitas,
409 1814 520 1854 patet
549 1806 658 1854 quod
687 1805 830 1841 fratres
863 1804 975 1852 regni
1005 1804 1131 1841 nostri
1156 1805 1245 1852 plus
1269 1804 1497 1840 alienantur

174 1877 195 1901 a
234 1863 336 1912 regis
374 1863 578 1912 legalitate
617 1872 784 1912 propter
823 1862 1087 1899 infeccionem
1128 1872 1164 1899 et
1204 1862 1495 1911 spoliacionem

175 1923 389 1959 subdolam
440 1922 551 1971 regni
603 1934 725 1971 quam
778 1920 1006 1958 alienantur
1058 1934 1080 1958 a
1131 1921 1335 1969 legalitate
1386 1920 1497 1969 regni

176 1981 344 2018 Francie
392 1982 502 2030 quod
553 1980 761 2017 circueunt
806 1988 844 2016 et
889 1981 1109 2017 devastant.
1166 1982 1214 2016 Et
1265 1989 1402 2016 tamen
1455 1991 1499 2015 ex

120 2040 162 2072 30
178 2039 400 2077 subtilitate
433 2039 559 2088 patris
592 2039 652 2076 sui
672 2039 888 2076 vendicant
913 2040 959 2075 de
994 2051 1085 2087 rege
1118 2047 1160 2074 ut
1186 2038 1365 2074 debitum
1391 2039 1499 2086 quod

178 2098 256 2135 sint
290 2098 540 2135 confessores
574 2098 657 2134 eius
692 2097 926 2143 consiliarii,
962 2097 1055 2133 licet
1088 2097 1262 2146 spolient
1296 2096 1379 2133 eius
1413 2098 1498 2132 the-

177 2169 318 2193 sauros
364 2155 642 2205 multipliciter
689 2165 726 2193 et
771 2155 1007 2192 divisionem
1055 2156 1187 2193 anime
1233 2164 1271 2192 et
1317 2155 1499 2203 corporis

180 2215 399 2251 multorum
440 2227 656 2263 procerum
696 2214 823 2251 eciam
865 2213 1023 2251 Cesaris
1062 2223 1347 2263 procurarunt,
1398 2213 1500 2249 sicut

180 2273 359 2310 divorcia
393 2274 612 2310 multorum
646 2273 864 2321 coniugum
898 2272 994 2309 satis
1018 2272 1142 2309 libere
1176 2272 1499 2309 coniunctorum.

123 2332 163 2365 35
238 2331 412 2378 Quidam
452 2341 589 2368 tamen
629 2344 766 2368 eorum
808 2331 994 2368 videntur
1033 2344 1116 2368 esse
1157 2331 1251 2367 boni
1293 2340 1329 2367 et
1368 2331 1501 2379 plures

181 2391 329 2427 habent
368 2403 390 2426 a
423 2392 507 2427 Deo
544 2391 729 2427 naturale
768 2390 971 2438 ingenium
1021 2399 1057 2426 et
1102 2390 1229 2426 multa
1274 2389 1502 2437 spiritualia

182 2450 289 2485 dona
322 2448 409 2494 Dei,
449 2448 481 2485 si
519 2461 602 2485 non
641 2461 664 2485 a
701 2461 855 2485 veneno
895 2448 1021 2496 patris
1061 2448 1120 2484 sui
1161 2457 1198 2484 et
1238 2449 1407 2484 cathena
1441 2447 1501 2483 sui

181 2507 335 2543 ordinis
368 2506 446 2543 sint
478 2506 628 2554 infecti,
662 2516 704 2543 ut
737 2508 910 2544 doctor
944 2506 1326 2543 Carmelitarum
1361 2519 1500 2555 quem

183 2566 421 2614 alloquor.
470 2567 572 2602 Nam
607 2578 629 2601 a
660 2574 846 2614 tempore
880 2578 960 2613 quo
995 2565 1156 2601 habitus
1190 2564 1306 2601 huius
1348 2564 1501 2600 ordinis

122 2634 167 2666 40
182 2624 312 2660 fuerat
341 2624 585 2672 stragulatus
615 2636 741 2673 usque
771 2625 821 2660 ad
845 2624 921 2660 hoc
944 2632 1103 2672 tempus
1128 2637 1208 2672 quo
1232 2623 1305 2659 iste
1329 2632 1503 2672 quatuor

659 2742 672 2746 -
801 2743 813 2748 ,
831 2725 859 2745 ω

253 2755 273 2774 1.
296 2747 390 2774 Cod.:
413 2746 441 2774 in
464 2751 588 2774 econtra
609 2757 638 2772 =
661 2727 714 2774 102⁰
726 2756 781 2782 pro
803 2756 861 2783 leq.
927 2746 952 2775 3.
974 2747 1003 2775 in
1027 2747 1168 2783 publico:
1189 2747 1275 2774 cod.:
1298 2747 1355 2781 ip&
1422 2747 1447 2773 S,
1470 2745 1503 2773 In

184 2789 298 2817 marg:
322 2790 341 2808 1.
412 2790 452 2809 10.
470 2781 565 2809 Cod.:
582 2781 732 2808 occident.
800 2790 836 2809 12.
853 2783 885 2810 In
903 2790 1016 2817 marg:
1038 2790 1069 2810 2:
1091 2783 1131 2809 ib.
1148 2782 1243 2810 cod.:
1262 2782 1502 2816 pseudofratres,

184 2824 231 2843 20.
253 2816 404 2852 viagium;
435 2816 521 2844 cod.:
543 2825 659 2851 magni.
687 2816 822 2852 viagium
845 2826 998 2844 :annua
1026 2817 1133 2852 pensio
1161 2817 1197 2844 ad
1225 2818 1331 2847 vitam,
1359 2817 1502 2846 usut'ruit.

184 2850 314 2889 pension
335 2851 466 2886 viagere,
487 2852 573 2886 viage
593 2851 649 2885 (Du
672 2850 793 2887 Ganga.
902 2859 941 2879 21.
962 2852 994 2879 In
1018 2860 1132 2887 marg:
1154 2851 1178 2880 3.
1282 2850 1333 2879 23:
1349 2852 1451 2878 nobile
1473 2860 1502 2877 z

185 2890 229 2914 os
249 2885 296 2914 Sd
317 2887 360 2921 (²s2
379 2887 486 2921 mark).
559 2894 605 2921 24.
628 2886 724 2914 Cod.:
747 2895 850 2923 regno.
923 2885 963 2915 31.
986 2887 1081 2915 Cod.:
1104 2887 1301 2915 circuierunt.

1688 229 1765 264 223

1508 352 1557 378 bul
1581 351 1701 377 disturb
1723 351 1771 378 the

1587 387 1690 413 renim.

1546 993 1687 1020 Mischiet
1708 993 1742 1019 os

1521 1028 1595 1056 friar
1618 1028 1757 1063 bishops.

1525 1403 1629 1430 Friars
1651 1401 1771 1429 instead

1507 1438 1542 1465 of
1563 1438 1675 1473 paying
1698 1441 1784 1463 taxes

1507 1478 1538 1500 to
1560 1474 1609 1500 the
1627 1472 1699 1505 king
1716 1472 1784 1507 give

1537 1513 1568 1535 to
1590 1508 1640 1535 the
1662 1508 1754 1542 l’ope.

1540 2338 1593 2364 Yet
1613 2337 1696 2364 there
1717 2344 1766 2363 are

1516 2374 1607 2400 fri-ars
1622 2373 1702 2407 qood
1721 2380 1788 2398 meu

1526 2409 1584 2435 and
1607 2408 1679 2433 with
1702 2407 1783 2442 good

1522 2444 1593 2478 gitis
1614 2443 1649 2469 ot
1667 2442 1736 2469 (jod
1758 2450 1791 2468 as

1579 2486 1593 2504 a
1614 2477 1729 2504 certain

1567 2512 1743 2540 carmelite.
