1944 3323
163 191 239 225 520
739 199 961 232 JOHANNIS
981 200 1163 233 wchF
1182 202 1438 235 sERMONuM
1500 189 1651 247 [SERMO
1672 201 1748 230 ΗΧ.

446 304 573 341 finalis
612 305 892 354 impenitencie
925 316 981 344 est
1005 308 1221 345 firmatum.
1257 310 1357 345 Cum
1391 322 1484 357 ergo
1508 310 1582 346 hoc
1605 311 1749 347 debent

444 363 575 399 cuncti
615 364 750 400 fideles
790 377 1031 412 cognoscere
1070 375 1107 402 et
1139 366 1365 414 specialiter
1403 367 1560 415 prelati,
1593 368 1749 405 videtur

442 423 549 469 quod
582 421 787 458 neminem
811 423 955 459 debent
978 423 1161 460 occidere
1193 433 1384 473 tanquam
1420 425 1638 462 hereticum
1672 427 1747 463 nisi

442 480 489 514 de
528 479 610 515 eius
654 479 913 517 conversione
946 481 1093 517 fuerint
1125 494 1169 518 ex
1201 491 1308 519 certa
1340 483 1588 520 revelacione
1620 485 1748 520 omni-

442 538 559 573 mode
600 537 811 585 desperati.
858 540 1073 584 Quomodo
1106 551 1198 587 ergo
1231 540 1459 577 occiderent
1492 541 1780 590 inquisitores5

439 595 536 630 tales
577 595 747 631 Luciferi
791 596 1029 633 christianos
1076 597 1309 645 profitentes
1358 611 1398 635 se
1442 599 1541 635 velle
1586 601 1746 636 credere

439 654 805 702 quomodocunque
844 655 987 691 docere
1025 655 1222 692 voluerint
1270 669 1352 693 esse
1392 658 1439 693 de
1478 657 1624 693 Christi
1670 657 1746 694 fide

439 712 696 755 credendum,
730 720 772 747 ut
805 713 912 748 salva
945 712 1136 749 fidelitate
1167 713 1325 751 Christo
1358 716 1551 751 servanda
1585 716 1745 752 credere
1762 741 1835 772 Fol-

436 776 624 815 poterunt
657 769 740 805 sine
773 769 925 806 offensa
953 766 958 822 Ι
987 770 1150 807 Domini
1174 772 1451 818 dominorum3
1484 785 1621 809 revera
1643 773 1743 809 tales
1759 787 1839 820 352⁰

436 825 669 862 Antichristi
708 827 747 862 in
790 827 971 875 pluribus
1016 830 1209 865 excedunt
1242 829 1444 866 Christum
1490 830 1557 878 qui
1603 843 1800 878 cogerem

435 896 515 920 non
555 884 702 932 poterit
742 886 791 921 ad
830 887 1087 932 credendum,
1127 900 1200 923 nec
1231 900 1376 935 negare
1408 887 1742 925 informacionem

435 950 471 977 et
526 942 847 979 consolacionern
897 944 1045 980 volenti
1095 944 1224 993 ipsam
1270 945 1459 994 recipere.
1513 947 1590 982 Sed
1641 946 1742 982 sicut

433 1000 532 1035 tales
555 1000 790 1036 Antichristi
824 1002 1061 1038 abdicarunt
1091 1003 1474 1051 evangelizacionem
1509 1003 1741 1041 inducentes

433 1057 627 1104 privatam
684 1059 989 1105 confessionem,
1040 1060 1096 1097 sic
1147 1061 1384 1098 abdicarunt
1433 1061 1597 1097 ulterius
1649 1061 1741 1098 fidei

433 1114 743 1152 instruccionem
772 1116 1006 1154 inducentes
1036 1119 1450 1167 condempnacionem
1474 1119 1796 1156 luciferinam.15

152 1179 335 1215 Inquisitors
357 1186 409 1215 put
490 1173 693 1220 Similiter,
729 1176 776 1210 de
820 1175 904 1223 lege
938 1175 1100 1212 Domini
1139 1179 1275 1221 (Exod.
1309 1179 1414 1223 XX0>
1463 1190 1505 1214 ex
1548 1186 1738 1225 precepto

163 1216 391 1282 ¹¹³⁶[¹,¹,]jt{'3{{ss{¹t¹¹
431 1233 604 1267 secunde
636 1233 771 1269 tabule
803 1246 922 1270 nemo
957 1235 1072 1270 debet
1104 1235 1267 1270 fratrem
1309 1248 1423 1271 suum
1458 1234 1601 1271 iniuste
1635 1235 1738 1271 occi-

323 1280 331 1285 ‚,
432 1289 536 1334 dere,
588 1291 657 1325 sed
709 1299 859 1326 certum
912 1300 968 1327 est
1013 1294 1120 1340 quod
1170 1302 1329 1340 satrape
1373 1292 1428 1329 sic
1473 1294 1736 1340 dampnantes

430 1346 633 1393 proximos
664 1347 923 1384 iniustissime
956 1349 1190 1386 occiderunt
1222 1350 1324 1395 illos,
1359 1363 1452 1398 ergo
1485 1359 1574 1387 sunt
1608 1351 1735 1387 mani-

429 1404 516 1440 festi
548 1405 863 1452 prevaricatores
896 1408 1088 1455 decalogi,
1123 1409 1315 1444 excedunt
1353 1409 1550 1444 seculares
1583 1408 1734 1444 iudices
1752 1421 1793 1442 20

429 1465 728 1509 perturbatores
766 1464 985 1512 reipublice
1025 1467 1380 1513 condempnantes,
1422 1466 1515 1515 quia
1558 1466 1615 1502 illi
1658 1468 1734 1503 hoc

428 1532 508 1556 non
555 1521 704 1557 faciunt
747 1522 822 1557 nisi
871 1535 913 1558 ex
951 1523 1186 1560 turbacione
1225 1523 1443 1572 reipublice
1481 1523 1658 1560 sensibili
1698 1534 1734 1560 et

429 1579 579 1626 populo
620 1579 842 1616 manifesta.
897 1580 963 1616 Isti
1002 1590 1136 1618 autem
1183 1582 1371 1618 occidunt
1419 1577 1733 1630 evangelizantes

428 1635 512 1672 sine
556 1637 692 1684 precio
738 1647 775 1674 et
819 1639 1110 1686 rempublicam
1155 1639 1194 1675 in
1228 1640 1402 1676 Domino
1447 1640 1731 1676 confortantes

427 1694 611 1731 Secundo
644 1695 794 1732 iudices
827 1709 965 1744 regum
998 1710 1078 1733 non
1112 1699 1412 1746 condempnant
1435 1710 1659 1746 quosquam
1683 1699 1733 1734 ad
1749 1700 1789 1732 25

427 1760 611 1796 mortem,
650 1752 726 1789 nisi
766 1766 809 1789 ex
847 1754 1087 1791 auctoritate
1126 1764 1163 1791 et
1201 1756 1285 1803 lege
1322 1755 1424 1804 regis
1462 1756 1628 1801 terreni3
1668 1755 1732 1791 isti

425 1818 557 1846 autem
605 1810 756 1847 iudices
788 1812 1024 1848 Antichristi
1069 1826 1091 1849 a
1134 1813 1245 1849 nullo
1296 1813 1327 1849 si
1371 1826 1452 1849 non
1499 1826 1520 1850 a
1566 1813 1729 1849 diabolo

424 1868 571 1903 habent
593 1869 875 1906 auctoritatem
899 1869 1032 1906 taliter
1055 1871 1391 1919 condempnandi.
1423 1871 1602 1907 Christus
1626 1871 1731 1907 enim

423 1925 555 1961 taliter
594 1928 815 1975 dampnare
852 1941 933 1963 non
971 1928 1113 1975 potuit,
1153 1941 1224 1965 nec
1264 1941 1374 1976 reges
1411 1929 1624 1966 vendicant
1656 1928 1731 1964 sibi

422 1983 620 2030 pertinere
649 1984 689 2020 in
712 1998 830 2021 causa
864 1985 1091 2022 huiusmodi
1125 1988 1433 2034 condempnare.
1463 1986 1606 2023 Tercio
1639 1999 1729 2022 cum
1747 1988 1788 2019 30

421 2040 609 2077 simulata
660 2042 850 2079 sanctitas
906 2043 955 2079 sit
1008 2044 1152 2092 duplex
1208 2044 1410 2093 iniquitas,
1476 2044 1727 2081 manifestum

420 2098 575 2134 videtur
609 2102 715 2148 quod
757 2101 855 2137 tales
894 2101 1128 2138 simulantes
1167 2114 1210 2138 ex
1242 2102 1453 2138 sanctitate
1485 2111 1566 2138 tam
1601 2101 1729 2150 dupli-

422 2156 518 2192 citer
556 2158 741 2206 persequi
787 2159 1025 2195 christianos
1064 2159 1147 2196 sine
1192 2160 1432 2196 fundacione
1478 2159 1594 2208 legali
1639 2168 1729 2195 sunt

421 2213 669 2251 iniustissimi
703 2216 925 2261 homicide3
960 2226 997 2252 et
1030 2217 1060 2253 si
1094 2217 1216 2265 aliqui
1250 2227 1365 2254 erunt
1398 2217 1600 2254 homicide
1631 2217 1728 2253 irre-

419 2272 575 2318 gulares
614 2286 827 2321 regnorum
868 2276 1180 2322 perturbatores,
1227 2284 1367 2324 contra
1405 2288 1504 2324 quos
1543 2288 1652 2323 reges
1691 2284 1727 2311 et
1745 2277 1785 2310 35

420 2342 539 2377 regna
579 2332 722 2367 debent
755 2332 970 2379 insurgere,
1006 2332 1058 2368 hii
1098 2342 1188 2369 sunt
1228 2333 1296 2369 illi.
1343 2336 1399 2369 De
1438 2334 1513 2369 isto
1552 2332 1725 2370 inferius.

487 2498 514 2515 ι).
542 2488 607 2515 Fol.
630 2486 710 2515 3522:
743 2488 810 2523 Que
838 2488 937 2515 adhuc
964 2494 1134 2523 sequuntur
1160 2489 1188 2515 in
1217 2489 1335 2520 foliolo,
1363 2489 1502 2527 incausto
1525 2497 1584 2515 non
1606 2489 1724 2523 signato

419 2524 529 2557 scripta
552 2528 630 2550 suut.
712 2524 751 2550 10.
775 2523 806 2549 In
830 2532 942 2557 marga
971 2523 998 2549 6.
1082 2532 1123 2559 19.
1145 2524 1177 2550 Iu
1200 2532 1313 2558 marg:
1343 2532 1361 2550 1.
1442 2530 1483 2549 Ὠ.
1505 2524 1536 2550 Iu
1561 2532 1672 2558 marg:
1699 2531 1723 2549 2.

417 2558 461 2584 30.
483 2559 515 2584 Iu
537 2566 649 2592 marga
678 2556 702 2584 3.
