1944 3323
542 693 835 745 TERTIA
874 691 1095 745 PARS.

697 903 892 945 SERMO
926 904 952 943 Ι.

71 981 147 1013 Ροι.

67 1026 146 1060 238¹,
218 1001 332 1037 Hora
373 1008 429 1038 est
466 1000 542 1037 iam
581 1012 649 1037 nos
689 1000 735 1036 de
772 1011 906 1036 somno
945 1011 1125 1050 surgere.
1179 999 1239 1035 Ad
1279 999 1484 1035 Romanos

160 1060 283 1106 X1110‚
315 1072 374 1096 11.

220 1119 372 1155 Omnes
396 1116 707 1166 quatuordecim
731 1116 823 1153 libri
847 1115 1032 1165 Apostoli
1063 1124 1100 1153 et
1129 1124 1283 1165 septem
1315 1114 1484 1164 epistole

129 1176 356 1213 §canonice
401 1185 575 1225 quatuor
622 1176 918 1225 apostolorum,
967 1174 1118 1211 scilicet
1162 1173 1315 1221 Jacobi,
1364 1174 1483 1220 Petri,

161 1235 354 1272 „Iohannis
389 1243 425 1271 et
447 1236 547 1271 Jude
582 1243 673 1271 sunt
706 1233 815 1283 paris
849 1232 1103 1271 auctoritatis
1137 1245 1226 1269 cum
1263 1232 1482 1281 evangelio,

161 1306 301 1341 ymmo
335 1302 427 1330 sunt
459 1292 589 1342 ipsum
626 1292 892 1341 evangelium,
934 1304 1025 1328 cum
1067 1304 1109 1328 ex
1150 1291 1226 1328 fide
1266 1303 1309 1328 ex
1343 1292 1483 1328 eodem

163 1351 308 1400 spiritu
341 1360 433 1388 sunt
466 1351 628 1389 dictate.

222 1412 337 1448 Unde
361 1411 582 1459 Apostolus
606 1422 699 1459 sepe
722 1418 840 1447 vocat
874 1409 1065 1458 epistolas
1099 1422 1191 1447 suas
1224 1423 1336 1447 suum
1370 1423 1484 1447 evan-

111 1469 308 1519 iogelium
342 1469 444 1518 quod
478 1481 550 1506 non
584 1469 731 1518 accepit
763 1469 810 1504 ab
844 1468 996 1505 homine
1027 1470 1096 1505 sed
1118 1482 1139 1505 cz
1163 1470 1248 1506 Deo
1281 1468 1341 1518 (ut
1374 1477 1485 1518 patet

165 1528 215 1563 ad
239 1528 324 1564 Gal.
350 1529 398 1572 10,
430 1526 507 1576 11).
543 1528 622 1564 Sed
645 1527 747 1563 sicut
771 1526 971 1563 successio
1002 1527 1169 1564 ecclesie
1199 1527 1484 1564 deteriorando

166 1585 361 1634 procedit,
395 1584 488 1622 licet
520 1585 757 1622 universalis
782 1594 819 1622 et
843 1594 1032 1622 constans
1057 1585 1226 1622 ecclesia
1251 1585 1485 1622 melioratur

167 1643 357 1680 continue
389 1655 517 1692 usque
551 1645 600 1680 ad
634 1643 740 1680 diem
775 1642 926 1689 iudicii,
967 1643 1023 1680 sic
1063 1643 1161 1680 fides
1195 1643 1394 1693 scripture
1428 1653 1486 1680 est

166 1702 205 1738 in
246 1701 450 1751 evangelio
489 1701 712 1750 patencior,
753 1701 792 1737 in
832 1701 1034 1750 prioribus
1074 1703 1308 1739 doctoribus
1346 1702 1486 1751 postil-

112 1759 341 1797 15lantibus
381 1760 599 1805 remissior,
647 1769 684 1797 et
724 1760 764 1796 in
804 1760 1008 1797 modernis
1049 1760 1343 1809 expositoribus
1383 1760 1485 1810 peri-

167 1818 356 1856 culosior.
389 1821 480 1855 Non
514 1819 619 1856 enim
655 1818 858 1867 acceptari
892 1819 1010 1855 debet
1042 1819 1187 1867 glossa7
1221 1819 1298 1856 nisi
1332 1819 1487 1856 racioni

166 1890 344 1914 consona
391 1877 509 1914 fuerit
554 1877 616 1914 vel
660 1877 871 1925 scripture.
926 1879 969 1914 In
1013 1878 1088 1914 hac
1134 1886 1268 1915 autem
1316 1877 1486 1926 epistola

166 1937 387 1984 Apostolus
421 1935 552 1984 primo
587 1937 705 1972 docet
738 1936 777 1972 in
810 1935 988 1984 generali
1022 1945 1234 1984 peccatum
1268 1937 1487 1985 prohibens

167 2007 189 2031 a
212 1993 463 2032 beatitudine
496 2007 728 2042 expurgare,
762 1995 940 2031 secundo
974 1994 1139 2032 adducit
1173 1995 1375 2043 triplicem
1410 1994 1487 2031 evi-

109 2065 150 2087 20
167 2053 350 2090 denciam
391 2053 442 2089 ad
481 2053 558 2089 hoc
598 2061 825 2090 moventem
866 2060 903 2089 et
936 2053 1062 2089 tercio
1095 2053 1310 2101 specialius
1343 2055 1390 2090 de
1423 2065 1488 2090 sex

167 2111 343 2160 peccatis
387 2110 642 2159 specificatis.
688 2112 792 2148 Tota
833 2119 967 2147 autem
1009 2111 1178 2148 ecclesia
1224 2113 1342 2148 debet
1387 2111 1488 2148 scire

166 2179 375 2219 tamquam
410 2168 654 2218 principium
689 2171 797 2218 quod
831 2178 1015 2218 tempore
1048 2169 1182 2218 gracie
1215 2170 1365 2207 assistit
1389 2171 1488 2207 hora

166 2227 367 2265 viantibus
402 2229 450 2264 de
483 2240 655 2276 sompno
689 2227 845 2276 peccati
880 2240 1056 2276 surgere.

226 2289 340 2324 Patet
385 2295 519 2323 autem
566 2298 609 2323 ex
655 2298 843 2323 sermone
883 2288 991 2335 quod
1030 2299 1224 2335 sompnus
1266 2286 1399 2323 anime
1438 2285 1488 2323 sit

111 2347 150 2380 25
169 2344 251 2381 eius
284 2353 495 2393 peccatum
531 2353 568 2381 et
603 2344 685 2381 eius
717 2344 853 2393 vigilia
886 2344 1142 2393 preservacio
1176 2358 1198 2382 a
1232 2353 1416 2394 peccato,
1452 2353 1488 2381 et

169 2402 317 2440 dicitur
351 2404 459 2452 quod
493 2404 593 2439 hora
626 2411 685 2440 est
718 2403 797 2440 iam
830 2415 904 2439 nos
937 2416 1099 2451 surgere
1133 2416 1155 2440 a
1188 2412 1369 2452 peccato,
1395 2402 1489 2452 quia

169 2473 261 2498 curn
294 2474 367 2498 nos
401 2474 538 2498 sumus
571 2461 606 2497 in
640 2473 734 2511 quos
753 2462 859 2512 fines
896 2462 1115 2498 seculorum
1157 2462 1393 2498 devenerunt
1431 2463 1490 2511 (ut

170 2519 266 2556 dicit
298 2520 532 2568 Apostolus)
572 2528 609 2556 et
647 2519 866 2557 novissima
906 2521 1005 2557 hora
1045 2528 1102 2556 est
1143 2526 1199 2564 (ut
1232 2520 1328 2557 dicit
1361 2521 1488 2556 Evan-

242 2663 261 2682 1.
283 2654 316 2682 In
339 2662 452 2690 marg:
475 2654 638 2682 Dominica
661 2654 760 2690 prima
781 2654 931 2682 adventus
953 2654 1090 2682 Domini.
1212 2656 1251 2682 ιδ.
1274 2655 1307 2682 In
1329 2662 1443 2689 marga
1467 2662 1486 2681 1.

171 2698 213 2725 10-
236 2690 268 2716 ln
290 2697 404 2723 maren:
427 2697 451 2717 2.
558 2697 604 2717 20.
626 2689 658 2717 In
681 2697 795 2724 marg:
817 2688 842 2716 3.
941 2689 983 2717 23.
1007 2690 1102 2717 Cod.:
1126 2697 1259 2725 sompno
1281 2694 1405 2725 peccato
1428 2689 1487 2715 vid.

172 2733 240 2760 pag.
263 2732 287 2752 2.
310 2725 328 2751 l.
350 2733 376 2759 7.
398 2724 424 2751 S.
499 2732 546 2758 24.
568 2725 601 2752 ln
623 2733 737 2759 marg:
761 2725 851 2752 Racio
873 2724 982 2759 prima.

246 2820 271 2840 1.
300 2807 352 2839 Cf.
374 2806 532 2850 Wyclif’s
559 2808 738 2848 Sermons,
771 2807 825 2839 ed.
859 2808 904 2850 by
930 2807 1079 2847 Arnold,
1113 2807 1149 2846 Π,
1184 2818 1261 2850 pag.
1298 2806 1490 2838 221--225.

176 2853 229 2886 28.
258 2855 280 2885 1.
308 2855 389 2886 Cor.
416 2854 456 2888 X.
480 2865 529 2886 11.

1339 2923 1343 2940 l

1541 1119 1609 1148 The
1628 1119 1667 1148 N.
1688 1119 1725 1148 T.

1516 1155 1641 1191 epistlcs
1662 1163 1712 1183 are
1731 1155 1766 1194 of

1499 1191 1596 1252 &liliati
1599 1199 1634 1252 ὴὲ
1638 1191 1711 1252 liiidie)
1716 1195 1750 1259 'plci
1756 1199 1772 1252 l

1576 2298 1659 2326 Need
1681 2299 1715 2325 οῖ’

1551 2334 1733 2373 ayx'akening

1563 2373 1642 2396 from
1664 2377 1721 2396 sm.
