1944 3323
172 242 307 269 smnio
332 231 454 288 xixti
656 243 831 275 TERTIA
861 243 987 275 PARS.

171 353 255 389 sine
293 351 427 400 gracia
465 350 597 388 anime
637 351 817 399 perfusa3
857 359 893 386 et
932 350 1032 386 forte
1072 349 1350 386 intellexerunt
1384 351 1490 397 quod

171 423 252 448 non
297 409 514 459 requiritur
557 408 693 457 gracia
738 417 870 456 preter
916 410 1043 445 Deum
1089 416 1126 444 et
1171 407 1370 455 spiritum,
1417 420 1492 456 que

171 468 306 517 gracia
351 468 498 517 poterit
538 480 607 516 per
645 479 685 503 se
725 479 821 503 esse.
872 468 964 503 Ideo
1004 479 1086 503 non
1125 465 1233 515 capit
1267 465 1492 502 intellectus

172 527 350 564 fidelium
401 535 443 562 ut
493 525 627 562 anima
685 534 886 562 mereatur
937 538 1006 573 per
1057 537 1097 561 se
1145 524 1219 560 nisi
1268 523 1378 573 prius
1423 536 1494 572 per

137 588 300 622 5Deum
333 585 457 633 gratis
490 593 527 621 et
552 596 621 632 per
655 595 904 632 consequens
937 596 1008 632 per
1040 583 1217 631 graciam
1251 583 1300 619 sit
1334 582 1491 628 adiuta3

172 646 240 681 sed
270 644 337 680 illa
366 643 502 691 gracia
531 655 621 679 cum
652 642 701 678 sit
725 643 831 678 bona
854 642 1027 690 qualitas
1058 641 1215 687 mentis,
1240 654 1322 678 non
1345 640 1493 689 poterit

173 716 242 751 per
274 714 314 738 se
348 714 450 746 esse3
491 709 528 737 et
567 700 692 737 tercio
726 709 836 748 patet
869 700 1001 749 prima
1033 700 1276 737 affirmativa
1309 699 1493 748 Apostoli

172 761 280 810 quod
314 759 503 796 fiduciam
538 760 729 796 debemus
763 760 908 795 habere
942 772 1012 807 per
1046 759 1249 795 Christum
1284 760 1333 795 ad
1364 761 1493 795 Deum

173 819 211 856 in
243 818 409 866 singulis
442 817 557 854 factis
590 817 757 863 nostris3
793 830 883 854 cum
919 817 1024 853 enim
1061 818 1252 854 debemus
1286 816 1325 853 in
1358 816 1490 865 ipsum

118 892 156 913 10
173 879 348 923 credere,
374 877 566 913 debemus
589 876 630 912 in
652 876 740 924 ipso
764 876 968 913 confidere
991 877 1113 924 quod,
1144 875 1176 911 si
1199 875 1274 912 sibi
1297 875 1492 912 servimus

173 935 343 972 fideliter
365 934 604 980 necessario,
639 934 723 983 ipse
756 936 806 971 ad
838 944 976 971 nostra
1009 934 1213 971 iuvamina
1246 929 1380 982 presto
1405 933 1491 970 erit.

172 996 278 1031 Deus
312 993 417 1030 enim
451 1006 532 1029 non
565 1002 698 1041 potest
727 992 767 1029 in
796 992 865 1029 tali
890 992 1092 1029 iuvamine
1117 1002 1299 1029 creature
1323 992 1493 1028 deficere

172 1062 209 1090 et
232 1053 360 1088 multo
394 1051 622 1088 evidencius
656 1064 736 1088 non
770 1060 903 1099 potest
927 1051 1097 1088 deficere
1130 1050 1313 1087 interiori
1338 1050 1492 1087 homini

171 1112 221 1148 ad
254 1109 560 1147 similitudinem
595 1109 677 1146 eius
710 1110 828 1146 facto.

118 1173 152 1206 15
229 1171 283 1205 Ex
321 1168 465 1217 quibus
503 1177 725 1217 sequuntur
766 1169 891 1205 multa
930 1167 1172 1212 correllarie,
1213 1167 1345 1216 primo
1385 1168 1493 1216 quod

170 1240 291 1264 nemo
325 1228 442 1264 debet
476 1228 523 1263 de
557 1235 650 1263 actu
682 1227 743 1263 vel
776 1239 896 1275 opere
931 1239 1002 1263 suo
1036 1226 1257 1274 superbire,
1292 1227 1359 1262 sed
1384 1224 1493 1274 quic—

171 1286 267 1335 quid
300 1285 438 1322 fecerit
471 1284 676 1322 humiliter
708 1298 826 1333 agere
859 1286 998 1321 laudes
1031 1287 1129 1321 Deo.
1163 1285 1228 1322 Sic
1262 1284 1365 1321 enim
1402 1283 1494 1320 fecit

173 1344 355 1382 Christus
394 1343 627 1380 humanitus
667 1347 725 1389 (ut
759 1353 868 1392 patet
902 1344 989 1381 Joh.
1024 1345 1092 1389 VO,
1126 1344 1231 1383 V110,
1265 1344 1352 1389 XIO,
1386 1344 1493 1378 ΧΙὮγυ

173 1413 210 1440 et
249 1404 384 1448 XV10).
434 1402 474 1439 Si
520 1415 614 1450 ergo
659 1403 781 1438 homo
827 1401 1086 1450 dignissimus
1131 1401 1186 1438 ita
1234 1401 1339 1447 fecit,
1385 1402 1493 1449 quod

116 1477 156 1497 20
173 1461 433 1510 supercilium
481 1470 637 1497 cecaret
682 1469 864 1497 nostrum
919 1460 1099 1496 animum
1150 1473 1199 1496 ne
1243 1472 1316 1496 nos
1361 1459 1495 1496 taliter

173 1520 392 1556 faciamus?
433 1520 619 1556 Secundo
657 1518 838 1568 sequitur
877 1517 1109 1555 correllarie
1148 1520 1257 1567 quod
1303 1519 1495 1555 debemus

101 1618 106 1624 ,
173 1578 306 1615 divino
345 1577 536 1625 suffragio
571 1577 778 1614 intendere
818 1586 854 1614 et
886 1590 1062 1625 sperare,
1103 1590 1183 1613 non
1228 1576 1268 1613 in
1312 1586 1495 1613 creature

77 1618 363 1695 fg'qlgsuffragio
409 1635 592 1683 religiose
637 1636 853 1672 confidere.
900 1635 1111 1673 Credimus
1157 1634 1263 1671 enim
1309 1636 1417 1684 quod
1462 1635 1493 1671 si

78 1690 89 1696 ’
125 1690 139 1696 ”
172 1696 294 1731 homo
341 1694 512 1730 fideliter
540 1689 544 1747 Ι
574 1694 720 1730 serviat
761 1696 844 1730 Deo
889 1707 976 1739 suo,
1024 1695 1194 1730 ducetur
1233 1693 1303 1729 Dei
1349 1693 1493 1742 spiritu

117 1758 154 1789 ι’)
173 1763 253 1790 tam
279 1753 416 1789 anima
439 1765 561 1800 quam
585 1765 756 1801 corpore
780 1754 830 1789 ad
854 1752 1052 1801 quidquid
1076 1751 1196 1788 fuerit
1218 1751 1490 1789 necessarium

172 1812 302 1860 ipsum
338 1811 467 1847 facere
499 1811 559 1847 vel
593 1812 753 1847 habere.
789 1812 1007 1856 Quomodo
1042 1823 1136 1858 ergo
1169 1823 1251 1846 non
1274 1819 1493 1859 temptaret

174 1872 300 1906 Deum
326 1868 544 1906 infideliter
567 1869 635 1917 qui
670 1882 760 1906 cum
796 1869 880 1905 istis
913 1869 1154 1905 inniteretur
1187 1869 1365 1905 humano
1400 1882 1494 1905 con-

173 1928 281 1974 cilio,
323 1927 510 1964 humanis
550 1927 703 1975 legibus
742 1928 802 1964 vel
841 1926 1101 1974 ordinanciis,
1149 1940 1239 1963 cum
1286 1928 1405 1964 habet
1451 1940 1495 1964 ex

175 1989 257 2023 Deo
281 1985 572 2022 sufficienciam
606 1985 646 2022 in
680 1999 720 2022 se
754 1985 866 2034 ipso?
899 1985 1085 2034 Apostoli
1120 1985 1227 2022 enim
1263 1986 1494 2034 congregati

115 2049 156 2081 30
173 2047 299 2081 Deum
343 2044 551 2080 consulere
590 2044 750 2081 fuerunt
790 2045 839 2081 ab
873 2046 1015 2081 eodem
1050 2043 1203 2092 Spiritu
1238 2044 1496 2081 concorditer

172 2102 391 2139 informati.
424 2105 515 2139 Non
544 2115 761 2151 queramus
795 2115 888 2151 ergo
921 2103 1124 2151 superflue
1158 2102 1373 2139 concilium
1399 2116 1495 2151 qua-

170 2162 261 2198 liter
293 2161 425 2197 facere
459 2162 689 2208 debeamus,
725 2174 815 2198 cum
849 2162 1015 2197 verbum
1041 2160 1112 2197 Dei
1136 2162 1246 2209 quod
1280 2170 1337 2197 est
1370 2161 1494 2209 scrip-

171 2229 260 2256 tura
293 2232 407 2256 sacra
442 2228 478 2255 et
512 2218 708 2268 impulsus
733 2219 905 2268 Spiritus
930 2219 969 2255 in
992 2228 1099 2256 recte
1124 2219 1347 2256 viventibus
1380 2219 1494 2256 factis

172 2279 309 2323 docet3
351 2286 388 2314 et
434 2277 656 2326 practizata
694 2277 769 2314 ista
803 2277 1009 2314 sentencia
1041 2291 1123 2314 non
1156 2278 1258 2314 foret
1291 2277 1346 2314 sic
1381 2291 1493 2314 mon-

116 2341 154 2372 35
172 2346 329 2373 struosa
348 2335 629 2384 religiosorum
651 2345 811 2373 caterva
829 2349 903 2373 nec
923 2335 1141 2372 multitudo
1160 2336 1257 2384 legis
1282 2336 1491 2372 hominum

172 2395 429 2442 conglobata,
473 2406 549 2442 que
589 2394 726 2431 omnia
766 2394 977 2442 implicant
1017 2394 1291 2431 diffidenciam
1330 2394 1369 2430 in
1410 2397 1493 2431 Deo

174 2463 211 2490 et
256 2452 575 2489 declinacionem
622 2465 644 2489 a
689 2452 769 2489 vita
814 2453 1039 2501 apostolica
1086 2461 1123 2489 et
1162 2465 1183 2489 a
1225 2452 1398 2489 Christo.
1446 2455 1493 2489 Et

172 2510 297 2547 tercio
320 2519 431 2559 patet
455 2511 671 2548 correlarie
695 2524 815 2560 quam
842 2511 1054 2559 diligenter
1078 2510 1227 2547 Christi
1261 2511 1493 2548 humanitas

172 2578 229 2606 est
269 2570 467 2606 studenda
506 2581 576 2617 per
615 2568 759 2618 ipsam,
805 2578 847 2605 ut
892 2582 963 2617 per
1002 2570 1173 2617 gradum
1219 2569 1489 2606 necessarium

112 2640 156 2672 40
171 2628 277 2664 scale
310 2627 349 2663 in
383 2627 474 2673 fide,
507 2639 576 2676 spe
610 2636 646 2664 et
680 2627 848 2664 caritate
881 2626 921 2663 in
956 2627 1039 2664 eius
1073 2627 1325 2665 divinitatem
1360 2637 1396 2665 et
1421 2641 1493 2677 per

171 2697 420 2734 consequens
454 2685 491 2721 in
525 2694 651 2722 totam
685 2685 925 2722 Trinitatem
961 2685 1228 2723 ascendimus.
1264 2689 1352 2735 Ipsa
1386 2686 1490 2723 enim

238 2853 261 2881 3.
289 2864 366 2882 esse.
398 2856 428 2882 In
456 2855 524 2881 cod.
553 2860 724 2890 sequuntur
752 2855 813 2882 duo
843 2856 934 2883 verba
962 2856 1082 2891 spiritui
1111 2857 1187 2891 <sive
1215 2857 1369 2891 spiritum,
1397 2858 1483 2892 'sp—m)

168 2889 318 2916 collinita:
346 2889 419 2924 quid
441 2889 498 2916 sibi
521 2890 624 2925 velint,
646 2889 725 2917 haud
748 2895 884 2925 apparet.
958 2900 987 2924 4.
1011 2891 1106 2919 Cod.:
1134 2896 1161 2918 et
1182 2892 1295 2919 anima.

1703 232 1777 279 395

1533 1171 1592 1199 We
1614 1176 1696 1198 must
1717 1176 1770 1199 not

1519 1206 1606 1240 pride
1627 1206 1787 1234 ourselves

1510 1250 1548 1268 on
1571 1250 1627 1268 our
1647 1246 1711 1268 acts
1733 1242 1786 1269 but

1527 1277 1595 1311 give
1615 1277 1726 1339 thadnks
1747 1281 1777 1304 to

1607 1312 1654 1339 (jo
1682 1332 1687 1338 .

1550 1699 1577 1726 11‘
1595 1708 1639 1726 we
1660 1707 1745 1726 serve

1533 1734 1602 1761 (iod
1626 1735 1705 1761 trulv
1727 1735 1763 1761 lie

1537 1769 1596 1796 will
1619 1766 1704 1797 [each
1728 1778 1764 1796 us

1544 1804 1581 1831 all
1605 1814 1649 1832 we
1671 1804 1746 1831 need

1598 1841 1701 1868 know.

1544 2283 1572 2311 11·
1590 2284 1650 2311 tili>
1673 2292 1751 2311 were

1526 2319 1705 2354 recognized
1729 2327 1773 2346 we

1545 2353 1656 2381 should
1681 2355 1756 2381 illive

1518 2389 1611 2416 i'ewer
1633 2389 1777 2423 relig-*iotis

1536 2425 1594 2451 and
1616 2425 1757 2460 lawyers.
