1944 3323
155 237 291 265 samio
313 226 422 283 xilv]
638 240 817 273 TERTm
846 242 973 273 PARS.

155 346 367 384 iniuriatus
407 348 455 383 ab
495 347 549 383 eis
583 360 605 384 a
639 360 728 395 rege
761 347 904 395 Anglie
938 358 1078 396 poscat
1110 348 1322 389 auxilium:
1369 350 1480 386 cuius

156 405 264 442 racio
304 405 461 442 videtur
493 405 688 454 pluribus,
723 418 772 443 ne
807 418 945 442 eorum
979 406 1160 444 versucia
1193 406 1273 443 suis
1307 407 1481 444 dominis

154 463 204 500 sit
237 465 407 501 detecta.

212 524 261 558 Et
285 531 480 571 quantum
505 524 556 558 ad
580 523 903 571 appellacionem
930 523 1041 560 Pauli
1064 526 1152 560 Act.
1176 525 1303 559 XXVO
1328 523 1483 572 fingunt

122 582 262 630 §quod
309 581 394 629 ipse
438 592 520 617 non
564 593 586 617 a
635 582 912 618 sacerdotibus
957 584 1025 618 sed
1071 595 1092 618 a
1133 581 1305 619 seculari
1352 582 1483 619 iudice

154 639 371 687 appellavit
416 641 466 675 ad
507 651 642 687 regem
688 652 818 677 suum.
865 642 943 677 Sed
988 640 1052 677 isti
1091 642 1141 677 ad
1181 640 1313 677 minus
1353 653 1483 689 pauca

60 679 138 757 fgollg
155 697 414 746 respicientes
453 699 500 735 de
539 697 660 734 nimis
699 698 773 735 levi
802 695 807 752 Ι
836 697 1131 748 ριόῐιιιικίειηῖζ
1168 698 1283 736 iudex
1318 699 1481 748 quidem

61 750 75 757 ⁸
154 756 228 792 iste
252 755 291 792 in
317 755 452 792 multis
476 757 634 794 favebat
657 758 794 803 Paulo,
820 757 911 794 ideo
933 770 1015 794 non
1038 766 1254 806 antequam
1280 758 1483 795 habuisset

156 815 204 851 ab
239 827 285 851 eo
319 826 558 863 responsum
590 815 717 852 voluit
757 816 913 852 duxisse
953 829 1043 852 eum
1077 816 1374 860 Jerosolimam,
1415 817 1483 852 sed

104 888 141 909 ιο
158 873 303 910 Paulus
335 873 481 910 timens
514 875 623 923 quod
663 886 707 910 ex
745 875 1002 911 sacerdotum
1042 874 1215 923 pecunia
1250 887 1483 923 corrumpe-

156 941 266 968 retur
299 940 336 968 et
369 933 478 980 quod
510 932 550 968 in
584 934 712 969 Roma
745 933 983 969 seminando
1018 932 1138 969 fldem
1172 933 1320 970 Christi
1362 933 1483 981 profi-

156 998 262 1027 ceret
286 991 335 1026 ab
368 990 458 1038 ipso
490 990 622 1027 iudice
656 992 725 1027 sed
757 991 1036 1040 principaliter
1059 1004 1082 1028 a
1114 991 1393 1028 sacerdotibus
1417 992 1485 1040 qui

155 1049 244 1097 plus
286 1048 361 1085 sibi
405 1048 649 1096 gravaminis
689 1058 726 1086 et
770 1049 916 1086 iniurie
956 1050 1189 1096 intulerunt,
1228 1063 1311 1087 non
1349 1059 1481 1087 autem

156 1107 376 1156 appellavit
425 1108 474 1143 ab
525 1107 664 1156 iniquo
715 1107 865 1144 tribuni
918 1107 1068 1145 iudicio
1119 1110 1189 1145 sed
1240 1110 1289 1145 ab
1336 1108 1485 1157 iniquis

102 1172 138 1203 15
155 1165 346 1214 operibus
379 1167 652 1202 sacerdotum.
687 1168 735 1203 Et
769 1167 906 1203 multis
928 1166 1086 1203 videtur
1111 1168 1220 1215 quod
1253 1168 1484 1204 sacerdotes

158 1223 340 1260 moderni
370 1225 602 1261 sacerdotes
631 1224 721 1262 illos
750 1224 791 1261 in
821 1226 977 1262 defectu
1007 1225 1261 1262 auctoritatis
1286 1235 1322 1262 et
1346 1225 1484 1262 iudicii

156 1283 304 1320 scelere
338 1283 605 1329 antecellunt;
645 1296 726 1320 non
750 1283 856 1320 enim
880 1283 1025 1332 legitur
1048 1285 1157 1332 quod
1180 1284 1485 1321 incarcerarunt

157 1355 201 1378 ex
234 1354 305 1378 sua
338 1341 580 1378 auctoritate
610 1341 842 1391 quempiam
877 1355 920 1379 ex
954 1343 1030 1379 hoc
1054 1344 1163 1391 quod
1196 1343 1318 1391 gratis
1350 1342 1484 1391 predi-

159 1400 261 1437 cavit
301 1399 565 1448 evangelium,
605 1402 673 1437 sed
715 1400 858 1449 prelati
900 1401 1084 1437 moderni
1122 1401 1264 1438 fratres
1298 1402 1484 1438 dicuntur

102 1474 143 1495 20
158 1459 215 1496 sic
248 1457 565 1506 evangelizantes
598 1458 850 1496 incarcerare
883 1469 920 1496 et
943 1460 1043 1496 velle
1065 1459 1250 1497 occidere
1274 1473 1319 1497 ac
1342 1461 1485 1497 fratres

159 1517 382 1566 legitimare
427 1518 477 1554 ad
525 1518 817 1566 predicandum
863 1519 1015 1567 populo
1055 1518 1122 1567 qui
1161 1518 1235 1554 sibi
1274 1519 1484 1567 predicant

158 1576 329 1613 ludicria
370 1585 490 1624 atque
530 1576 743 1613 mendacia
788 1589 835 1613 ac
879 1586 969 1625 post
1014 1576 1262 1613 adiutorium
1308 1578 1484 1626 spoliant

157 1635 473 1672 horrendissima
496 1634 692 1683 symonia.
727 1637 774 1671 Et
798 1648 935 1672 revera
958 1636 1061 1672 inter
1074 1637 1235 1681 Judeos,
1261 1638 1484 1673 Saracenos

155 1695 217 1730 vel
249 1702 400 1730 sectam
434 1693 556 1730 aliam
590 1706 671 1730 non
694 1693 838 1742 legitur
861 1703 1003 1731 contra
1028 1694 1231 1731 Christum
1267 1695 1484 1732 crudelitas

99 1758 138 1790 25
156 1762 237 1790 tam
274 1753 488 1789 horrenda.

214 1814 295 1848 Nec
330 1810 476 1847 mirum
499 1811 608 1859 quod
630 1811 790 1848 vesania
815 1811 1007 1848 tartarica
1039 1813 1089 1847 ad
1113 1820 1268 1847 tantum
1301 1812 1484 1849 efferbuit

157 1871 263 1919 quod
315 1882 449 1918 regem
498 1878 682 1906 nostrum
736 1882 781 1906 ac
833 1869 916 1906 eius
962 1882 1149 1918 proceres
1194 1871 1242 1906 de
1287 1871 1483 1918 pravitate

157 1929 333 1966 heretica
364 1928 533 1964 subdole
563 1927 775 1976 impetunt.
810 1930 1004 1965 Asserunt
1028 1928 1133 1965 enim
1159 1930 1267 1977 quod
1292 1938 1348 1965 est
1372 1942 1484 1966 error

158 2000 288 2035 regem
326 1988 385 2023 vel
422 1987 658 2036 temporales
691 1988 865 2024 dominos
900 2000 1016 2037 posse
1052 1988 1215 2035 auferre
1252 1989 1483 2037 temporalia

99 2050 141 2081 30
156 2047 207 2082 ad
256 2059 366 2082 sumn
419 2045 625 2081 arbitrium
675 2046 721 2081 ab
771 2047 930 2083 ecclesia
977 2047 1238 2094 delinquente:
1302 2055 1339 2082 et
1394 2060 1481 2083 cum

156 2113 297 2141 notum
331 2104 381 2140 sit
420 2116 552 2151 regem
594 2105 751 2141 auferre
791 2117 811 2141 a
854 2104 1095 2153 quibusdam
1136 2104 1337 2141 abbathiis
1372 2105 1485 2154 quin-

157 2172 296 2210 gentas
337 2174 494 2198 marcas
535 2174 606 2210 per
645 2175 795 2199 annum
841 2172 878 2199 et
924 2176 945 2200 a
986 2163 1227 2212 quibusdam
1277 2164 1484 2200 monachis

157 2220 415 2269 Francigenis
455 2221 506 2257 ad
545 2233 661 2257 suum
703 2221 915 2257 arbitrium
957 2222 1045 2270 plus
1084 2221 1143 2257 vel
1179 2221 1324 2267 minus,
1360 2231 1482 2270 patet,

157 2293 248 2317 cum
290 2280 365 2316 hoc
407 2278 584 2315 defendit
623 2279 884 2327 pertinaciter
917 2280 1011 2329 quia
1052 2288 1286 2316 constanter
1320 2289 1361 2316 ut
1393 2294 1484 2329 pro-

98 2340 139 2373 35
157 2337 286 2386 priam
328 2337 534 2385 regaliam,
574 2339 683 2386 quod
729 2338 760 2373 si
803 2339 878 2374 hoc
918 2338 967 2374 sit
1007 2351 1119 2375 error
1159 2347 1196 2374 et
1235 2337 1274 2374 in
1315 2339 1484 2376 materia

158 2396 263 2441 fidei,
298 2405 393 2432 tunc
427 2404 484 2431 est
517 2395 678 2441 heresis,
714 2396 808 2445 quia
837 2397 979 2433 falsum
1015 2396 1213 2444 scripture
1246 2409 1358 2433 sacre
1392 2410 1484 2434 con-

157 2454 326 2490 trarium
372 2453 631 2502 pertinaciter
664 2455 928 2491 defensatum.
974 2457 1022 2491 Et
1067 2455 1122 2491 sic
1166 2467 1233 2490 rex
1278 2464 1314 2491 et
1353 2464 1482 2491 totum

159 2525 325 2559 regnum
361 2512 399 2548 in
432 2512 508 2548 isto
541 2512 615 2548 sibi
650 2513 912 2549 consenciens
946 2514 1048 2550 foret
1082 2513 1317 2550 hereticum.

217 2573 265 2606 Et
311 2571 414 2607 ultra
458 2583 548 2607 cum
596 2571 698 2607 veris
743 2571 912 2607 infertur
957 2573 1064 2620 quod
1110 2571 1288 2619 episcopi
1335 2581 1371 2608 et
1416 2572 1483 2608 alii

97 2642 143 2673 40
159 2629 300 2678 prelati
334 2638 514 2666 tenentes
549 2630 596 2665 de
629 2642 720 2677 rege
753 2639 843 2666 sunt
867 2630 993 2666 eciam
1029 2629 1207 2675 heretici,
1241 2631 1309 2667 sed
1342 2630 1485 2667 fratres

159 2687 367 2736 potissime
412 2699 454 2723 ex
494 2700 691 2724 consensu
732 2688 998 2736 dampnabili3
1046 2697 1082 2725 et
1121 2689 1176 2724 ita
1221 2687 1323 2725 sicut
1362 2689 1484 2725 homo

159 2746 197 2781 in
238 2747 443 2794 peccando
482 2755 600 2782 nocet
639 2746 771 2794 primo
812 2755 848 2782 et
881 2746 1159 2795 principaliter
1198 2746 1273 2782 sibi
1306 2746 1394 2794 ipsi,
1430 2746 1485 2782 sic

234 2882 285 2913 28.
316 2883 413 2913 Fasc.
443 2883 515 2922 ziz.‚
543 2893 621 2925 pag.
651 2882 724 2914 280.
753 2884 919 2915 Conclus.
949 2884 1053 2915 XVII.

1557 534 1601 561 St.
1624 533 1723 560 l'aul‘s

1557 570 1663 603 appcal
1687 574 1716 594 ιω

1540 604 1654 630 Cacsar
1675 612 1739 630 was

1559 638 1640 665 from
1663 638 1712 665 the

1576 673 1698 709 priests,

1518 1176 1588 1202 who
1608 1180 1657 1211 yet
1678 1183 1757 1202 were

1518 1216 1570 1237 not
1591 1219 1625 1237 so
1648 1210 1704 1237 bad
1727 1219 1760 1237 as

1534 1254 1591 1273 our
1613 1246 1742 1272 modern

1596 1289 1680 1309 ones.

1504 1821 1591 1856 The)v
1612 1820 1774 1855 implicitly

1499 1857 1610 1889 charge
1631 1856 1680 1882 llic·
1702 1856 1773 1890 king

1527 1891 1601 1918 wilh
1622 1891 1741 1927 lieresy.

1525 2577 1669 2611 ssishops,
1690 2576 1749 2603 and

1499 2612 1556 2639 still
1575 2620 1659 2638 more
1674 2611 1764 2638 friars

1528 2655 1578 2674 are
1601 2646 1742 2676 heretics,
