1944 3323
179 290 315 320 smnio
336 279 430 338 mx]
670 292 850 325 TERTIA
876 293 1003 325 PARs.

178 402 319 437 iustum
361 409 450 446 etc.,
491 400 559 436 ubi
599 400 765 448 planum
806 408 863 436 est
902 399 1086 437 fidelibus
1119 402 1226 449 quod
1262 403 1367 438 Deus
1406 414 1498 450 pro-

178 458 337 508 phetice
371 458 550 507 loquitur
581 459 628 495 de
662 458 828 495 domino
859 460 951 495 Jesu
976 458 1136 496 Christo
1170 459 1250 508 qui,
1285 459 1388 496 sicut
1424 459 1498 496 fuit

177 518 331 554 fructus
362 516 510 554 ventris
543 516 671 553 David
705 516 907 554 mitissimi
941 517 1043 565 regis
1076 519 1126 554 ad
1159 517 1331 563 literam,
1365 518 1421 554 sic
1454 518 1496 554 fit

179 575 334 613 mistice
369 584 405 612 et
428 575 730 612 autonomatice
761 588 882 612 manu
904 575 1039 621 fortis:
1074 575 1164 612 ideo
1188 576 1290 612 sicut
1313 575 1495 613 Christus

146 634 275 671 §dicit
307 633 530 682 Baptistam
571 646 655 670 esse
688 634 861 680 Heliam,
895 633 951 670 sic
985 635 1102 670 debet
1142 634 1250 671 credi
1284 634 1492 671 dominum

176 694 309 729 Jesum
353 704 438 729 esse
471 691 611 728 David.
658 694 794 740 Longe
832 701 966 729 autem
1006 692 1116 741 prius
1155 701 1246 729 ante
1277 693 1491 729 Jeremiam

177 751 306 788 David
345 759 527 787 mortuus
568 758 627 786 est
666 751 716 787 ad
755 750 930 786 litteram
966 759 1003 787 et
1035 750 1305 799 pertinencius
1337 750 1494 788 videtur

175 809 396 857 intelligere
428 808 544 845 litera
567 808 694 844 David
726 808 767 845 in
799 808 1028 845 accusativo
1063 821 1157 846 casu
1190 822 1309 858 quam
1346 809 1493 855 dativo,

174 867 268 904 licet
300 879 438 904 sensus
470 866 684 903 videantur
715 867 924 915 paululum
958 867 1126 904 variare.

122 942 159 962 ιο
233 927 335 962 Sunt
379 934 512 962 autern
559 933 652 962 octo
696 925 966 974 proprietates
1007 925 1151 974 quibus
1185 926 1312 962 David
1356 935 1491 963 noster

175 983 416 1021 describitur
468 992 588 1032 atque
641 983 911 1032 cognoscitur.
971 983 1106 1021 Prima
1164 993 1222 1020 est
1274 986 1382 1033 quod
1436 994 1492 1021 est

171 1055 334 1093 germen
373 1042 526 1078 iustum.
567 1043 637 1078 Est
676 1051 811 1079 autem
850 1041 1084 1079 humanitus
1123 1054 1288 1091 germen
1320 1042 1492 1091 patriar-

173 1101 339 1137 charum
380 1109 417 1137 et
454 1099 581 1136 Marie
618 1099 795 1148 virginis,
837 1100 931 1149 quia
975 1100 1067 1137 licet
1105 1113 1177 1149 per
1221 1101 1378 1150 aliquos
1422 1114 1491 1149 pa-

172 1158 369 1195 triarchas
407 1157 580 1194 viciosos
619 1159 881 1195 descenderat
919 1167 1085 1207 propter
1123 1158 1489 1207 impeccabilitatem

119 1221 156 1254 15
172 1216 232 1253 sui
277 1229 320 1253 ex
364 1215 715 1264 predestinacione
759 1229 828 1253 sue
880 1216 1039 1253 unionis
1084 1217 1309 1265 ypostatice
1352 1217 1491 1254 viciari

170 1287 253 1312 non
286 1283 457 1323 poterat.
492 1273 603 1311 Sicut
637 1274 741 1311 enirn
776 1288 917 1311 aurum
954 1284 991 1311 et
1014 1275 1168 1324 lapides
1201 1275 1490 1324 preciosissimi

170 1341 393 1370 nascuntur
426 1333 467 1369 in
500 1333 712 1370 cateractis
744 1333 1015 1370 subterraneis
1048 1333 1233 1382 turpibus
1267 1343 1304 1370 et
1335 1334 1488 1380 lutosis,

170 1391 226 1428 sic
277 1391 403 1428 eciam
451 1392 499 1428 de
543 1391 672 1428 Maria
727 1401 855 1428 matre
901 1393 992 1428 Jesu
1037 1391 1184 1428 dicitur
1228 1393 1336 1441 quod
1388 1392 1490 1429 sicut

170 1449 298 1486 lilium
338 1449 441 1486 inter
485 1449 633 1498 spinas,
679 1449 781 1486 sicut
820 1462 911 1486 rosa
956 1462 1000 1486 ex
1045 1452 1208 1487 arbusta
1249 1451 1412 1499 spinosa
1453 1460 1489 1487 et

115 1508 272 1545 2osicut
323 1520 462 1544 carnes
514 1509 662 1544 munde
713 1507 807 1544 lucii
859 1520 902 1544 ex
954 1508 1114 1555 bufone,
1164 1510 1212 1545 de
1255 1509 1489 1558 parentibus

171 1566 439 1615 culpabilibus
478 1565 688 1614 processit,
734 1575 770 1603 et
810 1566 866 1603 sic
910 1579 992 1603 non
1031 1568 1145 1604 obest
1185 1569 1253 1604 sed
1294 1577 1489 1604 consonat

169 1624 252 1661 eius
292 1624 416 1661 filium
464 1624 719 1672 processisse.
766 1626 920 1662 Hamus
965 1634 1101 1662 tamen
1144 1625 1217 1662 iste
1263 1627 1310 1662 de
1356 1626 1488 1673 primo

168 1691 334 1731 parente
357 1692 609 1731 processerat
626 1682 805 1731 undique
828 1692 994 1731 propter
1015 1685 1238 1720 notandum
1265 1683 1486 1721 misterium

168 1741 209 1777 in
241 1740 420 1790 qualibet
453 1753 627 1789 persona
667 1754 743 1790 que
782 1741 913 1790 ipsum
953 1741 1108 1790 genuit;
1149 1751 1185 1778 et
1225 1741 1327 1779 sicut
1360 1742 1487 1779 deitas

111 1801 240 1836 25sub
279 1812 384 1836 unco
425 1799 555 1836 carnis
595 1800 723 1836 celata
762 1799 835 1836 fuit
868 1800 907 1836 in
948 1800 1197 1837 extremitate
1240 1800 1357 1836 huius
1402 1813 1487 1849 ger-

168 1857 287 1894 minis
327 1870 397 1906 per
437 1870 558 1906 quam
599 1857 788 1906 antiquus
828 1870 991 1906 serpens
1031 1859 1215 1895 diabolus
1261 1868 1485 1907 caperetur,

167 1916 224 1952 sic
262 1915 302 1952 in
341 1915 521 1964 qualibet
554 1925 668 1964 parte
709 1916 825 1953 huius
859 1916 1050 1965 germinis
1084 1916 1156 1953 Dei
1189 1917 1485 1965 predestinacio

166 1983 202 2011 et
227 1974 375 2011 Christi
400 1974 593 2022 figuracio
618 1974 846 2011 rutilarunt.
882 1977 969 2011 Hoc
1004 1988 1097 2023 ergo
1130 1988 1294 2023 germen
1317 1985 1486 2012 autono-

167 2033 312 2069 matice
346 2032 492 2068 dicitur
514 2033 669 2081 iustum,
700 2033 793 2082 quia
827 2033 866 2069 in
898 2042 985 2070 toto
1019 2034 1197 2070 humano
1230 2046 1373 2081 genere
1404 2048 1485 2071 non

110 2090 238 2127 3ofuit
277 2089 421 2139 aliquis
459 2091 644 2127 similiter
684 2092 811 2128 iustus
850 2100 984 2140 preter
1017 2091 1142 2128 illum.
1179 2095 1307 2128 Immo
1341 2092 1486 2129 dicitur

165 2148 278 2197 origo
322 2157 458 2186 nostre
506 2149 662 2186 iusticie
706 2150 790 2186 sine
835 2163 914 2199 qua
958 2163 1040 2186 uon
1085 2159 1217 2199 potest
1255 2151 1356 2187 alius
1402 2164 1485 2188 esse

165 2206 303 2244 iustus.
338 2209 424 2257 Ipse
458 2206 563 2243 enim
598 2217 655 2244 est
688 2221 758 2256 per
791 2222 831 2245 se
864 2208 1063 2245 rectitudo
1096 2208 1176 2245 sive
1210 2208 1369 2246 iusticia
1402 2210 1484 2246 sine

165 2265 276 2301 cuius
310 2264 524 2313 participio
557 2279 639 2302 non
671 2276 802 2314 potest
835 2266 979 2315 aliquis
1013 2279 1098 2303 esse
1130 2276 1275 2303 rectus.

223 2324 408 2360 Secunda
441 2324 627 2361 condicio
652 2325 778 2361 David
811 2324 939 2361 nostri
973 2334 1031 2361 cst
1055 2327 1163 2373 quod
1187 2327 1366 2375 regnabit
1397 2339 1482 2363 rex.

109 2387 148 2419 35
165 2381 346 2418 Christus
381 2381 486 2418 enim
527 2395 549 2419 a
581 2382 713 2431 primo
752 2383 918 2420 instanti
950 2383 1170 2420 nativitatis
1210 2396 1278 2420 sue
1312 2386 1484 2421 secunde

166 2439 239 2475 fuit
285 2452 351 2476 rex
395 2452 515 2488 super
558 2449 686 2477 totum
739 2454 863 2489 genus
908 2443 1128 2478 humanum
1176 2451 1213 2478 ct
1261 2443 1483 2490 quamlibet

165 2497 285 2534 aliam
321 2507 562 2544 creaturam,
598 2499 691 2548 quia
725 2499 966 2536 constitutus
1007 2509 1064 2536 est
1098 2499 1329 2536 humanitus
1363 2511 1482 2548 caput

165 2555 331 2592 ecclesie
382 2564 419 2592 et
464 2566 629 2605 propter
679 2557 868 2594 unionem
915 2557 1182 2606 ypostaticam
1236 2566 1272 2594 et
1317 2568 1483 2606 propter

165 2622 313 2650 statum
354 2613 589 2652 innocencie
629 2615 816 2652 dominus
861 2616 977 2652 huius
1022 2615 1173 2652 mundi.
1221 2617 1335 2652 Unde
1381 2618 1482 2653 blas-

105 2687 150 2718 40
165 2672 358 2720 phernant
380 2672 507 2721 ignari
532 2682 568 2710 et
599 2673 733 2722 cupidi
757 2673 824 2722 qui
855 2686 897 2710 ex
921 2674 998 2710 isto
1032 2683 1138 2710 textu
1172 2684 1327 2722 ponunt
1349 2674 1478 2722 ipsum

231 2808 258 2835 8.
279 2809 382 2837 litera:
409 2807 494 2835 cod.:
523 2808 561 2844 ly.
667 2815 706 2834 10.
728 2807 760 2834 ln
784 2816 897 2842 marg:
923 2807 1005 2835 Nota
1025 2812 1105 2835 octo,
1207 2816 1240 2835 11.
1261 2808 1293 2835 In
1316 2816 1430 2842 marg:
1460 2817 1479 2835 1.

163 2842 204 2870 16.
227 2843 323 2870 Cod.:
350 2843 402 2871 Sic
422 2843 515 2870 enim.
589 2850 634 2870 20.
656 2842 726 2870 lucii
748 2843 766 2870 i.
789 2851 814 2870 e.
837 2842 940 2878 piscis.
1015 2842 1060 2876 ζῆ.
1083 2843 1115 2869 In
1137 2850 1252 2877 marg:
1280 2842 1304 2870 3.

233 2926 286 2967 34.
313 2927 380 2958 Jer.
408 2926 531 2967 XXIII,
562 2926 591 2960 5.

1707 290 1825 336 512-

1577 524 1677 551 Christ
1699 525 1724 551 is

1565 560 1735 586 mxsticallv

1596 590 1703 622 l‘avid.
1718 593 1725 596 ’

1534 932 1706 967 Propertius
1728 934 1763 960 of

1542 970 1592 994 the
1613 968 1751 1003 mystica]

1589 1002 1700 1030 David.

1544 1046 1562 1064 1.
1586 1037 1631 1065 Hc
1651 1038 1677 1064 is
1698 1038 1747 1066 the

1566 1072 1723 1106 rightcous

1585 1108 1709 1135 braucli.

1512 2332 1556 2359 lle
1578 2334 1654 2359 shall
1679 2335 1760 2367 reign

1564 2377 1596 2394 as
1620 2368 1708 2402 lifing.

1525 2508 1579 2534 lli>
1603 2508 1748 2542 lxlllgdwffl

1539 2542 1564 2569 is
1586 2543 1735 2577 spiritual.
