1944 3323
147 267 282 296 samito
304 255 417 314 xxv.]
637 267 810 300 TERTIA
837 266 963 298 PARS.

146 376 254 414 verbi
299 375 467 420 essendi,
512 374 568 411 sic
614 382 803 409 maneant
852 381 1047 420 perpetuo
1093 370 1223 416 azimi,
1271 373 1346 407 hoc
1392 379 1462 413 est,

148 435 345 471 immunes
378 447 397 470 a
432 432 613 477 crimine,
647 443 853 479 nunquam
888 443 910 466 a
945 429 1118 466 Domino
1152 428 1340 477 separati.

204 495 252 529 Et
304 493 378 529 ista
428 499 486 527 est
536 489 740 527 sentencia
790 487 1030 525 variacionis
1075 486 1203 535 logice
1247 488 1461 524 verborum

145 551 350 599 Apostoli3
390 562 462 586 nec
495 557 553 585 est
586 548 787 584 horrenda
819 546 949 594 logica
981 559 1060 595 qua
1099 545 1323 581 subiectum
1358 556 1464 580 nunc

115 609 381 656 Sintelligitur
413 619 483 656 per
524 614 758 642 concretum
792 614 828 641 et
862 617 968 640 nunc
1001 605 1221 640 secundum
1256 602 1461 640 racionem

147 666 267 704 aliam
293 679 363 715 per
387 667 648 714 abstractum,
672 663 766 712 quia
795 675 886 699 cum
910 662 1041 699 forma
1064 661 1234 698 actualis
1258 662 1464 698 abstracta

146 738 228 761 non
274 723 401 773 possit
445 735 516 771 per
560 735 600 759 se
645 721 824 767 existere,
870 733 916 757 eo
962 722 1070 769 quod
1110 721 1254 756 modus
1293 718 1462 756 actualis

1675 255 1747 302 193

1490 493 1517 519 A
1539 492 1655 525 subject
1676 502 1745 521 max‘

1502 528 1535 554 be
1557 528 1672 562 spoken
1694 526 1735 557 05⁴1

1535 570 1604 588 now
1628 562 1664 598 by
1686 572 1701 589 a

1495 601 1647 625 concrete.
1671 605 1740 624 now

1492 632 1529 667 by
1551 640 1587 658 an
1610 632 1745 658 abstract

1488 671 1584 699 ternu
1605 675 1638 693 as
1658 666 1747 693 Nonii

1528 701 1553 728 is
1574 701 1668 728 called
1691 710 1707 728 a

1497 736 1739 763 reconciliation.

147 783 386 828 substancie,
420 790 463 817 ut
497 793 518 818 a
551 780 731 817 subiecto
772 778 1031 827 distinguitur
1070 777 1253 814 ulteriori
1287 771 1755 814 abstrac-(E⁰C¹·XL¹V·¹7-)

148 841 280 885 cione3
320 840 376 877 sic
415 839 520 876 enirn
559 839 748 875 sacerdos
787 845 949 874 sanctus
989 836 1136 873 dicitur
1175 844 1347 885 tempore
1385 835 1463 871 ira-

94 900 282 936 iocundie
305 898 583 944 reconciliacio,
606 898 753 933 nedum
779 894 1012 932 reconciliat
1038 903 1174 942 gentes
1198 896 1249 931 ad
1279 893 1463 938 invicem,

148 966 184 994 et
208 966 266 994 est
290 957 466 994 medium
490 968 561 1004 per
584 956 692 1003 quod
714 953 990 990 renconciliati
1020 965 1090 1001 per
1119 952 1295 1000 graciam
1328 964 1465 988 sumus

151 1019 246 1052 Deo.
287 1017 365 1052 Sed
404 1013 587 1063 quamvis
634 1025 745 1049 more
777 1011 945 1048 Judaico
984 1010 1328 1059 inpresenciarum
1375 1010 1464 1058 plus

147 1087 269 1122 quam
307 1086 486 1122 unquam
526 1071 565 1107 in
602 1072 688 1119 lege
728 1083 829 1107 nova
867 1071 928 1106 vel
966 1069 1089 1106 veteri
1134 1068 1380 1106 attendimus
1414 1069 1464 1104 ad

147 1132 259 1180 signa
297 1129 607 1168 sacramentalia
639 1129 700 1166 vel
734 1129 893 1176 figuraS,
928 1128 1021 1176 quia
1055 1140 1145 1164 cum
1180 1126 1464 1175 postponimus

94 1192 232 1227 15rem
272 1188 515 1227 sacramenti
555 1197 592 1224 et
634 1188 765 1236 ipsum
806 1187 1006 1234 signatum
1042 1187 1164 1222 modo
1198 1184 1465 1233 perversionis

147 1248 325 1294 judaice,
365 1248 455 1284 ideo
495 1255 602 1283 totus
643 1246 795 1282 fructus
828 1257 946 1293 quem
982 1245 1223 1280 haberemus
1257 1256 1301 1280 ex
1333 1256 1465 1280 sacra—

151 1316 284 1343 mento
318 1307 393 1342 isto
428 1315 463 1342 et
487 1305 575 1342 aliis
608 1304 852 1340 exsufflatur.
888 1303 1060 1348 Quando
1095 1301 1202 1339 enim
1227 1301 1300 1337 fuit
1334 1301 1465 1337 minor

149 1365 244 1402 unio
284 1378 404 1413 quam
445 1372 503 1400 est
542 1364 663 1399 modo
703 1360 885 1410 possibili
926 1361 965 1396 in
1000 1373 1157 1401 amore:
1191 1372 1264 1397 nec
1298 1359 1464 1396 dubium

151 1424 247 1472 quin
279 1424 467 1460 sacerdos
498 1421 564 1470 qui
597 1420 718 1457 istum
752 1432 933 1457 amorem
967 1419 1146 1467 gigneret
1178 1419 1229 1455 sit
1264 1418 1304 1454 in
1333 1430 1466 1454 causa.

94 1484 200 1518 20Et
250 1491 345 1518 nota
396 1481 504 1529 quod
554 1478 655 1515 sicut
704 1478 812 1515 iuxta
862 1477 1224 1526 grammaticorum
1269 1476 1468 1525 principia

151 1552 300 1577 nomen
341 1547 573 1576 concretum
614 1536 781 1573 subiecti
822 1545 879 1572 est
918 1535 1027 1584 prius
1067 1537 1271 1572 abstracto
1312 1544 1348 1571 et
1393 1534 1467 1582 ipsi

151 1597 413 1646 superaddito
436 1595 701 1645 primitivum,
726 1603 892 1631 econtra
915 1602 1049 1630 autem
1074 1594 1293 1630 secundum
1317 1592 1468 1640 logicos

151 1666 193 1693 ut
226 1657 361 1692 album
401 1654 511 1703 prius
552 1662 609 1690 est
649 1666 769 1702 quam
804 1653 948 1689 albedo
982 1651 1160 1689 derivata
1194 1653 1243 1688 ab
1278 1651 1378 1700 ipso,
1413 1650 1468 1687 sic

151 1727 234 1751 esse
284 1714 467 1750 naturale
517 1711 746 1748 substancie
797 1719 855 1747 est
900 1710 1009 1758 prius
1062 1710 1301 1747 naturaliter
1345 1722 1466 1757 quam

93 1774 133 1807 25
151 1774 279 1809 forme
323 1772 422 1808 tales
467 1773 680 1813 abstracte,
721 1769 813 1806 licet
852 1769 1072 1805 secundum
1116 1767 1467 1805 consideraciones

150 1831 300 1879 logicas
345 1829 454 1878 prius
502 1828 742 1865 naturaliter
786 1827 835 1863 sit
880 1827 1037 1871 albedo,
1081 1839 1201 1875 quam
1243 1825 1466 1862 subiectum

149 1890 230 1926 tale
268 1889 318 1925 sit
356 1889 506 1925 album.
547 1889 596 1923 Et
634 1895 746 1935 patet
785 1884 1058 1922 consideranti
1099 1884 1331 1921 differencia
1365 1883 1468 1920 inter

150 1949 398 1984 abstractum
421 1945 639 1982 terminum
675 1954 711 1981 et
747 1952 980 1980 concretum
1016 1951 1053 1979 et
1076 1944 1126 1979 ad
1157 1955 1275 1991 quem
1307 1955 1466 1978 sensum

149 2005 347 2042 verificari
370 2013 502 2053 potest
525 2002 885 2052 grammaticorum
910 2001 1115 2038 sentencia
1139 2010 1175 2037 et
1192 2000 1468 2037 consideracio

93 2063 343 2112 3ologicalis.
396 2065 443 2098 Et
482 2062 522 2098 in
561 2061 635 2098 ista
675 2060 940 2098 contencione
985 2072 1030 2096 ac
1077 2059 1324 2096 dissensione
1363 2067 1469 2095 stant

150 2122 330 2159 verbales
369 2120 501 2169 logici,
541 2119 668 2157 eciam
703 2118 846 2167 prelati
879 2117 1119 2166 superiores,
1154 2117 1248 2166 quia
1280 2117 1469 2165 ignorant

152 2180 325 2229 logicam
360 2188 397 2216 et
430 2178 657 2215 sentencias
690 2177 997 2225 scripturarum.

210 2240 259 2274 Et
283 2239 354 2274 hec
388 2236 621 2285 ignorancia
654 2245 711 2272 est
745 2235 856 2272 radix
879 2234 1008 2271 tocius
1044 2234 1192 2270 erroris
1226 2233 1266 2269 in
1300 2232 1468 2270 materia

153 2298 200 2333 de
225 2295 421 2345 quiditate
455 2294 683 2339 eukaristie,
718 2303 759 2330 ut
785 2293 923 2330 dicunt
947 2294 1055 2341 quod
1079 2292 1165 2340 ipsa
1199 2301 1257 2328 est
1281 2292 1467 2328 accidens

94 2355 136 2387 35
152 2355 212 2391 vel
246 2353 477 2391 accidencia
509 2353 593 2389 sine
626 2351 806 2389 subiecto
837 2361 873 2388 et
898 2351 953 2387 sic
976 2363 1066 2387 vere
1088 2350 1234 2387 virtute
1258 2362 1326 2386 sue
1350 2351 1467 2386 bene-

154 2411 348 2449 diccionis
382 2411 495 2460 panis
528 2423 645 2460 quem
687 2419 923 2447 consecrant
964 2409 1003 2445 in
1043 2409 1166 2445 nichil
1202 2407 1467 2452 convertitur3

154 2484 234 2508 non
274 2470 380 2507 enim
422 2478 479 2505 est
518 2468 627 2505 racio
668 2481 791 2517 quare
838 2468 926 2516 plus
970 2476 1191 2503 verteretur
1236 2466 1276 2502 in
1322 2479 1468 2514 corpus

155 2528 304 2566 Christi
329 2540 449 2576 quam
480 2527 520 2563 in
545 2527 734 2563 deitatem
760 2527 818 2563 vel
843 2527 1014 2561 formam
1041 2525 1163 2562 aliam
1188 2524 1466 2573 respectivam,

1513 1245 1571 1273 We
1592 1246 1655 1273 lose
1675 1246 1726 1273 the

1520 1281 1594 1308 fruit
1615 1281 1649 1308 of
1666 1282 1714 1308 the

1506 1321 1678 1343 sacrament
1700 1317 1728 1343 in

1504 1351 1662 1386 attending
1682 1356 1733 1378 too

1517 1386 1608 1413 much
1630 1391 1661 1413 to
1681 1387 1722 1413 its

1490 1421 1629 1448 outwai·d
1653 1421 1747 1457 signs.

1511 1771 1728 1799 Abstractions

1489 1812 1601 1834 cannot
1623 1807 1698 1834 have
1719 1814 1755 1833 an

1518 1842 1728 1876 independent

1541 1878 1704 1904 existence.

1509 2237 1678 2272 Ignorance
1699 2238 1734 2263 οῖ’

1491 2272 1551 2298 this
1573 2272 1597 2298 is
1618 2272 1667 2298 the
1690 2277 1756 2298 root

1501 2307 1535 2334 of
1552 2315 1638 2334 error
1658 2316 1690 2333 as
1712 2311 1741 2333 to

1501 2343 1550 2369 the
1573 2342 1744 2369 Eucharisi.

1500 2527 1587 2563 They
1608 2536 1662 2563 say
1683 2528 1746 2554 that

1526 2563 1718 2589 benedictioii

155 2588 224 2624 sed
257 2586 358 2623 sicut
391 2585 514 2622 nichil
537 2586 645 2633 quod
678 2584 751 2620 fuit
774 2597 866 2632 pars
891 2584 1004 2631 panis
1034 2593 1228 2620 remanet.
1260 2583 1316 2619 sic
1339 2582 1571 2630 panis,111.-115
1592 2598 1640 2624 the
1663 2598 1753 2624 broad

95 2655 140 2686 40
156 2645 196 2682 in
227 2644 351 2681 nichii
385 2643 632 2680 convertitur
664 2643 810 2678 virtute
848 2643 1062 2678 verborum
1097 2640 1467 2685 sacramentalium,

155 2703 322 2740 omnino
353 2702 394 2738 fit
417 2701 552 2738 nichil.
586 2703 634 2736 Et
667 2700 742 2737 ista
775 2699 995 2737 blateracio
1028 2699 1205 2747 ydiotica
1238 2698 1334 2735 dicit
1367 2699 1469 2734 blas-

225 2845 249 2864 2.
272 2836 366 2865 Cod.:
389 2836 548 2863 acerrime.
651 2844 679 2870 ι).
701 2834 813 2862 dicitur
833 2834 930 2861 twice.
1033 2841 1070 2860 12.
1093 2832 1189 2860 Cod.:
1213 2837 1311 2860 morte
1330 2832 1469 2859 Judaico.

157 2880 195 2907 17.
212 2872 270 2900 Hic
285 2872 321 2899 ali
350 2880 386 2899 ua
403 2871 493 2898 verba
508 2870 658 2897 excidisse
674 2869 827 2896 videntur.
883 2868 928 2896 30.
943 2868 1038 2895 Cod.:
1055 2872 1163 2895 conten
1181 2889 1186 2893 .
1201 2889 1207 2894 .
1222 2889 1227 2894 .
1242 2889 1247 2894 .
1264 2867 1469 2894 discensione.

156 2906 202 2942 34.
225 2912 266 2941 ut,
288 2907 323 2934 ad
351 2916 381 2933 e:
403 2906 507 2941 aliqui.
565 2903 606 2932 35.
623 2904 718 2932 Cod.:
740 2905 838 2931 activa
860 2904 935 2931 sine.
991 2912 1041 2937 40.
1064 2903 1201 2930 Rectius:
1222 2910 1291 2929 cum
1314 2903 1343 2928 iii
1366 2902 1469 2928 nichil.

1294 2951 1331 2982 13

1508 2633 1571 2659 into
1593 2632 1733 2666 nothing.
