1944 3323
158 243 234 279 518
735 248 957 281 JOHANNIS
979 247 1160 280 WYCLIF
1179 247 1435 279 SERMONUM
1495 232 1645 290 [SERMO
1666 242 1743 272 LIX.

439 355 661 394 vivencium
699 363 865 392 vocatur
909 363 1014 390 terra
1059 366 1127 390 sua
1166 353 1372 399 naturalis,
1413 352 1505 402 quia
1544 353 1593 389 ad
1632 351 1743 389 illum

442 415 599 451 fuerunt
631 427 653 450 a
687 415 769 449 Deo
804 412 974 449 finaliter
1008 420 1044 448 et
1077 412 1313 448 naturaliter
1345 410 1532 448 ordinati.

187 481 253 510 The
275 482 392 509 secular
498 471 712 508 Dubitatur
762 470 825 507 hic
874 479 1008 506 utrum
1066 469 1308 516 gubernacio
1359 468 1461 517 regis
1511 468 1745 517 temporalis

162 518 277 579 insfflffg
298 522 411 579 fflffl‘sL
441 531 574 578 quoad
624 541 790 576 regnum
841 541 954 564 suum
1007 528 1148 563 debeat
1199 540 1241 563 ex
1299 526 1594 575 gubernacione
1644 526 1745 574 regis

441 586 588 625 Christi
627 586 667 622 in
705 586 892 622 omnibus
932 585 1159 633 exemplari.
1214 588 1294 621 Nec
1334 585 1499 621 dubium
1541 584 1636 633 quin
1675 584 1778 628 sie‚5

441 658 530 682 cum
571 657 614 681 ex
652 643 867 692 participio
900 642 1100 691 sapiencie
1134 643 1248 679 huius
1280 642 1382 690 regis
1414 651 1574 690 oportet
1607 654 1745 678 omnes

441 715 551 751 reges
579 712 697 747 terre,
722 714 862 738 omnes
891 702 1089 738 seculares
1113 701 1310 746 dominos,
1335 701 1460 737 immo
1485 712 1623 736 ornnes
1647 699 1745 736 alios

441 760 677 797 christianos
700 759 872 807 regulari
896 764 952 804 (ut
975 767 1083 807 patet
1108 758 1146 794 in
1170 758 1388 806 prophecia
1411 758 1526 794 huius
1550 757 1745 806 epistole).

439 821 537 855 Tres
568 831 660 866 ergo
690 826 781 854 sunt
809 819 956 865 gradus
986 816 1185 865 sapiencie
1215 816 1330 853 huius
1360 816 1462 864 regis
1492 816 1531 852 in
1554 815 1746 863 regimine

440 876 550 924 regni
601 875 673 921 sui,
726 875 858 923 primo
909 876 1016 923 quod
1067 887 1206 910 omnes
1250 874 1373 922 legios
1417 886 1509 910 suos
1537 870 1542 927 Ι
1571 872 1746 909 defendit
1764 852 1845 931 ἓξὲξ,

440 942 636 983 potenter,
679 946 767 969 cum
801 932 878 969 sint
912 931 1171 969 materialiter
1203 944 1369 980 regnum
1409 945 1537 978 suum,
1571 926 1773 967 secundo*

440 993 548 1041 quod
587 993 719 1028 hostes
757 1003 849 1027 suos
889 990 1056 1027 destruit
1094 990 1296 1038 sapienter
1335 998 1372 1026 et
1410 989 1637 1038 specialiter
1676 987 1747 1024 ini-

441 1050 566 1087 micos
610 1061 703 1086 suos
743 1048 998 1093 domesticos,
1042 1061 1131 1084 cum
1165 1047 1242 1084 sint
1275 1047 1334 1084 sui
1367 1046 1547 1096 precipui
1580 1045 1746 1091 inimici,

441 1117 477 1144 et
509 1107 633 1144 tercio
667 1108 775 1156 quod
809 1107 935 1154 legem
971 1115 1007 1142 et
1040 1106 1229 1154 regaliam
1270 1119 1383 1142 suam
1418 1107 1535 1142 docet
1568 1103 1747 1152 longani-

440 1166 570 1211 miter,
617 1178 706 1202 cum
752 1164 835 1201 sine
880 1164 963 1201 eius
1003 1164 1194 1212 regimine
1232 1177 1312 1200 non
1357 1172 1434 1199 stat
1477 1175 1662 1210 regnum;
1709 1165 1802 1198 et15

439 1225 489 1260 ad
534 1223 608 1259 ista
651 1222 728 1259 tria
772 1231 930 1270 oportet
974 1214 1105 1269 regem
1150 1230 1352 1258 terrenum
1393 1222 1611 1266 attendere,
1657 1232 1746 1255 cum

440 1280 686 1329 impossibile
731 1279 779 1317 sit
824 1279 954 1328 ipsum
999 1292 1163 1327 regnum
1209 1292 1324 1315 suum
1370 1291 1504 1326 regere
1548 1277 1747 1326 sapienter

441 1339 524 1375 sine
556 1338 683 1374 tribus
718 1339 766 1374 ab
800 1338 884 1374 istis
917 1336 1323 1386 proporcionabiliter
1356 1335 1558 1372 derivatis.

194 1417 213 1436 ι.
235 1407 279 1446 He
301 1412 382 1446 must
499 1397 642 1441 Quoad
682 1395 856 1444 primum
897 1403 1056 1443 oportet
1095 1407 1227 1442 regem
1261 1403 1464 1430 terrenum
1497 1393 1621 1442 legios
1655 1405 1748 1429 suos

200 1442 378 1513 ἀξζῖἳέεἴιζξῧ
440 1463 625 1502 potenter
664 1454 887 1499 defendere,
934 1466 1024 1489 cum
1070 1465 1151 1489 non
1193 1453 1295 1489 foret
1333 1451 1448 1489 aliter
1486 1464 1551 1488 rex
1583 1463 1747 1487 suorum
1765 1463 1805 1484 20

439 1512 515 1549 nisi
548 1512 649 1548 forte
683 1511 874 1560 equivoce
907 1512 957 1547 ad
991 1510 1263 1547 defensionem
1296 1509 1427 1555 istam,
1463 1522 1553 1546 cum
1585 1521 1666 1545 non
1698 1507 1748 1544 sit

441 1570 616 1606 defensio
660 1568 879 1618 spiritualis
923 1568 1106 1614 sciencie,
1155 1569 1222 1605 sed
1257 1568 1395 1616 pocius
1440 1566 1617 1603 defensio
1662 1579 1749 1602 cor-

440 1628 603 1676 poralis,
637 1640 727 1663 cum
749 1626 935 1663 vendicat
967 1639 1086 1674 super
1116 1638 1284 1674 corpore
1323 1625 1382 1662 sui
1415 1625 1504 1673 legii
1535 1623 1747 1669 dominari,

441 1694 596 1734 spectat
647 1694 691 1721 ut
737 1697 803 1721 rex
840 1697 921 1721 non
961 1684 1120 1721 deficiat
1159 1684 1198 1720 in
1236 1683 1429 1731 regimine
1470 1681 1650 1731 corporis
1689 1681 1749 1718 sui

442 1743 532 1792 legii
565 1745 672 1792 quod
706 1742 980 1790 multipliciter
1012 1750 1143 1790 potest
1176 1742 1418 1790 contingere.
1453 1741 1588 1777 Primo
1621 1739 1652 1776 si
1685 1751 1750 1775 rex
1767 1742 1806 1775 25

153 1814 427 1849 andnotdelegatc
443 1814 485 1838 ex
523 1800 769 1849 negligencia
808 1801 1002 1837 concedat
1039 1800 1119 1836 suis
1157 1799 1324 1836 subditis
1369 1807 1607 1847 potestatem
1653 1809 1749 1846 quo—

161 1850 421 1912 ἵζ’]ζζωψξῇᾗξζῇᾒε
443 1861 725 1907 modocunque
768 1858 966 1895 voluerint
1016 1857 1139 1905 legios
1193 1858 1282 1894 illos
1326 1857 1564 1904 extinguere.
1608 1856 1747 1892 Talem

245 1920 338 1947 them.
442 1926 573 1954 autem
621 1916 908 1964 negligenciam
953 1915 1221 1952 voluntariam
1274 1928 1353 1951 non
1400 1914 1533 1951 audivi
1578 1913 1617 1950 in
1659 1925 1749 1960 rege

442 1975 576 2024 aliquo
617 1975 834 2011 christiano
872 1974 932 2010 vel
971 1986 1142 2021 pagano,
1183 1986 1272 2009 cum
1310 1973 1413 2009 foret
1452 1971 1571 2008 nimis
1604 1970 1749 2019 supina

442 2033 629 2069 stulticia.
665 2034 756 2069 Ideo
796 2032 898 2068 absit
931 2033 1039 2080 quod
1072 2044 1136 2067 rex
1168 2030 1309 2077 Anglie
1348 2031 1543 2066 concedat
1577 2027 1749 2064 inimicis
1767 2031 1808 2062 30

441 2091 521 2127 suis
574 2089 805 2127 domesticis
856 2098 1095 2137 potestatem
1144 2090 1194 2125 ad
1238 2088 1361 2136 legios
1405 2100 1498 2124 suos
1543 2088 1614 2123 sub
1658 2086 1749 2122 fuco

442 2148 649 2196 pravitatis
691 2147 862 2184 heretice
902 2146 1178 2195 inquisicionis
1217 2146 1273 2182 sic
1319 2144 1583 2193 corporaliter
1628 2143 1750 2180 extin-

441 2207 655 2254 guendum.
703 2205 884 2242 Christus
930 2204 1034 2241 enim
1079 2208 1136 2249 (ut
1177 2203 1327 2240 dictum
1374 2208 1445 2249 est)
1488 2216 1567 2239 non
1612 2201 1751 2238 habuit

443 2263 673 2301 huiusmodi
718 2271 973 2311 potestatem.
1031 2261 1127 2306 Quis
1173 2274 1265 2309 ergo
1311 2262 1421 2297 color
1465 2261 1573 2309 quod
1616 2258 1751 2296 vendi-

444 2330 577 2358 cantes
612 2333 652 2357 se
683 2333 765 2357 esse
790 2320 937 2357 Christi
969 2319 1139 2357 vicarios
1172 2319 1241 2355 illo
1274 2319 1390 2355 titulo
1424 2319 1499 2355 hoc
1533 2317 1748 2366 optarent?
1768 2320 1806 2352 35

225 2395 357 2423 Christ
500 2379 692 2416 Similiter
734 2380 791 2425 (ut
837 2380 953 2415 docet
994 2380 1097 2413 Luce
1132 2379 1233 2423 IXO),
1272 2378 1444 2413 Jacobus
1483 2384 1520 2412 et
1551 2376 1751 2411 Johannes

155 2429 419 2491 ¹⁸³¹{llssis¹2x‘r}eli,¹¹1s{¹i⁵
442 2437 509 2485 qui
539 2437 724 2473 videntur
756 2436 874 2472 fuisse
908 2435 977 2472 filii
1002 2435 1171 2471 Zebedei
1205 2434 1493 2471 extinccionem
1528 2432 1751 2469 coloracius

199 2499 301 2526 sames
321 2499 379 2525 and
444 2496 696 2543 exoptabant,
730 2496 798 2530 sed
831 2507 921 2530 cum
946 2493 1001 2529 illi
1025 2494 1182 2529 fuerunt
1206 2492 1378 2540 apostoli
1403 2491 1469 2540 qui
1499 2490 1752 2539 singulariter

243 2534 334 2561 John.
443 2552 657 2600 cupiebant
697 2551 920 2588 dominium
962 2563 1005 2587 ex
1050 2550 1341 2598 procuracione
1385 2548 1573 2597 petitoria
1614 2547 1750 2584 matris

442 2623 523 2656 sue,
580 2609 737 2647 videtur
787 2611 895 2658 quod
951 2621 1091 2645 omnes
1141 2609 1320 2644 volentes
1370 2607 1589 2643 secundum
1640 2605 1809 2649 illam4o

510 2752 539 2777 4.
566 2743 598 2770 In
620 2751 734 2778 marg:
761 2742 907 2770 Dubium.
1051 2750 1078 2777 ς).
1106 2742 1138 2769 In
1161 2750 1274 2775 marg:
1303 2749 1322 2768 1.
1467 2748 1500 2767 11.
1527 2740 1559 2767 In
1582 2747 1696 2774 marg:
1724 2746 1748 2765 2.

443 2787 485 2811 ιι.
510 2779 540 2805 ln
563 2786 678 2812 marg:
706 2776 730 2804 3.
805 2778 846 2805 25.
868 2778 900 2804 In
923 2784 1034 2811 marg:
1064 2785 1084 2804 1.
1157 2776 1202 2804 343.
1224 2777 1256 2802 ln
1280 2784 1392 2811 marg:
1419 2783 1443 2802 2.

513 2861 544 2893 3.
571 2860 623 2893 Cf.
651 2862 764 2892 Serm.
790 2867 876 2903 part.
905 2860 960 2899 IV,
988 2860 1099 2891 Serm.
1127 2860 1150 2890 Ι.
