1944 3323
219 1184 263 1211 He
285 1192 354 1219 may
376 1184 410 1210 be

232 1219 395 1254 unworthy

214 1254 316 1281 before
338 1254 417 1280 God.

766 260 988 291 JOHANNIS
1006 260 1188 292 WYCLIF
1206 260 1460 293 SERMONUM
1524 246 1674 303 [SERMO
1698 259 1773 286 LIII-

470 366 595 402 eciam
636 375 743 402 caret
783 375 990 413 perpetuo,
1032 375 1068 401 et
1108 376 1200 402 tunc
1241 368 1287 402 de
1327 367 1394 402 illo
1434 369 1627 414 probatur
1665 369 1772 416 quod

470 426 587 460 habet
612 437 633 460 a
658 426 740 460 Deo
765 423 957 471 quicquid
981 424 1127 460 habere
1161 425 1317 470 debeat,
1352 434 1388 460 et
1422 438 1493 472 per
1527 438 1776 474 consequens

470 482 659 530 quicquid
685 482 826 517 debeat
851 494 933 517 esse
955 494 1091 528 suum3
1116 484 1381 530 supponendo
1406 483 1537 530 primo
1561 483 1775 531 sophistice

469 541 565 576 illud
604 540 801 575 famosum
836 541 944 587 quod
983 552 1101 575 omne
1144 541 1250 588 quod
1288 540 1361 576 fuit
1399 541 1459 576 vel
1498 540 1570 577 erit
1609 550 1665 577 est
1703 555 1775 589 pro

469 608 652 646 tempore
696 610 825 643 suum,
872 606 908 633 et
955 606 1048 633 tunc
1093 610 1216 645 arguo
1261 597 1317 634 sic
1361 598 1598 646 sophistice:
1648 601 1808 635 Nemofi

469 657 585 692 debet
619 656 765 691 habere
799 655 873 690 nisi
909 656 1016 703 quod
1052 657 1155 691 Deus
1188 655 1271 691 vult
1304 665 1345 692 ut
1384 656 1466 705 ipse
1506 658 1665 702 habeat,
1706 659 1775 693 sed

468 714 499 750 si
540 716 643 750 Deus
683 714 763 750 vult
805 722 846 749 ut
886 713 968 760 ipse
1014 714 1170 757 habeat,
1216 726 1376 750 necesse
1422 722 1478 750 est
1523 728 1594 762 pro
1640 714 1775 763 aliquo

468 782 662 819 tempore,
716 773 822 819 quod
875 771 1003 818 ipsum
1054 772 1184 812 habet,
1242 785 1330 807 cum
1384 773 1508 808 onznia
1561 785 1777 821 quecunque

470 830 587 865 voluit
622 830 810 865 Dominus
842 829 943 877 fecit
987 830 1022 864 in
1068 829 1147 865 celo
1194 836 1228 864 et
1275 830 1310 865 in
1350 838 1468 865 terra.
1516 830 1553 866 Si
1595 843 1688 878 ergo
1727 831 1775 866 sit

468 889 616 924 iustum
650 888 711 924 vel
744 886 922 923 debitum
957 888 1065 934 quod
1098 888 1220 922 homo
1254 887 1469 936 quicquam
1504 889 1661 933 habeat,
1703 900 1833 936 pr010

468 946 603 994 aliquo
636 954 818 993 tempore
851 945 980 992 ipsum
1017 946 1154 991 habet3
1188 945 1278 981 ideo
1312 955 1446 982 errant
1480 946 1672 982 mundani
1706 960 1775 994 pu-

467 1013 597 1041 tantes
629 1004 736 1051 quod
770 1004 892 1039 homo
926 1002 1138 1039 iniuriatus
1170 1004 1390 1039 secundum
1424 1004 1528 1052 leges
1567 1016 1658 1040 suas
1698 1004 1776 1040 fru-

468 1071 616 1099 stratur
649 1074 671 1098 a
705 1060 982 1108 complecione
1014 1060 1171 1097 iusticie
1195 1074 1268 1109 pro
1292 1074 1363 1098 suo
1387 1070 1596 1110 perpetuo,
1629 1063 1776 1098 Multos

469 1120 571 1157 enim
607 1119 801 1168 prescitos
834 1120 1053 1155 secundum
1087 1118 1147 1155 ius
1179 1131 1294 1155 suum
1319 1128 1506 1168 reputant
1529 1132 1613 1156 esse
1637 1120 1776 1168 dignos

468 1177 721 1227 possessione
754 1176 809 1213 rei
843 1189 916 1225 pro
950 1189 1027 1225 qua
1060 1176 1255 1225 placitant
1287 1186 1324 1213 et
1354 1186 1448 1214 tunc
1472 1179 1579 1226 apud
1602 1178 1774 1225 primam
1797 1178 1832 1210 15

469 1236 668 1273 iusticiam
714 1244 805 1271 sunt
849 1234 1015 1281 indigni.
1067 1234 1182 1270 Multi
1228 1234 1333 1271 enim
1380 1236 1642 1283 predestinati
1687 1245 1776 1272 sunt

183 1288 453 1350 ἱξῐξάρζξέξξιζῑέῑῑῖξυ
470 1294 576 1342 digni
621 1293 872 1342 possessione
917 1292 1201 1340 temporalium
1244 1306 1319 1341 que
1362 1307 1584 1342 numquam
1630 1295 1777 1330 habent

195 1367 356 1392 possessos
377 1359 406 1384 in
427 1366 442 1384 a
470 1352 652 1397 civiliter,
699 1352 767 1387 sed
814 1352 961 1386 habent
1006 1363 1092 1386 eam
1138 1350 1308 1387 fertilius
1352 1360 1389 1387 et
1434 1351 1574 1388 melius
1613 1351 1654 1387 in
1691 1352 1776 1388 iure

180 1393 274 1420 better
294 1401 361 1428 way
381 1393 432 1420 tlm

249 1428 287 1463 by
308 1427 375 1454 civil

222 1462 409 1497 owncrsllip.

437 1401 452 1418 Π
470 1410 565 1459 poli.
597 1410 797 1446 Justorum
831 1408 935 1444 enim
968 1416 1056 1444 sunt
1088 1409 1214 1444 omnin
1247 1411 1306 1457 (ut
1339 1411 1541 1457 suppono)
1577 1419 1613 1445 et
1648 1410 1775 1446 consi-

470 1470 565 1505 dera
599 1469 705 1516 quod
740 1469 845 1503 Deus
877 1466 971 1503 facit
1004 1466 1218 1515 utrobique
1250 1468 1470 1503 secundum
1503 1480 1615 1504 suam
1649 1467 1775 1503 invin-
1793 1479 1834 1499 20

469 1526 626 1562 cibilem
661 1524 860 1561 iusticiam
894 1537 1213 1572 recompensam.
1249 1524 1446 1561 Prescitus
1480 1525 1585 1561 enirn
1611 1524 1776 1562 existens

468 1584 508 1620 in
540 1583 675 1632 gracia
708 1584 927 1619 secundum
963 1591 1187 1630 presentem
1221 1582 1420 1619 iusticiam
1446 1584 1607 1619 deberet
1631 1584 1777 1620 habere

468 1640 757 1678 beatitudinem
797 1650 834 1677 et
868 1641 993 1676 multa
1027 1640 1258 1677 accidencia
1291 1653 1367 1689 que
1400 1641 1532 1677 media
1564 1641 1693 1677 forent
1726 1643 1775 1677 ad

468 1701 597 1745 illam;
638 1712 720 1735 non
759 1708 895 1735 tamen
935 1699 1051 1734 debet
1084 1699 1230 1735 habere
1264 1698 1387 1743 illam,
1428 1698 1531 1735 sicut
1564 1711 1636 1735 nee
1671 1701 1776 1735 Deus

466 1759 549 1795 vult
582 1759 689 1806 quod
722 1757 808 1805 ipsa
841 1757 998 1802 habeat,
1039 1769 1129 1792 cum
1172 1757 1254 1793 eius
1287 1765 1427 1804 torpor
1461 1765 1497 1792 et
1528 1756 1776 1805 negligencia
1794 1757 1832 1788 25

467 1816 517 1853 sit
550 1815 589 1851 in
623 1827 762 1860 causa;
803 1816 871 1851 sed
912 1815 1029 1850 debet
1070 1815 1216 1850 habere
1256 1814 1593 1862 dampnacionem
1634 1827 1775 1863 perpe-

467 1884 593 1919 tuam,
635 1886 724 1909 cum
765 1874 840 1908 hoc
879 1872 928 1909 sit
967 1873 1015 1908 de
1049 1871 1120 1908 Dei
1159 1872 1412 1920 beneplacito
1446 1881 1483 1908 et
1522 1872 1578 1908 sic
1611 1872 1772 1909 iustum.

468 1934 515 1968 Et
549 1933 597 1968 de
630 1930 843 1967 habicione
876 1929 981 1966 illius
1015 1943 1086 1978 pro
1121 1943 1191 1966 suo
1225 1939 1407 1978 tempore
1440 1939 1497 1966 est
1530 1942 1705 1966 securus.

193 1995 438 2021 Uothssodand
526 1992 638 2026 Patet
684 1988 810 2025 eciam
856 1989 1063 2037 quomodo
1108 1997 1190 2024 tam
1237 1990 1321 2024 Deo
1367 2000 1486 2036 quam
1534 1988 1687 2024 homini
1734 1988 1775 2024 fit

180 2038 249 2056 man
276 2029 350 2055 have
372 2029 453 2055 what
574 2047 580 2052 .
709 2046 715 2051 .
753 2046 759 2051 .
818 2046 824 2052 .
1793 2045 1807 2055 η

180 2064 451 2098 rightlvismt-irs,
470 2048 675 2095 multiplex
707 2059 866 2091 iniuria,
901 2054 938 2081 et
971 2058 1059 2081 cum
1094 2055 1175 2082 tam
1210 2048 1313 2081 Deus
1347 2058 1467 2093 quam
1502 2047 1623 2082 homo
1657 2047 1775 2083 habet
1793 2057 1834 2076 ³0

179 2103 231 2125 not
247 2095 326 2125 what
343 2098 430 2132 right]

232 2133 342 2159 should
367 2134 400 2160 be

265 2168 370 2194 tlte-irs.

435 2107 452 2134 Ν
468 2118 548 2141 non
579 2104 771 2152 quicquid
815 2105 989 2149 deberet,
1028 2105 1095 2140 sed
1131 2103 1321 2151 quicquid
1356 2105 1497 2140 debeat
1530 2116 1613 2140 esse
1646 2117 1774 2140 suum.

468 2162 609 2199 Omnis
643 2162 749 2198 enim
783 2161 977 2198 iniurians
1012 2162 1129 2197 habet
1161 2174 1444 2209 quamcunque
1476 2173 1621 2209 penam
1655 2174 1774 2210 quam

469 2221 585 2256 debet
620 2221 765 2256 habere
798 2233 872 2268 pro
905 2232 975 2256 sua
1008 2219 1167 2265 iniuria,
1203 2228 1238 2255 et
1271 2219 1326 2255 ita
1359 2219 1516 2255 videtur
1550 2221 1657 2267 quod
1690 2219 1775 2268 qui-

468 2278 576 2323 libet,
610 2277 711 2313 sicut
744 2286 939 2325 perpetuo
979 2277 1190 2313 iniuriatur
1229 2276 1303 2312 sibi
1341 2276 1418 2324 ipsi
1457 2286 1494 2313 et
1534 2277 1695 2313 cuilibet
1735 2277 1774 2312 in

469 2336 568 2380 celo,
614 2335 669 2372 sic
714 2344 910 2383 perpetuo
949 2336 1067 2371 habet
1106 2347 1250 2383 penam
1296 2347 1369 2382 pro
1415 2335 1484 2370 tali
1529 2334 1687 2379 iniuria,
1733 2343 1775 2370 ut
1792 2334 1829 2366 35

469 2402 664 2441 perpetuo
698 2401 755 2429 est
788 2392 971 2430 iniustus.
1009 2395 1065 2428 De
1098 2406 1176 2441 qua
1209 2404 1311 2440 pena
1346 2405 1428 2428 non
1461 2391 1546 2440 ipse
1577 2394 1645 2428 sed
1669 2392 1774 2428 beati

469 2453 658 2487 habentes
698 2451 870 2487 fructum
911 2452 958 2486 de
997 2450 1188 2498 quolibet⁷
1234 2451 1282 2486 de
1322 2463 1399 2498 quo
1440 2449 1671 2486 iniuriatum
1718 2458 1774 2486 est

468 2509 545 2545 illis
580 2510 726 2545 habent
759 2509 949 2556 gaudium
984 2508 1287 2556 sempiternum.

525 2568 601 2603 Sed
655 2567 860 2602 redeundo
912 2568 962 2602 ad
1014 2566 1259 2602 sentenciam
1312 2565 1552 2613 grossiorem
1606 2565 1813 2630 iusticie,F
1845 2600 1851 2630 l

468 2637 557 2660 cum
622 2625 841 2660 secundum
900 2623 1155 2660 Aristotelem
1185 2621 1190 2676 Ι
1217 2625 1270 2659 V0
1324 2623 1558 2659 Ethicorum
1625 2623 1770 2658 iustum
1791 2610 1869 2682 28⁰0}

536 2781 562 2808 8,
585 2781 679 2808 C(›d.:
702 2781 783 2816 quod
806 2780 898 2807 deest.

537 2874 566 2906 8.
584 2876 637 2907 ps.
655 2875 837 2913 CXXX1V,
859 2874 888 2907 6.
962 2886 1018 2913 40.
1037 2874 1144 2905 Ethic.
1162 2873 1296 2905 Nicom.
1314 2875 1353 2912 V,
1370 2884 1398 2905 2.
1415 2874 1505 2916 Opp.
1526 2880 1610 2906 tom.
1626 2874 1678 2911 111,
1696 2873 1771 2915 557.
