1944 3323
145 237 225 280 448
727 244 950 275 JoimNNJs
971 243 1151 274 WYCLIF
1170 242 1424 274 SERMONUM
1505 228 1655 286 [SERMO
1676 239 1739 267 Lu.

432 349 716 397 temporalium
760 361 880 396 quam
916 350 962 384 de
995 349 1090 396 ipsis
1123 358 1303 397 reportat
1336 357 1392 385 est
1426 349 1604 396 perfidus
1627 349 1731 385 Anti-

432 407 601 443 christus
635 407 673 442 in
707 419 808 454 pena
841 415 1034 454 perpetua
1068 407 1321 443 desolandus.

144 473 275 512 l'retates
303 473 413 500 should
488 467 541 500 Ex
589 464 732 513 quibus
777 472 886 511 patet
931 464 1145 501 correlarie
1190 466 1298 512 quod
1343 464 1485 511 prelati
1532 473 1574 500 ut
1619 476 1734 512 pape,

161 508 391 577 ῑῇζξῇγξυῖᾘζζῖῗς
430 522 608 570 episcopi
642 531 678 558 et
711 530 886 558 rectores
920 521 1127 558 audientes
1161 522 1341 558 subditos
1379 534 1470 558 suos
1511 535 1530 558 a
1571 522 1736 558 veritate

207 586 245 612 ἕο
267 582 378 612 astray.
431 580 521 616 fidei
563 592 696 616 errare
736 580 880 615 debent
925 581 972 615 de
1017 580 1092 616 hoc
1136 579 1176 616 in
1220 579 1420 616 infinitum
1467 580 1555 627 plus
1601 580 1770 615 dolere5

430 651 548 686 quam
584 637 614 674 si
648 636 895 685 perdiderint
928 637 1065 674 omnia
1098 638 1209 674 lucra
1242 636 1393 673 mundi.
1427 638 1527 674 Nam
1562 650 1632 685 per
1660 638 1736 673 hoc

430 697 596 744 perdent
642 695 928 731 beatitudinem
976 704 1012 731 et
1056 708 1126 743 per
1171 707 1417 744 consequens
1456 695 1592 732 omnia
1631 696 1736 731 bona

430 753 512 790 Dei.
566 755 614 789 Et
658 762 768 801 patet
814 755 921 801 quod
965 753 1108 801 prelati
1153 753 1331 789 videntes
1376 753 1570 801 populum
1619 766 1733 789 suum

430 824 563 848 errare
608 811 647 846 in
694 811 770 847 fide
816 810 1029 847 eukaristie
1075 820 1111 847 et
1156 820 1320 859 propter
1358 811 1636 848 infidelitatem
1674 811 1735 847 vel

427 868 718 917 negligenciam
752 882 864 905 suam
899 881 976 917 qua
1010 870 1155 905 debent
1188 869 1265 905 illis
1299 881 1539 917 cognoscere
1572 878 1608 905 et
1641 881 1734 905 con-
1756 880 1792 901 ιο

167 936 212 963 As
233 936 254 964 it
274 937 310 967 is,
331 936 380 963 the
427 936 580 964 stanter
611 940 683 963 suo
717 928 867 975 populo
891 926 1099 975 predicare
1123 928 1269 963 habent
1293 927 1499 963 desolandi
1524 926 1732 963 materiam

141 972 411 1033 mgfff}-Jl⁹}t1¹l¹²¹tffin
429 987 476 1022 de
514 998 585 1022 sua
625 985 814 1033 perfidia3
861 987 928 1021 sed
967 985 1110 1033 prelati
1150 984 1301 1021 faciunt
1340 986 1455 1033 plene
1500 984 1732 1033 oppositum

171 1042 219 1067 1¹¹⁶
242 1042 382 1076 pst-lates.
428 1057 518 1080 cum
552 1044 724 1092 populus
748 1044 866 1079 habet
890 1042 1160 1079 communiter
1184 1043 1377 1080 maiorem
1403 1042 1615 1079 scintillam
1643 1041 1734 1078 fidei

428 1115 547 1150 quam
582 1100 738 1150 prelati.
772 1104 852 1137 Nec
885 1103 998 1137 obest
1021 1101 1117 1149 quin
1139 1102 1356 1149 Apostolus
1389 1113 1546 1149 semper
1579 1100 1734 1148 gracias

428 1169 517 1208 agat
551 1162 648 1206 Deo⁷
683 1159 776 1208 quia
815 1159 945 1195 omnis
984 1159 1278 1207 predestinatus
1318 1159 1371 1205 (in
1407 1168 1601 1208 quantum
1635 1160 1734 1194 bene
1756 1161 1789 1191 15

426 1218 534 1263 vivit)
567 1217 647 1266 agit
680 1216 833 1265 gracias
867 1219 950 1253 Deo
983 1230 1066 1253 suo.
1103 1217 1212 1254 Licet
1245 1226 1377 1254 autem
1412 1219 1517 1253 Deus
1550 1217 1599 1252 sit
1629 1219 1733 1252 Deus

427 1276 621 1322 omnium,
662 1284 719 1312 est
756 1284 891 1311 tamen
929 1274 1183 1322 singulariter
1216 1278 1321 1311 Deus
1353 1275 1732 1324 predestinatorum,

427 1334 528 1371 sicut
562 1336 609 1370 de
643 1346 683 1370 se
717 1332 803 1381 ipso
836 1332 945 1369 novit
977 1334 1208 1380 Apostolus.

193 1401 359 1442 suvant}
485 1392 576 1440 Agit
616 1400 749 1428 autem
789 1390 946 1438 gracias
986 1392 1069 1426 Deo
1114 1404 1185 1428 suo
1230 1403 1310 1427 non
1356 1391 1462 1438 quod
1507 1388 1731 1438 prosperati

140 1436 397 1497 ¹¹¹}{PAE‘350115‘1fi'ssd
426 1459 518 1486 sunt
551 1449 733 1487 Corinthi
767 1448 806 1484 in
839 1448 1129 1496 temporalibus
1163 1461 1233 1485 nec
1266 1449 1374 1497 quod
1407 1447 1535 1484 sanati
1570 1456 1660 1483 sunt
1693 1447 1790 1482 i112o

140 1506 412 1567 spisitssfalssxlxssclfare
426 1507 677 1545 naturalibus
717 1508 785 1543 sed
825 1506 990 1543 omnino
1024 1508 1131 1555 quod
1165 1505 1389 1554 prosperati
1423 1514 1513 1542 sunt
1545 1505 1585 1541 in
1617 1505 1731 1553 spiri-

169 1575 376 1602 Cm-mthmns.
427 1566 602 1603 tualibus
637 1565 752 1601 donis
786 1564 870 1600 Dei.
918 1566 1004 1600 Hoc
1043 1564 1147 1600 enim
1189 1564 1307 1600 infert
1347 1563 1536 1612 quicquid
1576 1572 1633 1599 est
1665 1575 1731 1598 ne-

427 1624 642 1661 cessarium
678 1622 830 1659 homini
865 1633 945 1659 tam
982 1624 1115 1671 quoad
1149 1635 1294 1671 corpus
1328 1634 1447 1670 quarn
1482 1622 1614 1669 quoad
1648 1621 1730 1657 ani-

428 1696 533 1719 mam
579 1681 816 1718 necessitate
856 1689 1071 1729 perpetua3
1118 1680 1206 1716 ideo
1246 1679 1342 1716 dicit
1375 1680 1591 1727 Apostolus
1624 1680 1731 1727 quod

426 1740 580 1787 gracias
614 1740 695 1788 agit
719 1741 802 1775 Deo
839 1751 919 1774 non
953 1740 999 1775 de
1032 1737 1147 1774 bonis
1180 1739 1338 1774 fortune
1371 1738 1429 1773 vel
1454 1737 1567 1773 bonis
1590 1746 1731 1773 nature
1751 1742 1787 1773 25

426 1800 493 1834 sed
528 1800 575 1834 de
609 1798 735 1834 tribus
775 1797 889 1832 bonis
927 1796 1078 1844 gracie:
1122 1797 1163 1831 In
1194 1796 1347 1846 gracia,
1381 1795 1522 1843 inquit,
1558 1795 1633 1831 Dei
1663 1807 1733 1843 que

426 1857 515 1892 data
549 1864 601 1892 est
635 1856 739 1891 vobis
770 1855 804 1890 in
835 1855 990 1890 Christo
1011 1855 1112 1890 Jesu.
1146 1856 1193 1889 Et
1227 1855 1277 1890 ad
1300 1854 1546 1890 conformem
1571 1865 1728 1889 sensum

425 1915 645 1961 gaudenter
697 1913 874 1961 loquitur
927 1914 974 1948 de
1022 1912 1117 1960 ipsis
1164 1911 1381 1955 Corinthis,
1428 1912 1589 1959 quando
1635 1910 1729 1946 dicit

425 1973 526 2020 quod
563 1973 597 2007 in
637 1971 810 2007 omnibus
855 1971 990 2006 divites
1023 1970 1130 2018 facti
1171 1970 1272 2013 estis,
1316 1969 1381 2005 ubi
1428 1968 1605 2017 loquitur
1649 1981 1728 2004 non

425 2029 590 2065 dubium
626 2031 674 2065 de
707 2028 982 2076 spiritualibus
1016 2027 1168 2063 diviciis
1202 2036 1238 2063 et
1271 2040 1350 2063 non
1374 2028 1421 2063 de
1445 2025 1725 2063 habundancia
1745 2030 1787 2061 30

425 2097 661 2124 stercorum.
707 2086 747 2121 Si
782 2086 887 2123 enim
922 2086 1219 2122 attenderemus
1254 2086 1302 2121 ad
1337 2086 1461 2132 legem
1497 2083 1659 2120 Domini
1693 2092 1728 2120 et

425 2155 571 2182 statum
606 2145 782 2193 primeve
816 2144 994 2189 ecclesie,
1036 2144 1272 2179 deberemus
1311 2144 1357 2178 de
1397 2141 1542 2178 talibus
1577 2141 1729 2178 diviciis

425 2213 460 2239 et
507 2203 640 2240 clerici
686 2201 914 2250 specialiter
959 2202 1188 2237 condolere.
1243 2201 1333 2236 Plus
1379 2200 1483 2236 enim
1530 2201 1729 2247 gaudebat

423 2262 642 2309 Apostolus
676 2262 783 2308 quod
818 2259 963 2295 Hebrei
997 2258 1137 2295 divites
1171 2258 1209 2294 in
1245 2258 1403 2294 Christo
1443 2257 1625 2306 rapinam
1661 2259 1729 2293 bo-

423 2332 566 2355 norum
601 2331 764 2354 suorum
799 2330 887 2353 cum
922 2317 1068 2364 gaudio
1102 2324 1361 2364 susceperunt
1386 2328 1504 2364 quam
1539 2316 1785 2362 gauderet35

424 2378 470 2412 de
503 2386 587 2413 tota
622 2376 834 2413 dotacione
874 2375 1038 2411 ecclesie
1077 2375 1149 2409 sub
1190 2387 1292 2421 papa
1326 2373 1515 2409 Silvestro
1548 2382 1729 2420 tempore

424 2434 691 2471 Constantini.
745 2437 843 2470 Nam
891 2432 1103 2469 affluencia
1142 2431 1424 2480 temporalium
1466 2430 1588 2467 nichil
1626 2431 1729 2467 valet

424 2492 589 2529 ecclesie
627 2491 701 2528 nisi
736 2493 783 2527 de
817 2500 967 2540 quanto
1008 2490 1134 2538 ipsam
1177 2498 1336 2537 ceperat
1377 2489 1414 2524 in
1456 2487 1729 2536 spiritualibus

424 2550 590 2595 diviciis,
626 2551 700 2586 hoc
735 2558 803 2594 est,
838 2549 983 2585 virtute
1017 2557 1052 2584 et
1085 2547 1240 2595 gracia3
1275 2548 1382 2595 quod
1417 2559 1507 2582 raro
1540 2547 1598 2582 vel
1631 2558 1729 2581 nun-

493 2716 512 2734 1.
534 2708 628 2735 Cod.:
659 2707 816 2742 perfidius.
908 2714 944 2733 ιε’.
967 2706 1060 2733 Cod.:
1084 2705 1213 2739 prelacia
1235 2705 1298 2732 sed.
1391 2703 1426 2730 13.
1449 2703 1544 2730 Cod.:
1567 2703 1725 2729 sintillam.

422 2751 464 2773 εν,
487 2751 532 2775 24.
555 2742 648 2769 Coa:
669 2750 760 2777 quau]
781 2750 843 2776 quo
863 2742 1008 2768 animam.
1099 2743 1142 2767 25.
1164 2740 1258 2767 cod:
1280 2739 1353 2766 dicit
1374 2740 1467 2765 deest,
1559 2737 1604 2771 34.
1628 2738 1722 2765 Cod:

422 2777 532 2804 Hebrei
554 2778 583 2803 di
605 2777 725 2804 divites.

493 2860 544 2891 26.
573 2861 594 2891 1.
624 2861 700 2891 Cor.
730 2860 752 2897 l,
778 2870 810 2900 4.
909 2869 960 2900 29.
989 2858 1031 2888 ib.
1063 2858 1090 2889 5.
