1944 3323
107 588 166 615 Sim
174 589 338 626 melitines<

172 626 200 648 oi
224 631 279 649 χιιι.

107 1682 206 1710 Three
227 1684 339 1710 classes

159 1719 192 1745 oi'
211 1719 290 1752 sins;

90 1808 108 1826 1.
131 1799 359 1833 driiiiltcliilcss;

671 241 894 273 JOHANNIS
914 240 1096 272 Wchr
1116 240 1370 274 SERMONUM
1489 229 1640 286 [semo
1663 242 1685 269 1.

436 348 482 382 Et
516 358 558 382 ex
592 347 667 382 isto
701 346 903 383 concludit
934 346 1150 393 Apostolus
1185 346 1399 383 correlarie
1433 349 1540 395 quod
1574 349 1682 385 debe-

378 416 461 439 mus
492 405 692 440 ambulare
724 405 879 440 honeste
913 403 950 438 in
984 403 1197 439 virtutibus
1236 412 1417 452 tempore
1457 406 1603 452 gracie,
1642 415 1684 442 ut

377 461 414 496 in
445 461 507 498 die
541 462 651 498 cuius
685 461 792 498 racio
826 471 881 497 est
914 469 1042 497 totum
1079 463 1154 497 hoc
1186 470 1343 509 tempus
1384 471 1439 499 est
1473 463 1555 499 dies
1591 464 1685 499 solis

378 519 544 565 iusticie,
582 520 619 555 in
655 533 733 567 quo
767 519 829 555 die
863 521 911 555 ab
946 519 1032 566 ipso
1067 519 1215 555 relucet
1248 520 1382 556 lumen
1414 521 1559 568 gracie.

435 579 481 612 Et
515 586 623 624 patet
658 577 783 625 turpis
817 577 1035 613 enormitas
1059 585 1318 625 peccatorum
1341 591 1422 615 non
1446 580 1575 615 solum
1602 581 1685 615 Deo
1702 584 1718 616 5

379 643 414 669 et
467 635 616 682 angelis
668 636 734 671 sed
789 635 915 671 eciam
970 633 1064 682 ipsis
1118 635 1362 672 hominibus.
1417 636 1526 673 Sicut
1580 636 1684 673 enim

378 692 558 728 Christus
592 692 743 728 induxit
776 693 892 728 nobis
918 692 1109 728 virtutum
1135 692 1341 740 noticiam,
1367 694 1422 730 sic
1446 707 1535 731 cum
1560 707 1686 743 oppo-

378 749 544 786 sitorum
586 752 723 786 eadem
766 750 814 786 sit
860 749 1084 797 disciplina,
1131 750 1285 787 induxit
1326 751 1451 788 eciam
1492 753 1684 789 noticiam

378 807 584 843 viciorum.
628 809 717 844 Plus
751 820 843 855 ergo
876 808 915 844 in
948 816 1129 857 tempore
1163 809 1257 856 legis
1290 810 1421 857 gracie
1454 810 1686 847 discernunt

377 865 529 901 viantes
563 867 610 902 de
641 865 752 902 viciis
786 879 905 914 quam
940 875 1122 915 tempore
1154 866 1296 903 veteris
1336 868 1578 905 testamenti.
1631 870 1744 906 Exio

379 936 458 971 quo
497 923 696 971 colligitur
730 926 837 972 quod
876 924 1031 972 turpius
1071 925 1172 961 foret
1209 925 1361 962 viantes
1401 927 1607 963 ambulare
1646 926 1685 962 in

381 981 708 1018 monstruositate
740 983 895 1030 peccati
929 991 1111 1030 tempore
1144 982 1243 1019 lucis
1267 992 1386 1031 atque
1410 984 1686 1032 percepcionis

379 1039 468 1075 talis
512 1039 771 1087 turpitudinis
811 1053 931 1088 quam
978 1040 1051 1076 fuit
1096 1041 1304 1077 ambulare
1349 1041 1387 1077 in
1431 1051 1549 1079 nocte
1594 1050 1686 1079 ante

378 1106 535 1145 tempus
567 1097 711 1145 gracie,
747 1100 909 1146 quando
941 1098 1150 1146 turpitudo
1184 1099 1338 1147 peccati
1363 1112 1385 1135 a
1408 1100 1686 1137 conviantibus

378 1167 456 1191 non
497 1156 595 1191 adeo
635 1165 690 1192 est
729 1165 930 1204 percepta.
985 1158 1032 1192 Et
1072 1157 1143 1193 hec
1181 1157 1291 1193 racio
1331 1170 1454 1206 quare
1492 1158 1532 1195 in
1569 1164 1740 1204 nocte15

378 1213 529 1260 peccati
554 1222 590 1249 et
614 1213 842 1261 ignorancie
867 1214 1046 1262 predicta
1070 1214 1141 1250 fuit
1166 1215 1253 1263 plus
1276 1215 1475 1252 tediosum
1500 1216 1684 1265 spiritum

378 1283 538 1318 surgere
583 1284 700 1319 quam
750 1281 805 1308 est
851 1273 992 1317 modo3
1037 1285 1129 1308 nam
1164 1273 1202 1309 in
1236 1274 1322 1310 luce
1355 1282 1486 1322 potest
1520 1286 1685 1323 surgens

380 1329 563 1375 paracius
602 1330 779 1378 arripere
818 1340 1075 1375 ornamenta3
1121 1343 1193 1367 nec
1239 1331 1384 1368 sufficit
1429 1345 1590 1381 surgere
1636 1333 1683 1368 de

378 1386 481 1423 lecto
514 1387 793 1434 peccaminum
829 1390 895 1424 sed
929 1397 1088 1437 oportet
1121 1389 1378 1437 superaddite
1410 1389 1450 1426 in
1472 1390 1683 1426 virtutibus

379 1445 598 1490 ambulare,
632 1458 723 1481 nam
760 1458 829 1494 per
861 1447 993 1483 ocium
1018 1447 1148 1483 forent
1170 1447 1407 1484 vestimenta
1429 1447 1682 1496 surgencium
1701 1463 1742 1484 20

377 1501 488 1537 viciis
529 1503 757 1551 inquinata;
798 1504 890 1541 ideo
924 1505 1128 1552 signanter
1167 1505 1262 1541 dicit
1303 1507 1472 1542 Sanctus
1513 1506 1684 1554 Spiritus

378 1559 415 1595 in
450 1573 521 1596 suo
555 1563 769 1608 Apostolo:
811 1563 915 1599 Sicut
949 1563 983 1598 in
1018 1563 1077 1599 die
1108 1575 1190 1599 non
1222 1572 1371 1600 stemus
1404 1576 1478 1600 nec
1511 1573 1685 1600 retroce-

376 1618 517 1653 damus
558 1620 626 1654 sed
660 1620 814 1656 honeste
846 1621 1095 1657 ambulemus.
1131 1622 1178 1657 Et
1213 1621 1304 1657 inde
1344 1621 1468 1658 tercio
1508 1622 1685 1670 duplicat

376 1677 593 1723 Apostolus
626 1677 701 1713 tria
734 1690 878 1725 genera
907 1678 1261 1727 coinquinancium
1292 1688 1565 1727 peccatorum.
1599 1682 1686 1716 Mos

377 1733 480 1769 enim
516 1734 850 1782 philosophorum
885 1746 941 1772 est
981 1749 1002 1772 a
1040 1736 1280 1784 generaliori
1319 1739 1368 1773 ad
1409 1738 1581 1785 speciale
1621 1739 1685 1773 de-
1703 1743 1742 1774 25

377 1793 584 1827 scendere:
632 1793 732 1835 Non,
772 1793 913 1842 inquit,
953 1795 1192 1830 ambulemus
1230 1795 1265 1830 in
1305 1795 1686 1831 commessaciom‘bus

376 1857 410 1884 et
433 1849 686 1886 ebrietatibus.
724 1852 1093 1888 Commessaciones
1122 1854 1340 1888 secundum
1371 1854 1565 1901 quosdam
1596 1861 1685 1889 sunt

377 1919 610 1944 communes
654 1921 741 1944 esus
790 1910 1021 1956 gulosorum
1067 1919 1103 1946 et
1147 1910 1372 1959 frequentes
1417 1911 1456 1946 in
1496 1910 1685 1948 conviviis

377 1965 633 2012 sumptuosis.
668 1967 782 2002 Unde
808 1969 919 2003 Prov.
938 1969 1093 2013 XX1110,
1120 1977 1188 2004 20:
1223 1969 1316 2004 Noli
1342 1981 1422 2005 esse
1444 1969 1479 2004 in
1503 1969 1686 2005 conviviis

371 2030 594 2071 potatorum
629 2036 695 2059 nec
727 2025 761 2059 in
794 2026 1177 2062 commessacionibus
1208 2038 1340 2062 eorum
1374 2027 1438 2075 qui
1467 2039 1603 2063 carnes
1634 2027 1685 2062 ad
1702 2034 1742 2065 30

378 2081 602 2116 vescendum
626 2083 840 2130 conferunt.
876 2085 989 2119 Unde
1022 2085 1240 2120 secundum
1265 2085 1460 2133 quosdam
1491 2097 1685 2121 commes—

376 2138 484 2174 sacio
525 2148 594 2184 est,
634 2141 794 2188 quando
835 2154 935 2177 unus
974 2141 1087 2178 affert
1126 2154 1270 2189 panem
1317 2150 1353 2178 et
1391 2142 1491 2178 alius
1530 2151 1683 2190 potum,

377 2204 418 2231 ut
441 2196 496 2233 sic
520 2210 559 2233 se
589 2198 676 2245 plus
706 2199 812 2234 laute
842 2198 1083 2246 ingurgitent
1106 2200 1167 2236 vel
1189 2201 1408 2236 secundum
1434 2202 1684 2248 Hayrnonem

377 2256 646 2292 commessncio
691 2269 765 2304 per
816 2257 924 2293 vices.
980 2258 1096 2293 Tales
1147 2266 1279 2294 autem
1325 2258 1685 2295 commessaciones

378 2313 643 2349 communiter
683 2314 898 2351 comitatur
937 2315 1107 2352 ebrietas
1141 2328 1216 2364 que
1256 2324 1312 2352 est
1351 2324 1477 2352 mater
1508 2316 1684 2364 plurium
1703 2322 1741 2354 35

376 2369 583 2407 viciorum.
630 2373 744 2407 Unde
783 2374 1001 2409 secundum
1040 2375 1234 2421 quosdam
1275 2373 1445 2410 ebrietas
1485 2374 1630 2410 dicitur
1663 2386 1684 2410 a

450 2525 468 2543 1.
490 2516 522 2543 ln
546 2525 658 2552 marg:
681 2518 904 2545 Corrolarium.
1019 2520 1060 2547 25.
1084 2520 1114 2546 Iu
1137 2528 1249 2555 marg:
1272 2520 1420 2548 Primum.
1537 2522 1582 2549 26.
1604 2522 1683 2548 Nom

381 2559 430 2577 <cx
452 2551 499 2577 hic
520 2552 684 2585 prohibita.
714 2553 784 2587 quia
811 2554 867 2580 tria
895 2554 964 2588 iuga
993 2559 1198 2588 peccatorum.
1300 2563 1346 2590 29.
1370 2556 1462 2583 (Iod.:
1493 2556 1580 2583 I'rov.
1605 2557 1681 2583 XXI.

384 2586 533 2613 Correxi:
556 2586 595 2612 ib.
618 2586 646 2613 in
670 2595 782 2620 marg:
806 2588 1050 2616 Commessacio.
1124 2589 1170 2622 31.
1192 2590 1224 2616 In
1247 2598 1361 2625 marg:
1383 2591 1531 2618 Ebrietas.

451 2668 502 2700 26.
531 2669 580 2699 Ad
609 2670 712 2701 Rom.
740 2671 829 2709 XIII,
854 2670 902 2702 13.
1050 2671 1102 2703 33⁷.
1129 2672 1325 2714 Haymonis
1352 2673 1507 2716 episcopi
1537 2673 1681 2704 Halber-

379 2714 551 2745 stadensis
585 2715 615 2745 iu
651 2716 718 2747 divi
749 2717 841 2747 Pauli
871 2717 1034 2759 epistolas
1061 2728 1183 2749 ornnes
1216 2718 1468 2761 interpretatio,
1501 2719 1552 2750 Ad
1580 2720 1681 2750 Rom.

381 2760 462 2801 Cap.
492 2761 581 2791 XIII:
623 2762 880 2794 commessatio
921 2763 1046 2794 dicitur
1086 2774 1226 2796 mensae
1265 2764 1403 2796 collatio
1436 2764 1508 2796 sive
1541 2775 1681 2796 mensae

380 2806 573 2837 alternatio.
616 2808 703 2838 Sunt
734 2809 825 2839 enim
860 2808 1019 2841 convivia
1050 2820 1117 2852 que
1158 2811 1377 2842 celebrantur
1416 2813 1610 2842 alternatim
1649 2818 1681 2842 et

382 2860 610 2894 preparantur
643 2863 659 2884 a
692 2853 796 2885 sociis
829 2866 889 2896 per
923 2856 995 2886 dies
1023 2863 1055 2886 et
1080 2856 1174 2887 vices
1201 2857 1277 2899 (Ed.
1307 2857 1430 2888 Colon.
1459 2868 1537 2888 ann.
1571 2855 1682 2900 1520).
