1944 3323
183 213 198 244 .›2

213 213 228 247 ’.Π

239 222 258 246 h.)

211 1140 287 1166 How
310 1148 353 1165 wc
375 1148 425 1166 are

192 1176 317 1201 dcbtors
338 1180 367 1201 lo
389 1176 437 1202 llic

266 1211 372 1245 Spirit.

764 214 985 247 JOHANNIS
1005 213 1187 245 wvcirir
1207 212 1461 244 SERMONUM
1511 198 1661 254 [SERMO
1683 207 1774 234 xm.

469 331 558 358 sunt
603 324 650 357 de
700 320 853 356 difficili
905 329 941 355 et
992 318 1233 367 impossibili
1281 317 1539 365 practizande
1585 325 1626 351 ut
1671 316 1776 363 leges

469 382 606 416 dantes
635 387 879 427 potestatem
911 377 1056 414 viatori
1087 376 1312 412 interficere
1336 376 1548 419 latronem,
1573 386 1621 409 ne
1644 373 1773 421 ipsum

468 438 643 479 occid-dn
679 449 754 484 que
789 436 914 472 eciam
957 436 1052 471 dant
1085 433 1295 470 licenciam
1329 433 1413 468 viro
1455 440 1523 468 aut
1556 431 1700 467 femine
1734 439 1775 466 ut

468 505 739 543 stupratorem
779 493 974 529 violenter
1014 492 1232 528 irruentem
1272 500 1363 527 ante
1402 490 1557 526 illatum
1591 498 1773 536 stuprum

468 554 498 589 si
543 553 669 601 possit
715 551 933 596 interimat,
964 547 968 602 Ι
998 559 1034 586 et
1079 550 1134 585 sic
1180 562 1254 597 que
1305 548 1432 596 tangit
1464 546 1707 595 Augustinus
1742 548 1776 581 Ι0

470 614 524 647 De
551 610 693 646 Libero
717 608 908 646 Arbitrio.
944 607 1135 653 Quamvis
1169 616 1302 643 autem
1337 606 1427 642 licet
1461 605 1501 641 in
1533 617 1627 640 casu
1650 603 1777 652 possi-

469 668 535 704 bili
576 668 632 703 sic
671 668 814 711 facere,
855 666 1017 702 difficile
1057 674 1194 701 tamen
1224 665 1285 701 vel
1323 663 1572 711 impossibile
1607 671 1663 698 est
1697 661 1776 697 via-

468 736 574 762 tores
617 725 813 772 attingere
853 724 942 761 illos
988 736 1115 769 casus,
1165 722 1254 758 ideo
1302 722 1362 758 lex
1407 720 1611 769 paciencie
1656 732 1773 767 quam

469 784 651 820 Christus
686 782 821 818 docuit
856 791 911 818 cst
944 794 1095 818 secura.

1794 528 1865 558 Fol.

1793 572 1874 617 277¹*

947 918 1139 958 SERMO
1172 917 1297 956 XLII.
1799 932 1835 952 ιω

527 1016 730 1051 Debitor&
748 1027 877 1049 summ
900 1026 971 1049 mm
995 1013 1115 1059 carni,
1139 1020 1176 1048 ul
1199 1012 1404 1048 secmzdnm
1421 1022 1574 1046 carnem
1594 1010 1777 1044 vivamus.

472 1077 583 1110 Rom.
607 1075 729 1117 Vlw,
762 1083 821 1107 12.

529 1135 569 1167 In
600 1131 671 1167 ista
704 1130 871 1178 epistola
903 1131 1020 1166 docet
1048 1129 1266 1176 Apostolus
1296 1128 1502 1175 quomodo
1530 1124 1611 1161 vita
1641 1132 1778 1159 nostra

471 1189 676 1237 aptabitur
705 1189 922 1224 secundum
955 1186 1136 1235 corporis
1167 1195 1203 1222 et
1232 1185 1363 1222 anime
1387 1184 1536 1221 variam
1562 1182 1777 1221 racionem,

473 1259 703 1295 proponens
742 1246 874 1294 primo
915 1246 1120 1293 quomodo
1155 1245 1343 1279 debitores
1375 1255 1505 1278 sumus
1536 1253 1615 1277 non
1650 1240 1776 1275 solum
1801 1245 1835 1276 15

473 1305 636 1353 Spiritui
662 1306 810 1340 Sancto
841 1305 906 1339 sed
938 1302 1094 1351 spiritui
1125 1311 1263 1338 nostro
1289 1300 1466 1349 proprio,
1498 1308 1535 1335 et
1559 1311 1630 1334 non
1659 1298 1780 1335 carni.

474 1365 520 1399 ad
561 1372 717 1399 tantum
759 1370 797 1396 ut
836 1362 1009 1397 vivamus
1048 1360 1215 1407 regulati
1256 1357 1534 1407 principaliter
1573 1356 1778 1392 secundum

473 1421 550 1456 eius
581 1421 802 1469 appetitum.
849 1421 896 1454 Et
928 1427 1037 1466 patet
1077 1419 1223 1465 gradus
1263 1415 1526 1464 obligacionis
1564 1415 1624 1450 vel
1658 1412 1778 1449 debiti

474 1480 614 1514 borum
649 1478 784 1523 trium,
818 1476 969 1513 scilicet
1003 1475 1125 1512 debiti
1158 1484 1296 1512 nostro
1330 1477 1414 1510 Deo
1447 1473 1527 1521 qui,
1562 1472 1664 1508 sicut
1695 1479 1779 1506 tota

472 1536 649 1572 Trinitas
683 1545 739 1571 est
763 1534 939 1582 spiritus,
975 1547 1063 1570 cum
1087 1533 1279 1569 johannis
1305 1534 1388 1577 ΙΨ,
1416 1542 1467 1577 24
1493 1530 1589 1566 dicit
1604 1529 1779 1565 Veritas:
1799 1546 1838 1566 20

475 1596 577 1630 Deus
608 1594 766 1643 spiritns
798 1601 865 1637 est,
899 1605 1016 1641 quem
1051 1592 1249 1628 inlinitum
1286 1591 1373 1638 plus
1397 1591 1587 1625 debemus
1620 1587 1782 1634 diligere

473 1665 594 1700 quam
628 1664 698 1687 nos
731 1651 851 1699 ipsos.
887 1650 1051 1699 Spiritui
1085 1658 1216 1686 autem
1259 1656 1398 1684 nostro
1439 1648 1628 1683 debemus
1662 1645 1780 1680 dilec-

474 1711 629 1746 cionem
654 1710 873 1745 secundum
898 1710 1065 1756 gradum
1088 1720 1156 1744 sue
1179 1706 1369 1743 bonitatis
1386 1714 1422 1742 et
1440 1702 1782 1741 confederacionis

473 1767 683 1812 naturalis,
718 1780 807 1803 cum
841 1776 982 1803 natura
1009 1767 1124 1802 docet
1148 1777 1308 1801 omnem
1341 1763 1545 1799 hominem
1578 1775 1617 1798 se
1651 1761 1780 1809 ipsum

474 1826 636 1873 diligere
681 1834 718 1861 et
762 1825 817 1861 sic
860 1825 996 1869 vitam,
1048 1833 1084 1859 et
1136 1821 1334 1859 consimili
1384 1821 1546 1857 racione
1592 1821 1781 1856 debemus
1800 1825 1837 1856 25

475 1896 635 1920 carnem
687 1892 865 1919 nostram
914 1881 1089 1929 diligere,
1135 1893 1223 1916 cum
1277 1880 1495 1915 secundum
1540 1877 1778 1926 Apostolum

474 1954 593 1978 nemo
646 1953 806 1976 carnem
859 1952 971 1976 suam
1023 1951 1199 1987 unquam
1252 1937 1345 1973 odio
1397 1935 1548 1972 habuit.
1610 1937 1781 1983 Oportet

474 2010 607 2036 tamen
651 2000 758 2046 quod
808 1998 924 2044 longe
975 1997 1063 2044 plus
1108 1996 1320 2043 diligamus
1365 1994 1550 2043 spiritum
1598 2002 1778 2029 nostrum

475 2070 593 2105 quarn
629 2069 804 2101 carnem,
839 2055 930 2103 quia
966 2067 1125 2090 carnem
1160 2054 1287 2089 solum
1323 2053 1543 2088 secundum
1578 2050 1778 2088 racionem

475 2128 552 2163 qua
586 2114 723 2162 apcius
749 2115 865 2149 debet
895 2112 1040 2148 servire
1073 2111 1231 2159 spiritui
1264 2119 1301 2147 et
1324 2111 1543 2146 secundum
1578 2108 1779 2145 racionem
1799 2114 1840 2146 30

476 2183 511 2209 et
545 2171 842 2220 regulacionem
876 2170 1038 2218 spiritus
1073 2182 1218 2217 corpus
1251 2169 1290 2204 in
1330 2167 1606 2204 moderamine
1639 2167 1781 2214 guber—

476 2243 589 2271 nare:
642 2238 678 2265 et
728 2242 797 2277 per
848 2240 1094 2276 consequens
1148 2240 1237 2263 cum
1294 2239 1386 2262 caro
1433 2227 1548 2261 debet
1593 2224 1782 2261 ancillare

475 2287 644 2336 spiritui,
679 2300 759 2323 non
793 2288 982 2322 debemus
1016 2298 1099 2322 esse
1133 2285 1333 2321 debitores
1374 2283 1483 2320 carni
1522 2283 1572 2319 ad
1611 2290 1781 2327 tantum,

477 2355 516 2381 ut
575 2346 796 2381 secundum
858 2344 985 2392 ipsam
1039 2343 1219 2379 vivamus
1270 2341 1391 2377 vitam
1452 2342 1668 2376 humanam
1722 2339 1782 2375 vel

477 2403 727 2451 spiritualem
762 2415 783 2438 a
817 2404 900 2438 Deo
935 2411 971 2437 et
1004 2400 1147 2449 spiritu
1180 2399 1345 2448 proprio
1380 2399 1657 2446 regulandum⁷
1692 2397 1783 2433 licet
1799 2402 1839 2433 35

476 2462 654 2497 vivamus
705 2461 922 2497 secundum
978 2459 1180 2495 racionem
1239 2456 1370 2494 anime
1421 2455 1605 2492 sensitive
1661 2455 1780 2491 vitam

477 2519 729 2567 corporalem
771 2530 846 2566 que
885 2526 942 2553 est
979 2516 1121 2552 similis
1162 2515 1331 2551 bestiali.
1385 2516 1433 2550 Et
1473 2521 1636 2561 excepto
1676 2521 1783 2560 patet

545 2661 569 2679 2.
593 2653 687 2680 (ζωὰς
715 2653 829 2679 dantus.
908 2660 944 2678 12.
968 2651 1061 2678 Cod.:
1090 2651 1157 2677 lob.
1174 2651 1268 2677 vili-a
1343 2648 1384 2676 33.
1406 2650 1500 2676 Cod.:
1529 2648 1702 2676 debiliores.

550 2737 575 2768 5.
605 2739 637 2768 S.
665 2737 752 2776 Aug.
782 2736 873 2777 Opp.
902 2743 984 2766 tom.
1014 2736 1038 2775 ἶ,
1067 2745 1144 2776 pag.
1174 2735 1248 2775 372.
1374 2743 1424 2764 10.
1453 2732 1636 2763 Dominica
1663 2737 1782 2760 octava

479 2790 556 2824 post
594 2783 811 2813 Trinitatem.
864 2782 914 2812 Cf.
956 2781 1114 2822 XVyclis's
1158 2783 1338 2817 Sermons,
1381 2780 1434 2809 ed.
1474 2779 1516 2819 by
1557 2777 1702 2814 Arnohi,
1745 2776 1782 2813 ΙΙ,

479 2839 554 2870 pag.
585 2829 775 2860 331-333,
