1944 3323
161 227 242 271 4⁴34

199 753 230 779 lu
252 751 392 786 persona!

167 795 259 821 anger
280 787 328 813 the
351 786 422 812 robe

176 823 210 848 ot*
227 822 275 848 tlic
297 822 361 847 soul
385 821 410 847 is

185 861 251 882 torn
274 856 330 882 aud
353 855 402 882 ilie

204 891 283 917 dcvi!
306 890 384 916 linds

193 926 388 952 admittance.

192 1157 258 1184 The
279 1158 396 1192 apostlc

182 1192 300 1219 torbids
322 1193 405 1219 tlict'r.

178 1734 244 1761 Tlic
266 1735 355 1761 sriars
376 1735 404 1761 in

227 1771 355 1804 beggiug

173 1805 329 1839 disrcgard
353 1806 412 1831 llus

191 1841 393 1876 prohibition.

745 235 967 266 JOHANNIS
985 235 1165 267 wthir
1183 235 1437 268 SERMONUM
1506 221 1657 279 [SERMO
1679 233 1756 260 Lm.

449 342 555 389 quod
595 354 688 389 sepe
728 341 855 377 evenit
894 341 933 377 in
973 341 1141 389 expertis
1182 341 1373 385 caritatis,
1413 341 1479 389 qui
1512 355 1554 378 ea
1588 354 1657 390 que
1688 355 1755 378 sua

447 406 533 434 sunt
577 407 739 446 querunt
783 407 819 434 et
865 399 1046 445 diligunt.
1104 401 1151 435 Et
1196 400 1261 436 illa
1306 399 1507 435 sentencia
1553 400 1755 435 declarata

449 456 643 492 catholice
676 456 900 492 necessaria
924 457 1025 492 foret
1059 456 1269 501 iudicibus,
1305 457 1397 505 quia
1431 457 1503 504 ipsi
1538 469 1630 504 sepe
1664 469 1756 492 con-

450 514 615 550 misccnt
653 514 883 561 cupidinem
926 523 962 550 et
1002 514 1228 561 passionem
1276 514 1510 558 indebitam,
1558 527 1604 550 eo
1649 516 1755 562 quod

449 584 492 607 ea
525 584 596 619 que
633 585 701 607 sna
741 580 827 607 sunt
860 579 1022 620 querunt
1061 572 1341 608 communiter.
1388 575 1468 608 Nec
1507 572 1621 608 video
1661 585 1756 620 quo-

451 631 570 665 modo
604 629 774 666 faciliter
804 629 893 677 quis
926 639 1121 677 pugnaret
1154 643 1286 677 pugna
1320 630 1519 678 corporali
1554 643 1643 666 cum
1678 629 1756 666 alio

449 687 521 722 nisi
556 687 679 723 iratus
713 687 829 723 fuerit
852 687 989 723 illicite
1014 701 1103 724 cum
1128 687 1289 724 homine
1312 701 1427 736 quem
1454 688 1675 735 impugnat.
1710 690 1756 722 Et

450 744 542 793 quia
576 745 614 780 in
647 745 715 781 tali
749 745 933 792 passione
956 746 1155 781 laceratur
1178 746 1447 782 communiter
1468 745 1585 782 vestis
1609 745 1755 786 anime,

449 803 504 838 sic
545 804 651 851 quod
692 803 876 839 diabolus
915 803 1065 839 intrare
1104 803 1251 851 poterit
1290 804 1472 839 faciendo
1512 816 1581 839 sua
1614 803 1755 839 ultima

447 873 530 896 esse
563 874 699 901 unum,
734 861 826 909 quia
859 862 1083 897 voluntates
1109 874 1183 909 que
1216 870 1306 897 sunt
1339 861 1478 897 ultime
1509 861 1674 897 virtutes
1697 861 1754 896 vel

446 927 557 954 actus
590 932 658 955 sue
691 918 864 955 essencie
897 918 935 954 in
959 932 1036 968 qua
1070 919 1285 955 concordia
1318 919 1544 955 necessario
1577 927 1634 954 est
1667 931 1755 966 pec-

447 986 594 1022 catum,
641 985 750 1024 patet
795 990 915 1025 quam
957 976 1226 1025 periculosum
1268 986 1324 1012 est
1362 976 1418 1013 sic
1459 977 1620 1013 diabolo
1660 978 1756 1012 dare

447 1035 593 1071 locum.
628 1036 722 1071 Ideo
755 1034 851 1070 dicit
874 1035 1111 1082 Apostolus:
1147 1036 1276 1071 Nolite
1306 1035 1428 1070 locum
1464 1036 1559 1070 dare
1591 1035 1753 1070 diabolo.

505 1094 581 1129 Sed
622 1092 794 1129 finaliter
833 1105 922 1128 cum
957 1092 1165 1128 iracundia
1199 1092 1380 1129 consistit
1415 1092 1685 1129 communiter
1718 1092 1755 1127 in

446 1151 688 1198 operacione
708 1151 979 1195 incommoda,
1005 1150 1208 1186 dissuadet
1232 1163 1331 1198 opus
1355 1151 1433 1186 tale
1456 1150 1658 1186 illicitum:
1683 1150 1759 1193 Qui

435 1209 668 1257 furabatur,
702 1208 844 1257 inquit⁷
879 1209 953 1244 iam
987 1221 1059 1244 non
1078 1209 1258 1256 furetur,
1292 1209 1419 1258 magis
1450 1216 1575 1244 autem
1609 1208 1756 1243 laboret

446 1268 642 1315 operando
682 1267 855 1302 manibus
892 1266 971 1302 suis
1009 1267 1110 1314 quod
1142 1267 1277 1301 honum
1312 1273 1379 1309 est,
1420 1273 1458 1301 ut
1490 1266 1626 1301 habeat
1659 1266 1757 1301 unde

446 1325 589 1360 tribuat
612 1324 871 1360 necessitatem
891 1324 1068 1375 pacienti.
1104 1323 1179 1360 Ubi
1212 1324 1368 1360 videtur
1397 1325 1505 1371 quod
1538 1323 1634 1358 illud
1667 1336 1755 1371 pre-

447 1391 604 1430 ceptum
641 1381 826 1430 Apostoli
867 1381 1093 1429 specialiter
1134 1381 1318 1428 dirigitur
1357 1383 1407 1417 ad
1440 1381 1630 1417 furantes.
1679 1380 1754 1428 Ipsi

446 1449 579 1476 autem
614 1442 759 1476 debent
792 1439 1032 1487 generaliter
1064 1439 1380 1487 occupacionem
1413 1439 1505 1474 furti
1538 1439 1596 1474 sui
1622 1438 1755 1474 dimit-

445 1507 527 1534 tere
567 1497 842 1555 etulaboricio
883 1497 1059 1533 manuali
1098 1497 1318 1547 intendere,
1357 1510 1446 1533 cum
1482 1497 1632 1532 fructus
1665 1496 1755 1531 inde

446 1569 694 1604 consequens
729 1555 940 1603 dupliciter
973 1555 1021 1591 sit
1055 1555 1293 1599 laudandus,
1334 1554 1485 1590 scilicet
1527 1567 1569 1590 ex
1602 1566 1756 1602 preser-

445 1616 611 1651 vacione
650 1627 671 1650 a
712 1615 817 1650 furto
862 1613 899 1648 in
940 1626 1111 1661 persona
1156 1612 1321 1660 propria
1366 1622 1402 1648 et
1449 1611 1689 1649 relevamine
1734 1624 1753 1647 a

446 1673 611 1721 penuria
647 1685 689 1708 ex
724 1671 1003 1707 misericordia
1038 1672 1085 1706 de
1118 1683 1290 1718 persona
1323 1671 1414 1707 alia.

503 1733 550 1766 Et
584 1730 646 1766 hic
680 1738 788 1778 patet
812 1731 918 1777 quod
944 1729 1085 1765 fratres
1117 1730 1385 1776 apostatando
1408 1727 1755 1775 transgrediuntur

447 1790 682 1824 mandatum
708 1787 905 1835 Apostoli,
932 1800 1021 1823 cum
1057 1786 1323 1822 mendicando
1357 1785 1627 1822 communiter
1659 1798 1755 1833 ypo-

446 1846 536 1882 crisi
577 1846 737 1894 rapiunt
778 1845 920 1887 aliena,
962 1846 1068 1892 quod
1115 1853 1171 1880 est
1218 1844 1391 1880 deterius
1436 1857 1556 1892 quam
1603 1844 1750 1879 furtum

446 1917 673 1940 commune.
716 1904 763 1939 Et
803 1903 893 1939 ideo
933 1915 1020 1938 cum
1063 1915 1142 1938 non
1177 1903 1323 1938 habent
1356 1915 1377 1938 a
1412 1904 1495 1937 Deo
1528 1901 1750 1937 naturalem

445 1963 672 2010 potenciam
709 1970 745 1997 et
768 1970 926 2009 tempus
959 1962 1006 1996 ad
1042 1960 1174 1996 taliter
1206 1961 1470 2007 operandum,
1505 1967 1614 2006 patet
1647 1959 1752 2007 quod

446 2019 790 2056 mendicacionem
824 2019 944 2054 talem
971 2019 1114 2053 debent
1138 2017 1339 2053 dimittere
1372 2026 1577 2065 tamquam
1604 2017 1786 2052 furtum?

444 2087 479 2114 et
526 2077 721 2114 laboricio
768 2076 942 2112 manuali
988 2075 1194 2111 intendere
1238 2075 1354 2120 (sicut
1394 2075 1535 2110 diffuse
1577 2075 1753 2110 declarat

442 2135 686 2183 Augustinus
711 2134 749 2169 in
773 2137 830 2170 De
853 2133 1050 2181 Operibus
1084 2134 1408 2179 Monachorum).
1443 2135 1531 2168 Non
1564 2132 1666 2168 enim
1693 2144 1753 2167 ex—

444 2193 573 2230 cusari
606 2201 737 2240 potest
770 2191 903 2228 taliter
938 2189 1172 2227 mendicans
1206 2192 1254 2226 ab
1288 2190 1378 2226 ocio
1402 2190 1648 2238 increpando
1671 2198 1751 2225 tam

444 2264 485 2286 ex
519 2251 760 2287 oneracione
789 2248 1033 2296 simplicium
1059 2261 1280 2296 pauperum
1305 2261 1424 2296 quam
1451 2261 1493 2284 ex
1517 2247 1605 2283 ocio
1630 2260 1752 2283 mem-

444 2310 606 2345 brorum
626 2307 870 2344 naturalium
896 2315 932 2342 et
956 2306 1227 2354 corporalium
1253 2314 1290 2342 et
1312 2305 1496 2353 potencie
1516 2304 1750 2352 corporalis,

443 2366 516 2402 nisi
552 2367 651 2403 forte
685 2365 819 2401 doceri
846 2364 993 2412 poterit
1016 2365 1123 2411 quod
1149 2364 1285 2400 omnia
1309 2376 1379 2399 sua
1404 2363 1602 2399 naturalia
1627 2362 1751 2398 conti-

443 2437 519 2460 nue
544 2424 684 2460 melius
708 2436 828 2471 quam
847 2422 980 2458 taliter
999 2430 1259 2469 occupantur,
1280 2422 1388 2469 quod
1406 2420 1561 2457 videtur
1580 2419 1751 2467 tempori

445 2481 760 2518 mendicacionis
804 2493 872 2516 sue
917 2489 953 2516 et
999 2479 1185 2515 insolenti
1219 2492 1287 2515 sue
1326 2478 1477 2514 desidie
1515 2490 1749 2526 repugnare.

442 2541 659 2587 Apostolus
692 2538 795 2575 enim
831 2536 1033 2574 adinvenit
1057 2537 1131 2572 sibi
1155 2545 1312 2584 tempus
1336 2538 1384 2572 ad
1410 2536 1542 2571 taliter
1565 2536 1750 2571 laboran-

1776 873 1814 894 10

1778 1153 1813 1185 15

1774 1452 1813 1472 20

1773 1731 1811 1763 25

1771 2307 1809 2339 35

442 2599 536 2633 dum
570 2596 627 2647 (ut
661 2605 768 2644 patet
793 2597 878 2631 Act.
903 2597 992 2630 XX‘)
1016 2603 1052 2630 et
1086 2596 1260 2630 secunda
1294 2595 1343 2630 ad
1365 2593 1545 2629 Thessal.
1579 2591 1750 2642 ultimo).
1765 2606 1808 2635 40

510 2729 538 2752 4.
561 2719 655 2746 Cod.:
683 2728 715 2746 ea
737 2719 829 2753 quod.
929 2726 969 2752 ις).
991 2717 1085 2744 Coti:
1115 2717 1250 2751 diligitur
1271 2717 1318 2743 ad.
1415 2714 1457 2743 32.
1481 2715 1574 2742 Cod.:
1602 2715 1631 2741 in
1654 2715 1747 2741 deest.

441 2763 489 2787 40.
512 2754 606 2781 (ζωὰς
628 2754 664 2781 ad
686 2754 783 2780 twice.

514 2826 541 2846 2.
571 2814 657 2845 Phil.
686 2815 724 2853 ΙΙ,
753 2824 804 2844 21.
924 2813 973 2852 13,
998 2812 1045 2844 16.
1075 2811 1162 2853 Eph.
1190 2812 1247 2851 IV,
1274 2820 1326 2852 27,
1355 2808 1406 2841 28.
1518 2810 1570 2841 32.
1598 2811 1631 2841 S.
1660 2811 1744 2849 Aug.

442 2861 533 2903 Opp.
563 2869 645 2892 tom.
665 2861 723 2899 Vl,
748 2859 826 2902 475.
