1944 3323
131 250 202 286 132
706 261 928 292 JOHANNIS
948 261 1130 292 WYCLIF
1152 260 1408 292 snRMONUM
1455 247 1606 304 [SERMO
1629 258 1723 285 XVH-

413 368 577 403 verbera
610 366 649 402 in
682 366 823 403 faciem
859 379 925 402 eos
960 367 1159 410 cederent,
1194 366 1460 414 equanimiter
1483 366 1724 403 sustinerent

413 425 472 461 vel
517 426 565 460 de
609 424 744 472 aliquo
793 424 971 460 remedio
1017 424 1055 459 in
1101 424 1180 460 suis
1220 424 1410 472 proximis
1455 425 1722 472 providerent.

413 485 461 518 Et
494 483 548 518 ita
581 484 752 530 superba
786 481 931 518 cecitas
964 491 1021 518 est
1055 481 1093 517 in
1128 495 1247 518 causa
1279 495 1401 530 quare
1434 482 1533 518 tanti
1567 491 1602 518 et
1626 483 1724 518 tales

124 547 181 573 aud
205 547 291 573 make
310 548 395 585 them·
414 540 740 588 pseudoapostoli
772 539 825 576 ita
856 548 1034 587 regnant.
1068 540 1144 576 Alii
1169 550 1301 577 autem
1327 540 1510 577 subtilius
1535 553 1556 576 a
1579 540 1725 576 talibus

125 587 391 644 g¹itf]e²}{s⁰{·ss‚¹fssiff,‘¹¹
413 598 601 634 fratribus
632 598 751 633 fidem
782 598 1042 645 interrogant,
1067 598 1134 646 qui
1165 611 1254 634 cum
1281 600 1524 646 respondere
1547 598 1757 634 nesciant5

412 657 470 693 vel
504 657 784 704 respondendo
819 655 891 692 sibi
924 656 1019 704 ipsis
1053 655 1090 691 in
1125 669 1245 704 opere
1279 656 1570 701 contradicant,
1606 657 1724 692 habet

413 715 583 762 populus
628 713 932 750 excusacionem
977 714 1219 750 laudabilem
1273 727 1321 750 ne
1366 714 1631 751 retribuerent
1677 716 1724 749 de

411 773 490 807 suis
524 770 814 819 temporalibus
838 772 877 807 in
900 772 1121 807 fomentum
1152 772 1241 808 talis
1275 772 1428 819 collegii
1465 772 1723 808 monstruosi.

412 833 491 866 Nec
526 829 675 865 obiciat
715 830 837 866 frater
875 830 935 865 vel
977 829 1122 877 aliquis
1164 831 1270 878 quod
1311 831 1464 878 populo
1504 843 1583 866 non
1624 831 1723 866 soret

412 888 501 924 talis
548 888 981 935 pseudoapostolorum
1028 887 1247 924 tolerancia
1293 887 1475 924 animosa
1523 901 1594 924 nec
1641 887 1783 924 verim

142 952 224 980 Tmo
245 952 380 986 σιωπαί-ε
413 945 585 993 apostoli
618 946 679 981 vel
712 945 845 982 clerici
880 946 1009 982 forent
1043 945 1082 981 in
1115 954 1227 982 tanta
1260 945 1485 993 indigencia
1519 959 1540 982 a
1573 946 1724 993 populo

143 988 325 1057 ffissffiffgss'fl
347 987 385 1048 RQ
413 1003 606 1051 reputati:
647 1016 739 1039 nam
773 1003 978 1051 pacienter
1010 1004 1182 1040 tolerare
1216 1003 1310 1040 talia
1343 1012 1508 1052 propter
1541 1004 1726 1040 nobilita-

195 1062 332 1092 POWOE'·
412 1071 490 1098 tem
520 1061 677 1097 virtutis
708 1070 765 1097 est
788 1074 879 1098 vera
911 1061 1049 1108 religio
1078 1061 1226 1097 faciens
1257 1061 1425 1098 humiles
1455 1063 1538 1098 Deo
1573 1061 1726 1098 nobiles

414 1129 449 1156 et
483 1128 678 1167 potentes.
714 1120 806 1155 Ideo
838 1120 1056 1167 Apostolus
1097 1132 1297 1167 exponens
1331 1121 1380 1155 ad
1414 1132 1530 1167 quem
1566 1132 1724 1155 sensum

413 1179 484 1214 hec
515 1179 659 1213 debent
684 1176 769 1213 fieri
802 1177 857 1213 sic
891 1177 1050 1213 effatur:
1086 1178 1301 1213 Secundum
1326 1178 1602 1227 ignobilitatem
1629 1178 1783 1217 dico,15

413 1236 522 1284 qnasi
557 1248 624 1270 nos
662 1235 807 1284 infirmi
826 1236 1026 1284 fuerimus
1071 1235 1106 1270 in
1140 1236 1211 1271 hac
1239 1244 1370 1284 parte,
1404 1235 1517 1283 quasi
1551 1235 1724 1271 diceret:

416 1296 576 1341 Loquor
614 1293 725 1328 vobis
765 1293 881 1329 istam
921 1293 1167 1330 sentenciam
1207 1294 1425 1329 secundum
1471 1293 1722 1330 nobilitatem

414 1353 658 1387 mundanam
691 1360 726 1387 et
751 1351 997 1387 debilitatem
1028 1352 1264 1393 secularem,
1294 1350 1395 1387 sicut
1419 1360 1530 1387 erant
1554 1351 1725 1399 apostoli

136 1416 485 1457 P21111p0<505seap1³o
512 1409 684 1445 Domino
718 1409 954 1449 conversati,
990 1418 1184 1445 ettamen
1217 1409 1348 1444 nullus
1382 1422 1519 1445 eorum
1554 1411 1725 1457 pseudo-

151 1452 376 1512 TQQ'‡Q⁷‘⁷¹[„}]';Q¹{J‡¹,
414 1468 691 1514 apostolorum
732 1476 865 1515 posset
905 1467 942 1502 in
982 1467 1118 1514 aliquo
1158 1467 1348 1503 laudabili
1390 1467 1647 1514 magnificare
1687 1480 1725 1503 se
1742 1479 1783 1500 20

202 1518 207 1520 ξ
415 1525 542 1572 ipsum
590 1524 683 1573 quin
729 1525 767 1560 in
813 1526 954 1561 eodem
997 1534 1032 1561 et
1079 1524 1265 1572 ampliori
1304 1534 1472 1572 possunt
1506 1526 1650 1561 Paulus
1690 1534 1726 1561 et

415 1583 534 1619 ceteri
568 1583 648 1619 veri
678 1583 850 1631 apostoli
884 1595 924 1618 se
948 1583 1053 1630 ipsos
1078 1583 1283 1621 extollere:
1319 1583 1408 1619 ideo
1442 1582 1555 1619 dicit:
1591 1584 1630 1618 In
1655 1596 1726 1631 quo

415 1642 496 1689 quis
528 1642 634 1676 audit
667 1642 788 1677 audeo
823 1649 856 1677 et
889 1653 975 1690 ego,
1016 1642 1089 1677 hoc
1130 1649 1205 1676 est:
1247 1643 1287 1676 ln
1328 1653 1568 1689 quocunque
1609 1642 1725 1677 laude

416 1699 535 1745 digno
569 1698 656 1746 quis
690 1698 857 1734 istorum
900 1699 1333 1747 pseudoapostolorum
1368 1700 1487 1734 audet
1521 1711 1561 1735 se
1594 1698 1722 1746 ipsum

417 1758 604 1792 extollere
649 1758 777 1792 audeo
818 1766 853 1792 et
893 1769 965 1803 ego
1006 1756 1043 1792 in
1083 1769 1220 1793 eorum
1262 1756 1536 1792 confusionem
1577 1766 1613 1792 et
1655 1756 1783 1792 bei25

417 1815 574 1850 laudem
617 1827 638 1850 a
670 1827 749 1862 quo
789 1813 993 1850 humiliter
1025 1814 1107 1850 scio
1142 1815 1213 1850 hec
1246 1814 1382 1850 omnia
1415 1814 1638 1862 provenire.
1686 1817 1724 1849 In

417 1885 657 1919 quocunque
690 1885 783 1919 ergo
819 1872 906 1920 quis
942 1871 1099 1908 illorum
1142 1872 1572 1919 pseudoapostolorum
1608 1873 1725 1908 audet

417 1942 456 1965 se
496 1931 682 1966 extollere
719 1931 836 1966 laude
875 1929 1007 1976 digno,
1049 1931 1177 1966 audeo
1212 1943 1283 1977 ego
1318 1931 1462 1966 Paulus
1497 1942 1558 1966 me
1594 1929 1724 1977 ipsum

418 1988 604 2023 extollere
643 1997 807 2035 propter
841 2000 980 2024 causas
1014 1987 1228 2035 predictas,
1262 1996 1568 2035 verumptamen
1603 2000 1725 2035 genus

419 2045 652 2081 extollencie
685 2047 745 2081 vel
774 2045 1022 2082 laudacionis
1047 2054 1254 2094 reputatur
1288 2045 1535 2093 insipiencia,
1570 2045 1727 2093 sapiens
1745 2051 1785 2082 30

420 2103 578 2139 inanem
613 2103 798 2151 gloriam.

477 2164 516 2196 ln
556 2161 732 2209 quinque
772 2174 864 2209 ergo
898 2161 937 2197 in
971 2160 1114 2209 quibus
1155 2169 1349 2209 pompant
1383 2174 1423 2197 se
1456 2161 1632 2209 reliquos
1665 2174 1724 2197 su-

418 2231 558 2265 perare
598 2220 790 2267 equiparo
832 2232 894 2256 me
933 2219 988 2255 eis
1021 2220 1081 2255 vel
1120 2219 1228 2267 ipsos
1262 2227 1469 2266 tamquam
1505 2219 1634 2254 minus
1667 2232 1727 2255 sa-

418 2276 530 2323 piens
565 2289 627 2313 me
668 2276 797 2324 ipsum
838 2277 996 2313 affirmo
1031 2278 1237 2313 excedere:
1284 2276 1415 2324 primo
1456 2277 1649 2313 extollunt
1688 2289 1728 2311 se

420 2333 457 2369 in
499 2336 573 2370 boc
608 2336 715 2382 quod
747 2335 869 2370 Ebrei
899 2342 985 2370 sunt
1028 2334 1065 2370 in
1108 2334 1250 2382 quibus
1284 2334 1380 2370 fides
1414 2334 1544 2381 primo
1578 2333 1784 2370 floruit.35

420 2392 496 2426 Sed
540 2405 611 2441 ega)
659 2393 865 2439 apostolus
913 2392 1037 2428 eciam
1080 2405 1164 2427 sum
1201 2393 1394 2428 Hebreus.
1445 2393 1632 2428 Secundo
1668 2404 1728 2427 ex-

418 2450 563 2484 tollunt
593 2462 632 2485 se
663 2462 705 2485 ex
738 2451 813 2486 hoc
837 2452 943 2498 quod
972 2457 1059 2485 sunt
1082 2450 1270 2493 Israelite,
1301 2451 1375 2485 hoc
1405 2458 1474 2495 est,
1501 2449 1567 2485 filii
1591 2451 1727 2493 Jacob,

420 2506 513 2554 quia
546 2520 685 2543 omnes
720 2508 854 2544 fideles
889 2507 991 2543 lilios
1025 2520 1116 2543 suos
1152 2507 1302 2553 habuit,
1337 2515 1371 2543 et
1403 2520 1476 2557 ego
1508 2520 1590 2543 sum
1627 2506 1727 2542 eius-

419 2566 508 2599 dem
544 2565 817 2612 perfeccionis,
859 2578 947 2601 cum
991 2564 1063 2601 sim
1100 2566 1147 2601 de
1180 2565 1285 2600 tribu
1319 2564 1539 2601 Beniamin.
1584 2564 1728 2600 Tercio

420 2623 611 2658 extollunt
643 2635 683 2658 se
717 2624 825 2671 quod
857 2631 941 2659 sunl
975 2636 1100 2659 semen
1123 2623 1279 2658 Abrahe
1311 2636 1333 2658 a
1366 2636 1444 2670 quo
1469 2623 1565 2663 fides
1588 2622 1727 2658 habuit
1742 2635 1786 2665 40

489 2778 512 2805 5.
536 2778 630 2806 Coa:
653 2780 699 2806 cui
722 2787 801 2806 cum.
876 2788 900 2814 7.
924 2779 1018 2806 flod:
1041 2780 1253 2806 retribuerant.
1326 2781 1372 2806 28.
1394 2778 1486 2806 Cod.:
1510 2779 1609 2814 digne.

495 2875 544 2913 15,
573 2884 625 2905 22.
654 2875 691 2905 ll.
720 2874 800 2905 Cor.
826 2875 882 2912 XI,
911 2885 963 2906 21.
1062 2874 1100 2905 35
1129 2882 1161 2905 et
1187 2885 1285 2916 seqq.
1313 2875 1356 2905 ib.
1387 2884 1438 2913 22,
1466 2875 1519 2905 23.
