1944 3323
71 899 108 919 10

72 1179 108 1211 15

69 1486 110 1507 20

69 2060 83 2071 ’1

69 2070 110 2092 ³0

37 2107 109 2138 Fol.

30 2151 110 2195 273d

70 2351 110 2384 35

67 2654 112 2685 40

128 253 263 281 SERMO
278 243 462 300 xxxvia]
618 257 792 289 TERTIA
822 258 946 288 PARS,

127 376 217 400 cum
249 366 470 401 secundum
494 377 561 401 eos
584 364 822 401 obediencia
846 364 951 400 facta
975 363 1127 400 homini
1152 365 1292 402 fundat
1318 368 1443 414 magis

126 434 266 459 eorum
301 422 504 469 meritum,
538 424 606 460 sed
639 431 735 459 tunc
767 423 898 459 forent
931 422 1115 471 apciores
1149 431 1191 459 ut
1225 424 1313 472 plus
1349 426 1443 462 obe-

127 479 257 517 dirent
296 481 370 518 toti
411 482 588 518 humano
628 480 761 529 generi
795 493 916 529 quam
953 482 1074 517 modo
1108 481 1314 527 obediunt,
1350 495 1443 532 ergo

125 540 405 588 prompciores
439 541 490 576 ad
524 539 727 576 meritum.
763 541 878 576 Tunc
913 539 1018 576 enim
1054 540 1247 576 haberent
1271 542 1444 589 amplius

126 598 360 644 claustrum,
407 597 581 646 amplius
621 597 837 646 collegium
878 607 914 634 et
953 597 1136 634 viliorem
1177 600 1443 648 prepositum.

127 656 227 692 Cum
261 669 354 705 ergo
387 658 436 693 ab
473 656 663 693 omnibus
697 655 782 692 istis
816 657 1082 692 excluduntur
1114 669 1184 704 per
1217 670 1329 695 suam
1354 659 1443 695 reli-

124 713 283 761 gionem
318 714 533 763 privatam,
568 723 678 763 patet
711 714 931 752 conclusio.
967 716 1045 751 Sed
1079 714 1172 764 quia
1205 716 1442 765 religionem

125 785 238 809 suam
285 773 409 822 magis
455 773 717 822 magnificant
761 785 805 809 ex
852 773 1158 810 mendicacione
1201 776 1442 822 voluntaria,

124 830 341 868 videndum
377 841 434 869 est
467 845 611 881 parum
645 833 693 869 de
726 831 806 868 illa.

183 890 388 936 Quantum
432 903 526 927 vero
571 891 624 927 ad
669 889 918 927 sentenciam
958 889 1054 938 legis
1093 891 1249 938 veteris,
1288 892 1444 929 videtur

125 949 234 995 quod
267 948 398 985 omnis
433 949 685 986 mendicacio
718 949 768 985 sit
807 949 1021 997 culpanda,
1061 948 1194 997 primo
1235 963 1306 998 per
1345 950 1443 988 illud

125 1007 431 1044 Deuteronomii
455 1009 559 1054 ΧΨ),
584 1021 628 1053 4:
669 1007 831 1044 Omnino
864 1007 1043 1057 indigens
1076 1015 1111 1043 et
1143 1009 1340 1046 mendicus
1371 1022 1444 1046 non

123 1064 172 1100 sit
203 1065 304 1102 inter
336 1079 413 1103 vos.
455 1067 640 1104 Secundo
679 1078 750 1114 per
783 1065 883 1101 illud
917 1067 1031 1102 Prov.
1066 1066 1206 1112 XXX0‚
1243 1067 1286 1103 8:
1332 1068 1443 1104 Men-

127 1123 319 1160 dicitatem
353 1132 388 1160 et
411 1125 572 1162 divicias
594 1137 640 1160 ne
663 1124 818 1160 dederis
841 1124 966 1160 michi.
1001 1125 1050 1160 Et
1082 1124 1209 1161 tercio
1242 1138 1313 1173 per
1344 1125 1444 1162 illud

123 1182 197 1217 Job
220 1183 389 1229 XXXIII,
418 1183 458 1219 3:
500 1183 595 1228 Quis
627 1183 744 1219 michi
773 1183 919 1218 tribuat
950 1190 990 1218 ut
1021 1195 1254 1233 cognoscam
1288 1197 1444 1221 menses

125 1239 329 1288 pristinos.
376 1241 453 1278 Ubi
492 1250 602 1290 patet
635 1242 744 1290 quod
776 1240 936 1289 sapiens
969 1241 1164 1278 Salomon
1196 1255 1277 1278 non
1310 1252 1445 1280 oraret

125 1311 174 1335 ne
211 1298 344 1336 veniat
383 1299 457 1336 sibi
503 1299 745 1336 mendicitas
788 1299 865 1336 nisi
910 1299 1030 1336 fuerit
1075 1301 1325 1347 detestanda,
1370 1314 1444 1338 nec

125 1366 286 1394 sanctus
318 1359 391 1394 Job
432 1367 591 1407 optaret
631 1358 688 1394 sic
727 1357 982 1407 opulenciam
1018 1367 1056 1395 et
1089 1360 1356 1396 detestaretur
1388 1360 1445 1397 sic

126 1415 443 1463 mendicitatem,
489 1416 564 1454 nisi
610 1417 737 1453 eciam
784 1417 903 1453 fuerit
947 1416 1139 1464 odienda3
1186 1426 1223 1454 et
1268 1420 1315 1455 de
1359 1419 1445 1467 lege

125 1487 230 1512 nova
261 1483 372 1523 patet
395 1477 502 1524 quod
532 1475 820 1523 religiosarcha
844 1475 1026 1512 Christus
1049 1488 1131 1512 non
1155 1476 1287 1524 potuit
1310 1476 1445 1514 taliter

127 1533 371 1571 mendicare.
418 1536 492 1570 Per
529 1535 605 1570 hoc
646 1546 739 1582 ergo
774 1535 882 1582 quod
921 1533 962 1570 in
994 1543 1080 1571 toto
1114 1534 1321 1583 evangelio
1354 1535 1444 1572 talis

129 1592 380 1629 mendicacio
426 1592 661 1638 subticetur,
707 1601 817 1641 patet
857 1594 965 1641 quod
1002 1605 1085 1630 non
1125 1602 1182 1630 est
1222 1595 1270 1630 de
1308 1594 1445 1642 regula

125 1649 358 1697 christiana,
393 1663 483 1688 cum
517 1650 625 1687 iuxta
657 1650 757 1687 illud
789 1652 899 1700 quod
931 1659 989 1687 est
1022 1651 1159 1688 utilius
1184 1660 1242 1688 est
1266 1652 1306 1688 in
1329 1665 1446 1689 evan-

126 1708 230 1756 gelio
264 1708 412 1746 Christi
446 1722 690 1758 expressum.

184 1769 295 1814 Item,
335 1769 422 1804 Act.
457 1770 528 1804 IV0
564 1769 726 1816 quando
769 1767 958 1816 discipuli
999 1768 1216 1816 purissime
1255 1770 1445 1806 tenebant

126 1825 361 1873 religionem
403 1826 565 1872 Christi,
605 1825 808 1872 scribitur,
854 1839 921 1862 nec
959 1827 1158 1876 quisquam
1204 1839 1322 1878 egens
1361 1836 1446 1864 erat

125 1883 225 1920 inter
256 1884 344 1920 illos
375 1885 445 1921 sed
475 1892 587 1921 erant
619 1885 696 1921 illis
734 1885 859 1921 omnia
900 1886 1129 1921 communia.
1176 1888 1225 1922 Et
1264 1885 1445 1934 sequitur

127 1954 264 1979 causa:
311 1943 572 1980 Dividehatur
603 1951 729 1979 autem
769 1943 937 1994 singulis
969 1952 1091 1993 prout
1130 1945 1263 1994 cuique
1294 1957 1446 1981 necesse

125 2008 222 2037 erat.
257 2003 299 2037 In
331 2001 500 2050 privatis
524 2010 659 2038 autem
683 2002 831 2038 nostris
855 2001 1116 2050 religionibus
1139 2016 1242 2039 unus
1265 2002 1446 2052 privatur

126 2059 297 2107 pecunia
331 2069 367 2096 et
399 2059 478 2097 vite
499 2059 735 2097 necessariis
759 2061 855 2097 dum
879 2060 979 2097 alius
1002 2061 1295 2110 proprietarius
1319 2061 1446 2110 possi-

127 2118 192 2154 det
225 2118 370 2154 multas
399 2113 404 2172 Ι
433 2118 568 2155 libras.
614 2118 821 2167 Numquid
854 2118 922 2155 illa
956 2128 1013 2156 est
1045 2119 1187 2167 religio
1221 2120 1445 2169 apostolica

126 2188 246 2224 quam
288 2176 475 2225 discipuli
516 2189 559 2213 ex
592 2177 729 2214 Sancti
763 2177 937 2226 Spiritus
971 2178 1156 2215 doctrina
1190 2178 1445 2216 didicerunt?

126 2234 237 2270 Sicut
277 2234 381 2271 enim
428 2235 646 2272 fundantur
690 2235 730 2271 in
775 2235 996 2273 mendaciis
1041 2245 1078 2273 et
1122 2236 1208 2285 ipsa
1252 2246 1345 2274 sunt
1391 2236 1445 2273 eis

126 2305 323 2340 organum
362 2294 603 2342 temporalia
643 2293 896 2343 adquirendi,
942 2294 998 2331 sic
1042 2294 1082 2331 in
1125 2295 1187 2332 via
1233 2305 1270 2332 et
1309 2296 1446 2344 regula

127 2364 198 2388 sua
232 2351 424 2388 contrarii
458 2352 726 2389 menciuntur.
761 2352 801 2389 Si
834 2362 969 2389 autem
1003 2353 1255 2390 mendicacio
1277 2354 1338 2390 vel
1362 2353 1445 2390 eius

129 2422 250 2446 causa
283 2410 416 2446 taliter
448 2410 498 2446 sit
532 2411 745 2459 culpanda,
780 2411 962 2459 sequitur
994 2424 1066 2460 per
1093 2413 1229 2448 locum
1254 2425 1277 2449 a
1301 2411 1445 2448 maiori

129 2469 237 2517 quod
271 2467 524 2505 mendicacio
557 2469 786 2506 voluntaria
819 2469 858 2506 in
897 2469 1029 2506 valido
1064 2470 1131 2518 qui
1170 2483 1252 2506 non
1292 2470 1446 2518 eguerit

127 2526 301 2574 amplius
336 2535 393 2563 est
426 2527 640 2575 culpanda,
675 2541 766 2564 cum
798 2528 1024 2565 voluntarie
1057 2541 1098 2565 se
1130 2528 1330 2565 subiciens
1365 2528 1446 2565 cul-

127 2585 261 2632 pando
306 2584 426 2622 statui
472 2594 530 2622 est
573 2586 662 2634 plus
706 2586 977 2635 increpandus
1018 2600 1138 2635 quarn
1182 2587 1446 2624 necessitatus

125 2642 182 2678 illi
214 2642 354 2680 subici.

196 2774 216 2794 1.
239 2766 334 2794 Cod.:
356 2774 426 2794 cum
449 2766 543 2794 deest.
634 2775 681 2800 24.
703 2767 800 2795 Cod.:
822 2768 1009 2803 expressius.
1102 2767 1146 2795 30.
1169 2769 1263 2796 Cod.:
1287 2769 1354 2796 aliis
1376 2777 1445 2804 pro-

127 2801 301 2836 prietarius.
377 2800 414 2828 31.
437 2801 532 2829 Cod.:
553 2801 693 2837 Nuquid.
766 2801 810 2837 37.
832 2803 928 2830 Cod.:
950 2808 1087 2837 egerunt.

197 2897 247 2929 26.
278 2900 347 2930 Act.
378 2898 435 2938 IV,
464 2899 506 2939 34
544 2897 596 2930 32.
625 2898 677 2930 35.

1655 254 1670 288 3
1688 266 1732 300 19

1504 899 1643 934 Beggary
1664 899 1689 925 is

1540 943 1657 969 wrong.

1485 1776 1527 1803 At
1547 1776 1598 1802 the
1619 1780 1721 1803 outset

1479 1811 1513 1838 of
1531 1811 1580 1838 the
1601 1812 1718 1838 church

1493 1854 1573 1873 none
1594 1846 1711 1874 lacked.
