1944 3323
159 839 198 861 10

119 1099 194 1131 Fol.

114 1146 197 1188 278a

152 1999 194 2032 30

149 2594 194 2624 40

215 186 351 214 SERMO
374 175 484 233 xta]
692 189 866 221 TERTlA
896 190 948 221 ΡΑ
956 190 1021 223 RS.

215 296 383 333 fratrum
423 296 603 333 zizannia
643 296 825 345 implicat
864 296 1000 334 onmia
1040 297 1115 334 ista
1155 297 1244 343 tria,
1280 307 1316 333 ct
1351 310 1396 333 eo
1431 299 1538 334 colo-

217 354 347 391 racius
389 368 468 403 quo
509 368 598 391 cum
634 355 962 392 dehonoracione
996 355 1067 392 Dei
1109 356 1306 392 seducunt
1340 356 1535 404 populum

215 415 351 462 quoad
390 426 504 450 suam
544 412 837 450 beatitudinem
878 414 1174 462 adquirendam
1216 423 1253 450 et
1299 416 1537 462 perturbant

216 485 299 509 rem
331 471 535 520 publicam
567 471 809 520 temporalia
839 472 1064 520 proditorie
1087 485 1109 509 a
1133 473 1285 521 populo
1308 471 1535 520 spoliando.

274 533 385 577 Item,
421 539 577 567 tantum
610 529 769 567 videtur
802 531 984 567 conferre
1024 530 1167 568 merita
1207 543 1378 580 persone
1412 544 1534 580 quam

214 590 397 637 approbo
431 588 534 626 sicut
566 589 722 625 auferre
757 589 900 626 merita
933 590 982 626 ab
1008 590 1170 636 eadem3
1203 591 1272 627 sed
1296 589 1336 626 in
1361 589 1537 638 primum

214 656 382 695 possunt
405 649 464 696 (ut
486 647 701 696 inquiunt),
737 660 831 696 ergo
866 657 903 685 et
936 648 976 685 in
999 649 1234 685 secundum.
1268 650 1317 684 Et
1341 660 1431 685 cum
1456 661 1538 685 non

214 705 264 742 sit
304 705 413 742 racio
453 718 577 754 quare
616 705 758 742 merita
799 718 870 743 sua
916 715 1085 755 possunt
1129 705 1186 744 sic
1231 707 1400 753 auferre,
1442 706 1538 756 quin

215 776 286 812 per
318 763 424 801 idern
468 773 505 800 et
546 763 690 801 merita
730 764 874 811 aliena,
914 765 1072 802 videtur
1105 767 1213 815 quod
1246 774 1415 814 possunt
1447 778 1538 814 spo-

214 822 312 860 liare
345 822 558 859 ecclesian]
593 824 640 859 de
673 823 754 860 suis
794 823 960 870 meritis,
1001 823 1103 861 sicut
1143 823 1319 873 spoliant
1359 836 1447 860 eam
1490 825 1537 861 de

214 881 294 918 suis
327 880 635 930 temporalibus.
669 883 760 918 Non
793 881 899 918 enim
934 891 992 919 est
1024 882 1134 920 racio
1168 895 1293 932 quare
1326 883 1537 919 conferunt

211 941 273 976 vel
311 940 499 977 auferunt
540 939 683 977 merita
724 939 844 977 aIIeni
884 940 960 977 nisi
1000 941 1094 990 quia
1134 942 1290 978 orando
1332 950 1538 978 merentur

211 1007 254 1035 ut
287 1001 392 1035 Deus
424 998 481 1035 sic
513 998 634 1035 faciat
667 1007 704 1035 et
737 999 813 1035 hoc
846 1011 947 1048 eque
980 1000 1080 1037 bene
1114 1008 1282 1048 possunt
1315 1001 1363 1036 de
1396 999 1536 1036 alienis

213 1056 365 1093 meritis
405 1057 507 1094 sicut
547 1058 594 1093 de
633 1056 822 1106 propriis,
864 1071 1001 1105 ymmo
1035 1067 1078 1094 ut
1111 1057 1294 1106 sophista
1329 1057 1537 1095 contendit

212 1117 350 1152 beatos
379 1110 383 1168 1
412 1115 454 1152 in
498 1116 584 1152 celo
624 1124 792 1163 possunt
834 1116 965 1153 facere
1004 1118 1114 1166 quod
1153 1129 1235 1154 non
1274 1116 1409 1153 taliter
1448 1129 1537 1164 pre-

211 1173 387 1210 mientur
424 1175 494 1210 sed
534 1174 642 1223 quod
682 1183 764 1211 tam
811 1187 833 1210 a
882 1174 1035 1212 meritis
1080 1188 1202 1224 quam
1248 1174 1414 1224 premiis
1459 1174 1537 1212 sint

210 1232 403 1269 frustrati.
450 1231 562 1269 Sicut
600 1232 705 1269 enim
748 1232 954 1270 evidencia
993 1246 1064 1270 sua
1105 1235 1203 1270 dant
1244 1233 1534 1271 beatitudinem

213 1300 250 1328 et
283 1290 484 1339 premiant
518 1290 704 1337 finaliter⁷
740 1304 786 1328 eo
821 1293 929 1340 quod
962 1291 1113 1329 faciunt
1138 1294 1266 1329 Deum
1300 1291 1357 1329 sic
1389 1292 1534 1339 facere,

211 1349 267 1386 sic
307 1349 553 1386 distribuunt
592 1349 736 1386 merita
777 1350 945 1387 ecclesie
985 1363 1032 1388 eo
1071 1352 1180 1400 quod
1219 1351 1372 1388 faciunt
1406 1353 1534 1387 Deum

211 1408 268 1445 sic
300 1408 447 1454 facere,
482 1409 551 1445 sed
586 1421 675 1445 cum
710 1409 786 1445 hoc
810 1408 860 1446 sit
884 1409 939 1445 eis
963 1409 1198 1458 ambiguum
1223 1419 1260 1446 et
1284 1409 1534 1457 incognitum

211 1476 345 1503 utrum
381 1466 431 1503 sit
463 1466 719 1515 beneplacito
752 1467 824 1504 Dei
858 1468 1121 1514 contrarium,
1154 1467 1313 1504 videtur
1343 1469 1451 1516 quod
1485 1468 1535 1504 sit

211 1527 448 1574 blasphema
481 1525 740 1574 presumpcio
774 1526 858 1562 sine
881 1526 1097 1563 sufficienti
1121 1526 1326 1563 evidencia
1350 1525 1455 1563 istud
1479 1526 1535 1564 sic

212 1586 251 1621 in
291 1584 411 1621 cartis
452 1596 644 1621 asserere.
690 1586 793 1621 Nam
834 1584 1014 1633 sophiste
1060 1584 1200 1622 mundi
1244 1598 1327 1622 non
1367 1584 1534 1633 obligati

211 1657 292 1681 non
326 1644 553 1680 concedunt
586 1643 730 1679 falsum
754 1644 815 1680 vel
839 1642 893 1680 eis
918 1643 1099 1690 dubium,
1134 1653 1202 1680 aut
1225 1653 1372 1692 negant
1396 1656 1533 1680 verum

212 1704 262 1740 ad
286 1703 394 1751 quod
428 1714 468 1738 se
492 1703 599 1738 Deus
633 1701 876 1739 determinat
908 1711 1118 1751 tamquam
1153 1702 1228 1739 sibi
1260 1702 1533 1740 necessarium

213 1774 289 1810 que
323 1760 461 1797 omnia
493 1760 646 1797 faciunt
679 1760 744 1796 isti
777 1760 957 1810 sophiste
991 1760 1158 1798 diaboli.
1206 1763 1307 1798 Cum
1349 1760 1455 1797 enim
1490 1773 1535 1797 ex

210 1819 330 1857 cartis
363 1819 444 1856 suis
477 1818 658 1867 sequitur
692 1821 800 1868 quod
834 1828 1011 1856 cartatus
1045 1820 1207 1857 habebit
1241 1819 1532 1856 beatitudinem

210 1892 301 1916 cum
336 1877 391 1914 eis
426 1886 463 1914 et
496 1878 604 1926 quod
628 1890 710 1914 non
734 1878 1023 1926 dampnabitur
1046 1878 1087 1915 in
1110 1878 1279 1924 inferno,
1314 1887 1533 1927 utrumque

210 1937 372 1974 illorum
404 1936 545 1973 volunt
577 1946 871 1986 consequenter
905 1938 1127 1974 concedere
1161 1946 1198 1974 et
1232 1950 1372 1974 eorum
1405 1949 1533 1985 oppo—

209 1996 285 2032 sita
318 2008 483 2043 negare3
518 2007 595 2043 que
628 2007 718 2032 curn
751 1995 1022 2032 communiter
1045 1996 1123 2032 sint
1146 1997 1245 2033 falsa
1269 2004 1306 2032 et
1330 1995 1533 2032 contraria

210 2067 350 2091 eorum
390 2053 618 2090 necessaria
653 2054 886 2091 eternaliter
919 2067 941 2091 a
974 2056 1058 2091 Deo
1099 2054 1382 2099 determinata,
1423 2062 1533 2102 patet

210 2125 332 2162 quam
379 2124 562 2160 expresse
608 2111 673 2148 isti
718 2121 809 2149 sunt
854 2112 1092 2149 Antichristi
1138 2113 1178 2150 in
1226 2112 1533 2149 difficultatibus

210 2170 290 2207 suis
324 2170 486 2207 Christo
520 2170 726 2207 contrarii.

269 2232 382 2275 Item,
422 2229 581 2266 videtur
614 2230 722 2277 quod
759 2229 988 2278 quicunque
1023 2230 1070 2265 de
1105 2229 1273 2265 ecclesia
1308 2238 1345 2266 et
1378 2229 1532 2277 specia-

209 2287 300 2324 liter
332 2288 454 2324 frater
488 2287 777 2324 cartativorum
810 2297 944 2336 potest
977 2300 1078 2336 eque
1109 2289 1331 2324 concedere
1361 2288 1531 2324 fratrum

211 2346 354 2382 merita
387 2345 488 2382 sicut
521 2346 616 2394 ipsi;
649 2359 732 2383 non
765 2346 871 2383 enim
905 2347 1131 2383 concedunt
1165 2345 1241 2382 nisi
1265 2346 1360 2394 quia
1391 2355 1532 2393 rogant

211 2406 339 2440 Deum
374 2413 415 2440 ut
448 2404 504 2441 sic
539 2403 707 2450 eveniat,
743 2414 780 2441 et
814 2405 867 2441 ita
890 2414 1023 2453 potest
1046 2404 1166 2441 vidua
1188 2404 1319 2441 facere
1344 2404 1533 2441 devocior

210 2472 247 2499 et
281 2475 351 2510 per
383 2462 467 2499 eius
499 2463 732 2499 oracionem
767 2476 868 2511 eque
901 2462 1071 2500 faciliter
1105 2462 1274 2508 evenire,
1309 2475 1404 2510 ergo
1438 2475 1532 2499 con-

210 2521 350 2557 clusio.
396 2522 486 2557 Non
519 2521 623 2557 enirn
659 2530 717 2558 est
752 2522 940 2558 meritum
975 2521 1054 2558 iarn
1089 2520 1314 2557 subiectum
1355 2521 1395 2557 in
1435 2521 1531 2569 ipsis

209 2581 277 2615 sed
310 2580 372 2616 vel
405 2579 623 2616 extinctum
646 2593 719 2628 per
741 2589 909 2628 peccata
932 2579 1261 2628 superveniencia
1284 2580 1346 2616 vel
1368 2588 1532 2616 natura-

210 2637 300 2674 liter
334 2637 470 2684 desiit3
517 2640 724 2686 quomodo
766 2651 859 2686 ergo
893 2648 984 2675 sunt
1017 2638 1073 2674 illi
1108 2638 1365 2685 singulariter
1399 2637 1529 2674 meriti

280 2792 300 2817 1,
321 2792 346 2810 2.
368 2784 464 2811 Cod.:
486 2784 663 2811 celesticius.
720 2792 745 2819 7.
762 2784 857 2811 Cod.:
882 2790 912 2811 ut
933 2785 1105 2819 inquirunt,
1164 2793 1253 2815 11,12.
1273 2784 1367 2812 Cod.:
1390 2785 1530 2811 auferunt

210 2819 253 2845 vel
269 2818 421 2845 auferunt.
479 2817 516 2845 13.
534 2818 628 2846 Cod.:
650 2827 716 2846 esse
733 2819 817 2846 bene,
882 2819 1035 2852 11.Cod.:
1058 2825 1084 2846 ct
1101 2820 1250 2855 sophista.
1310 2820 1356 2853 αι’»,
1373 2827 1415 2854 27.
1434 2819 1528 2846 Cod.:

206 2862 243 2880 ex
262 2853 408 2880 caritatis.
483 2851 522 2881 35.
546 2852 640 2881 Cod.:
671 2853 929 2881 caritativioruin.

1750 185 1828 232 359

1596 542 1623 568 Π
1641 541 1710 577 they
1731 551 1785 569 cun

1583 577 1688 603 conscr
1710 578 1800 604 inerit

1617 612 1687 647 they
1709 620 1763 639 cau

1554 646 1716 673 withdraw
1733 647 1753 674 it
1769 648 1827 674 and

1553 689 1608 708 can
1631 681 1758 716 deprirc
1780 682 1830 709 thc-

1553 716 1650 743 saints
1669 717 1698 743 in
1715 717 1829 744 heaven

1553 751 1588 778 of
1601 751 1681 779 their
1697 752 1827 780 reward.

1557 2237 1656 2273 Every
1679 2237 1816 2264 member

1566 2272 1601 2299 of
1617 2273 1667 2299 thc
1687 2272 1811 2299 Church

1601 2316 1655 2335 can
1677 2308 1717 2334 do
1738 2316 1770 2334 as

1564 2343 1654 2370 much
1677 2351 1710 2369 as
1731 2343 1812 2378 they,
