1944 3323
192 235 328 264 SERMO
350 224 492 283 xxvit]
684 237 856 270 TERTIA
886 237 1012 270 PARS.
1723 242 1800 278 207

251 348 392 383 Pastor
422 354 556 383 autem
588 345 661 381 iste
691 344 763 380 fuit
792 354 875 381 tam
906 344 1099 381 innocens
1130 353 1166 380 et
1196 344 1345 381 faciens
1369 354 1513 381 cuncta

192 417 317 453 opera
349 417 420 441 sua
453 405 503 441 ad
527 404 704 451 regulam
730 404 839 451 quod
857 411 1058 452 peccatum
1089 416 1161 439 non
1175 403 1277 452 fecit
1300 403 1338 439 in
1363 403 1511 451 aliquo,

193 472 230 499 et
262 475 334 511 per
367 474 615 510 consequens
649 474 738 498 cum
773 474 846 497 nec
880 461 1065 497 diabolus
1098 474 1170 497 nec
1204 461 1328 497 hostis
1369 461 1513 509 aliquis

192 530 311 558 nocet
343 519 497 558 homini
531 519 561 556 si
595 533 675 556 non
709 532 752 556 ex
785 519 900 555 devio
940 519 999 555 sui
1039 519 1207 567 peccati,
1250 528 1358 568 patet
1391 532 1511 568 quam

158 583 377 616 Ssecurum
413 587 469 615 est
502 578 615 627 sequi
647 577 812 614 semitas
845 577 945 613 tanti
980 577 1104 614 ducis.
1139 580 1187 614 Et
1219 578 1250 614 si
1285 578 1514 626 requiratur

193 637 392 674 certitudo
425 636 627 685 promissi,
661 635 746 684 ipse
780 645 836 672 est
859 636 1004 672 veritas
1029 636 1172 684 prima,
1198 637 1233 672 in
1257 637 1364 673 cuius
1388 636 1514 672 verbis

191 708 264 732 non
299 703 427 745 potest
467 695 578 731 dolus
615 695 754 743 aliquis
793 695 971 744 reperiri.
1020 696 1111 731 Ideo
1134 695 1221 730 Joh.
1247 696 1301 730 XO
1325 700 1382 737 (ut
1416 693 1514 730 reci-

191 762 300 790 tatur
323 754 363 789 in
396 753 602 801 evangelio
636 752 849 797 hodierno)
873 752 969 789 dicit
993 753 1175 789 Christus
1207 766 1248 789 se
1271 766 1352 789 esse
1374 753 1511 788 bomtm
1530 759 1635 787 Christ
1654 760 1703 786 1110
1724 760 1804 794 good

184 820 386 862 pastorem
426 824 517 848 oves
557 824 648 848 suas
693 811 923 847 fidelissime
963 810 1213 859 diligentem;
1260 811 1367 859 ipsas
1407 811 1512 847 enim
1586 794 1751 830 stit-phem.

137 884 176 906 10
191 870 369 919 perditas
419 882 490 918 per
541 870 699 906 devium
751 878 1040 918 perscrutatur,
1092 869 1199 917 ipsas
1254 869 1513 906 infirmitatas

191 928 324 965 scabie
375 928 510 965 celesti
564 927 832 965 medicamine
884 928 1001 975 plene
1050 936 1165 964 sanat
1211 936 1248 964 et
1293 927 1399 976 ipsas
1445 940 1515 975 per

191 1000 342 1035 pascua
375 999 534 1035 semper
565 986 741 1023 vii-encia
773 995 857 1022 tute
891 986 1066 1031 muniat3
1108 994 1145 1022 et
1178 995 1314 1022 tamen
1346 995 1513 1034 propter

192 1046 391 1082 defectum
432 1036 676 1081 imitacionis
715 1044 865 1081 Christi
906 1057 998 1081 oves
1038 1044 1262 1081 racionales
1296 1044 1336 1080 in
1370 1057 1512 1081 manus

191 1104 379 1152 luporum
421 1103 656 1150 incidentes,
697 1103 790 1152 quia
835 1115 906 1151 per
952 1103 1077 1139 multa
1124 1102 1257 1151 capita
1303 1112 1339 1139 et
1387 1111 1514 1139 sectas
1583 1110 1762 1149 bangoroi‘

137 1161 489 1199 15infidelissimas
540 1163 794 1206 oberrantes3
847 1163 954 1197 unde
997 1170 1083 1198 tota
1126 1161 1304 1198 nitencia
1349 1160 1515 1197 ecclesie
1567 1146 1775 1208 dunigffigflus

192 1222 309 1257 debet
342 1220 615 1257 diversitatem
656 1220 774 1257 istam
814 1221 1019 1256 destruere
1059 1228 1096 1255 et
1135 1219 1281 1256 unitati
1321 1219 1435 1256 ovilis
1478 1228 1515 1255 et

191 1278 441 1327 simplicitati
470 1278 643 1327 pastoris
673 1278 894 1315 intendere.
930 1279 1017 1314 Stat
1040 1286 1173 1314 autem
1200 1277 1317 1314 huius
1341 1278 1515 1326 pastoris

191 1337 371 1374 imitacio
410 1336 639 1385 specialiter
677 1337 717 1373 in
756 1336 964 1385 paciencia
1003 1349 1072 1372 sue
1110 1335 1268 1381 iniurie,
1303 1336 1397 1385 quia
1430 1349 1514 1372 cum

192 1396 492 1433 malediceretur
522 1395 915 1443 obprobriosissime,
950 1403 1115 1432 econtra
1147 1408 1220 1431 non
1251 1395 1516 1439 maledicebat,
1538 1404 1596 1431 His
1617 1404 1757 1443 example
1778 1404 1813 1431 of

135 1467 177 1488 20
191 1456 260 1491 sed
293 1467 367 1503 pro
401 1453 481 1490 suis
514 1453 697 1490 hostibus
731 1455 933 1498 exorabat,
969 1462 1005 1490 et
1038 1466 1123 1489 cnm
1141 1461 1347 1502 pateretur
1369 1465 1515 1502 penam
1598 1444 1746 1474 panence.

192 1512 495 1549 acerbissimam
512 1525 634 1561 quam
658 1513 792 1549 hostes
815 1512 875 1548 sui
899 1511 1161 1547 iniustissime
1185 1521 1222 1548 et
1245 1511 1517 1559 ingratissime

192 1570 428 1615 inferebant,
471 1583 544 1606 non
584 1571 892 1607 comminabatur
924 1569 1155 1606 humanitus
1189 1571 1298 1618 quod
1332 1571 1518 1606 redderet

192 1629 270 1665 illis
299 1642 372 1677 pro
401 1642 472 1665 sua
502 1628 648 1665 iniuria
677 1629 782 1665 vices
804 1641 908 1671 suas,
939 1630 1008 1664 sed
1038 1633 1095 1673 (ut
1118 1637 1228 1676 patet
1251 1629 1516 1674 Joh.XV1110)

194 1689 356 1736 quando
385 1687 493 1735 ipsos
525 1687 743 1735 prostravit
766 1700 846 1723 uno
869 1686 1017 1722 intuitu
1052 1686 1262 1723 mitissime
1295 1687 1517 1723 osculando

137 1747 337 1782 25Judam
379 1745 502 1793 gratis
543 1758 584 1782 se
624 1745 772 1782 obtulit
813 1745 1092 1781 cruciandum.
1146 1747 1194 1780 Et
1234 1745 1290 1781 sic
1331 1752 1388 1789 (ut
1422 1745 1518 1781 dicit

195 1803 381 1852 epistola)
425 1804 604 1840 tradebat
646 1817 686 1840 se
729 1805 852 1853 ipsum
895 1803 1024 1839 Pilato
1070 1803 1256 1839 iudicanti
1296 1816 1336 1839 se
1383 1804 1518 1839 iniuste

195 1862 342 1899 timore
375 1861 522 1899 cesaris
556 1871 593 1899 et
625 1862 761 1899 favore
794 1861 943 1898 heresis
975 1863 1208 1898 Judeorum.

254 1922 302 1957 Et
340 1920 379 1957 in
419 1920 497 1957 isto
537 1920 715 1969 capitulo
754 1929 845 1957 sunt
879 1920 994 1956 multi
1036 1920 1220 1956 moderni
1253 1929 1335 1956 tam
1371 1920 1518 1956 milites
1558 1927 1617 1966 We
1639 1928 1785 1955 moderas

195 1992 316 2028 quam
351 1978 418 2016 alii
451 1978 632 2016 omnium
667 1979 897 2015 nacionum.
934 1978 999 2014 Hii
1033 1978 1137 2014 enim
1168 1979 1312 2015 timent
1335 1978 1519 2014 similiter
1533 1964 1809 2025 tlffi²¹t¹'l.1{{'h⁵{]5⁹s³1¹s',0

138 2041 181 2074 30
196 2037 328 2074 dicere
365 2037 576 2074 veritatem
618 2037 888 2085 evangelicam
928 2045 1095 2085 propter
1133 2036 1320 2073 timorem
1365 2037 1517 2073 brachii
1610 2033 1737 2068 GOSW·

195 2095 385 2132 secularis
419 2104 456 2132 et
489 2095 544 2132 hii
576 2096 665 2144 plus
696 2095 841 2132 timent
870 2095 1002 2131 dicere
1025 2094 1234 2131 veritatem
1270 2095 1361 2131 fidei
1394 2094 1518 2143 scrip—

195 2163 283 2190 ture
311 2163 478 2202 propter
507 2155 684 2202 prelatos
715 2153 903 2199 cesarios,
940 2162 977 2190 et
1006 2153 1222 2202 utrobique
1253 2153 1518 2201 subiugantur

197 2212 378 2249 servituti
403 2212 554 2249 diaboli
577 2213 765 2260 timentes,
789 2212 854 2248 ubi
874 2225 946 2248 non
969 2219 1055 2247 erat
1079 2212 1207 2247 timor.
1234 2214 1336 2248 Nam
1357 2219 1518 2261 peccata

196 2278 331 2307 nostra
382 2271 447 2306 ille
497 2271 578 2320 ipse
613 2271 725 2307 Jesus
774 2278 906 2307 noster
950 2271 986 2306 in
1036 2282 1204 2319 corpore
1248 2271 1424 2319 pertulit,
1470 2272 1518 2306 de

141 2331 180 2363 35
197 2337 349 2377 quanto
389 2341 534 2377 penam
576 2338 613 2365 et
651 2328 975 2366 satisfaccionem
1015 2341 1127 2364 suam
1168 2328 1207 2364 in
1241 2341 1412 2377 corpore
1445 2341 1517 2364 suo

196 2399 270 2436 pro
314 2395 482 2435 peccato
528 2387 694 2424 humani
743 2387 900 2435 generis
945 2387 981 2422 in
1028 2387 1136 2437 ligno
1180 2387 1352 2423 sustulit.
1407 2386 1518 2423 Sicut

198 2445 305 2482 enim
351 2445 391 2481 in
435 2444 544 2493 ligno
589 2454 801 2493 peccatum
846 2444 1125 2481 inobediencie
1172 2445 1292 2493 primi
1344 2445 1518 2481 hominis

198 2503 344 2540 iniuste
376 2503 560 2549 florebat,
594 2503 650 2540 sic
672 2504 826 2540 fructus
858 2503 1094 2540 obediencie
1127 2503 1291 2540 secundi
1315 2505 1444 2540 Adam
1478 2503 1518 2539 in

197 2561 306 2610 ligno
352 2561 482 2598 crucis
527 2561 641 2598 arido
686 2563 954 2611 dependebat.
1008 2564 1221 2598 Peccatum
1274 2562 1379 2598 enim
1425 2574 1518 2610 sepe

269 2695 298 2719 4.
320 2685 416 2713 Cod.:
438 2694 473 2713 ex
493 2685 609 2713 divino.
694 2694 735 2713 10.
757 2686 852 2714 Cod.:
874 2686 1078 2713 infirmitates.
1164 2694 1203 2719 ιφ.
1226 2684 1330 2713 Recte:
1354 2690 1422 2712 sunt
1445 2686 1518 2713 inein

199 2722 314 2748 dentes.
390 2720 540 2756 17.C0d.:
563 2721 771 2756 simplicitate.
847 2729 887 2750 ιο.
910 2721 1005 2749 Cod.:
1027 2726 1055 2748 et
1075 2721 1373 2756 obprobriosissime
1394 2726 1517 2748 econtra

198 2756 410 2783 maledicebat.
485 2754 530 2790 35).
547 2755 642 2783 Cod.:
665 2756 756 2789 a1·i‘¹0;
783 2756 824 2783 ib.
847 2754 942 2784 Cod.:
964 2756 1145 2791 dependeat.

271 2839 300 2861 2.
327 2828 350 2860 Ι.
376 2829 470 2859 Petri
500 2828 539 2867 ΙΙ,
568 2838 619 2859 22.
741 2839 772 2870 7.
799 2827 876 2859 Joh.
902 2829 942 2866 X,
976 2840 1022 2869 ¹4·
1152 2827 1200 2860 18.
1227 2829 1249 2860 1.
1278 2827 1367 2860 Petri
1396 2828 1434 2868 ΙΙ,
1462 2828 1516 2861 23.

200 2874 254 2908 33.
283 2875 336 2907 Ps.
365 2875 434 2915 LII,
459 2874 490 2907 ὁ.
591 2874 644 2906 33.
671 2875 694 2906 1.
722 2875 811 2906 Petri
839 2875 879 2915 II,
908 2885 960 2916 24.
