1944 3323
96 954 133 975 10

93 1246 129 1268 13

91 2112 106 2143 3
111 2122 131 2141 0

90 2402 130 2434 35

88 2704 132 2734 40

151 303 286 332 SERMO
303 292 457 350 xxxw]
640 307 814 339 ΤκιῑΤιΑ
844 308 968 339 PARS.

149 416 216 451 sed
250 427 386 451 verum
412 427 557 462 panem
582 427 700 463 quem
726 416 914 451 sacerdos
938 416 1299 452 t-ranssubstanciat
1324 417 1469 454 virtute

149 474 361 509 verborum
397 472 753 509 sacramentalium
788 473 826 508 in
860 486 1005 522 corpus
1040 474 1222 520 Domini3
1263 484 1299 510 et
1334 488 1469 512 revera

151 531 222 567 iste
255 540 417 568 sanctus
441 532 583 567 doctor
607 544 697 567 cum
722 531 810 568 aliis
835 533 883 568 de
908 532 1135 569 millenario
1160 533 1307 569 Christi
1334 533 1469 570 sanius

149 598 269 638 atque
303 589 540 638 profundius
573 589 693 626 sentit
727 591 775 626 de
807 602 926 626 sensu
959 590 1159 639 scripture
1183 601 1219 628 et
1243 591 1471 640 specialiter

150 649 197 684 de
230 646 583 696 proposicionibus
617 647 709 684 fidei
743 661 864 696 quarn
899 662 1041 685 omnes
1074 662 1178 698 pape
1200 650 1261 686 vel
1284 650 1465 698 postilla-

149 715 256 743 tores
295 707 556 742 succedentes
595 719 617 742 a
657 715 840 754 tempore
873 720 953 755 quo
993 707 1176 744 diabolus
1210 718 1267 744 est
1301 709 1467 745 solutus.

150 767 224 801 Iste
257 773 392 801 autem
426 773 590 801 sanctus
624 764 836 801 manifeste
870 765 966 802 dicit
991 768 1099 815 quod
1122 766 1237 814 panis
1261 766 1327 803 ille
1351 780 1469 816 quem

148 824 336 859 sacerdos
378 821 486 871 capit
518 821 558 858 in
592 823 777 859 manibus
810 826 1087 861 consecrando
1122 834 1179 861 est
1213 838 1359 873 corpus
1392 828 1470 862 Do-

151 880 266 922 mini:
307 882 414 930 quod
448 882 594 930 probat
626 894 696 930 per
730 883 805 918 hoc
839 884 947 931 quod
980 882 1046 919 ille
1079 882 1146 932 qui
1187 883 1347 920 mentiri
1389 897 1471 921 non

152 948 282 988 potest
321 939 436 976 dicit:
482 940 553 976 hoc
591 947 647 976 est
685 952 826 989 corpus
866 954 1006 987 meum,
1047 953 1165 989 quem
1213 955 1358 989 panem
1404 941 1470 978 ille

149 998 312 1034 indubie
336 999 654 1035 demonstrando
679 1028 686 1035 .
713 1028 720 1035 .
747 1028 754 1035 .
790 999 868 1035 Sed
892 1012 913 1036 a
936 1008 1120 1047 tempore
1143 1013 1223 1048 quo
1253 1000 1379 1037 divisa
1414 1010 1470 1037 est

149 1056 317 1093 ecclesia
350 1069 420 1105 per
453 1065 659 1105 apostatas
692 1056 947 1093 introductos
971 1057 1097 1094 divisa
1121 1067 1178 1094 est
1203 1059 1275 1095 hec
1300 1059 1397 1095 fides
1421 1060 1468 1095 de

147 1123 402 1152 sacramento
436 1114 652 1151 eukaristie
682 1114 865 1152 indicans
896 1115 1133 1153 divisionem
1159 1116 1394 1154 ulteriorem
1430 1116 1468 1153 in

148 1173 262 1222 papis
286 1183 323 1210 et
347 1173 435 1210 aliis
459 1203 466 1210 .
493 1203 501 1210 .
527 1203 535 1210 .
561 1173 633 1210 Dei
666 1186 688 1210 a
722 1173 916 1221 religione
939 1175 1113 1223 simplici
1138 1174 1343 1221 cristiana,
1377 1188 1466 1211 cum

148 1241 283 1268 tamen
305 1233 523 1280 Apostolus
557 1231 663 1268 dicat
697 1234 806 1280 quod
839 1245 923 1269 esse
956 1234 1099 1270 debeat
1133 1246 1211 1270 una
1245 1234 1355 1270 fides.
1391 1235 1467 1270 Sed

147 1303 288 1327 omnes
327 1290 471 1327 fratres
509 1291 570 1327 vel
609 1289 676 1327 alii
711 1291 758 1326 de
792 1290 1053 1339 religionibus
1087 1291 1253 1340 privatis
1286 1292 1468 1328 nesciunt

147 1348 242 1397 quid
284 1350 586 1385 demonstratur
624 1348 866 1396 pronomine
905 1359 973 1387 aut
1007 1350 1103 1399 quid
1142 1350 1181 1386 in
1220 1360 1364 1387 natura
1398 1363 1468 1387 sua

148 1407 198 1443 sit
244 1408 319 1444 hoc
364 1415 664 1444 sacramentum
710 1407 898 1445 sensibile
943 1410 1051 1457 quod
1098 1409 1217 1445 oculo
1264 1409 1467 1457 corporali

149 1465 339 1511 cernitur,
393 1467 571 1502 secundo
624 1465 664 1501 in
716 1475 795 1502 tres
841 1475 975 1515 partes
1021 1466 1215 1503 dividitur
1261 1477 1298 1503 et
1344 1467 1470 1504 tercio

96 1540 107 1552 τ
149 1524 406 1561 masticatum
441 1524 626 1561 dentibus
650 1523 873 1572 inglutitur.
909 1527 1028 1561 Istam
1054 1534 1189 1562 autem
1215 1525 1468 1574 questionem

148 1595 270 1632 quam
305 1582 500 1619 instanter
532 1592 718 1631 quereret
753 1582 881 1619 fidelis
915 1596 937 1620 a
972 1583 1144 1632 satrapis
1179 1584 1388 1632 aufugiunt
1428 1593 1470 1620 ut

148 1641 275 1690 ignari
316 1642 509 1678 vecordes
550 1641 677 1678 multa
711 1641 957 1689 subterfugia
991 1642 1191 1679 trutanica
1225 1642 1469 1679 simulando.

206 1699 352 1736 Fidelis
385 1709 519 1736 autem
553 1712 633 1736 non
668 1699 988 1737 communicaret
1023 1713 1112 1737 cum
1148 1700 1225 1736 illis
1259 1710 1467 1748 tamquam

148 1758 238 1796 fide.
269 1767 485 1807 antequam
509 1757 627 1794 istam
662 1758 874 1794 materiam
910 1759 1003 1796 fidei
1036 1769 1273 1796 reserarent.
1308 1759 1469 1805 Quesivi

146 1830 322 1865 namque
355 1829 448 1865 sepe
481 1829 503 1853 a
534 1815 722 1853 fratribus
756 1818 805 1853 ad
830 1829 949 1865 quem
979 1830 1139 1854 sensum
1169 1827 1467 1854 sacramentum

147 1875 244 1911 illud
269 1876 377 1924 quod
401 1884 483 1912 tarn
516 1876 657 1911 crebro
690 1884 857 1911 vocatur
886 1877 999 1924 panis
1033 1877 1149 1912 debet
1183 1876 1365 1924 intelligi,
1401 1878 1469 1912 sed

148 1934 222 1982 ipsi
262 1943 470 1982 tamquam
510 1933 644 1982 ydiote
686 1933 813 1981 ignari
856 1933 948 1970 fidei
988 1934 1311 1983 postulacionem
1354 1947 1467 1971 suam

148 1991 370 2040 exprimere
403 2005 484 2028 non
518 1993 734 2029 audebant.

206 2052 283 2087 Sed
329 2060 471 2087 contra
510 2060 691 2087 nostram
733 2051 981 2087 sentenciam
1023 2060 1060 2087 et
1101 2064 1261 2088 sensum
1304 2050 1468 2088 Domini

147 2118 319 2157 arguunt
357 2109 492 2157 ydiote
531 2109 663 2157 primo
702 2109 976 2157 paralogismo
1017 2122 1136 2158 quem
1176 2119 1321 2146 vocant
1361 2109 1468 2145 sillo-

147 2168 317 2213 gismum
354 2167 657 2215 expositorium,
699 2167 876 2204 dicentes
915 2180 956 2204 se
989 2169 1163 2216 probare
1196 2169 1302 2216 quod
1337 2177 1465 2204 totum

148 2238 294 2273 eorpus
340 2226 502 2272 Christi,
551 2227 698 2262 collum
753 2235 790 2261 et
839 2227 1021 2263 membra
1065 2226 1235 2274 singula,
1287 2239 1309 2262 a
1353 2226 1469 2262 nobis

148 2284 363 2320 crudeliter
407 2284 618 2332 frangitur,
664 2283 857 2332 putrescit
903 2294 939 2320 et
985 2298 1006 2321 a
1052 2284 1188 2321 bestiis
1237 2284 1469 2332 turpissime

147 2344 375 2387 devoratur,
411 2342 503 2390 quia
537 2342 610 2379 iste
643 2342 758 2391 panis
792 2342 831 2379 in
866 2343 1000 2379 multis
1023 2343 1157 2379 taliter
1181 2352 1238 2379 est
1261 2352 1469 2381 tractatus.

148 2410 185 2437 et
224 2400 289 2437 ille
334 2400 450 2449 panis
494 2402 714 2437 secundum
760 2413 834 2437 nos
878 2410 936 2437 est
980 2414 1125 2449 corpus
1168 2401 1329 2447 Christi.
1377 2414 1470 2449 ergo

148 2471 295 2507 corpus
328 2458 492 2495 Domini
526 2459 582 2495 sic
615 2468 826 2496 tractatur.

206 2519 283 2554 Sed
323 2521 381 2561 (ut
420 2529 512 2565 sepe
552 2517 646 2563 dixi)
684 2517 749 2554 isti
788 2517 924 2565 ydiote
964 2517 1004 2553 in
1042 2517 1182 2565 primis
1217 2517 1469 2554 addiscerent

151 2576 322 2623 logicam
364 2588 410 2611 ac
451 2575 570 2611 fidem
612 2575 780 2612 ecclesie
819 2577 1028 2624 quomodo
1068 2588 1149 2611 non
1187 2576 1369 2624 sequitur
1408 2589 1469 2612 ex—

151 2634 360 2682 positorie:
417 2633 456 2669 Si
504 2633 578 2670 ista
623 2643 767 2670 natura
816 2633 963 2671 divina.
1014 2634 1340 2670 communicatur
1385 2634 1468 2669 istis

149 2692 275 2728 tribus
308 2692 540 2740 suppositis
581 2702 617 2728 et
656 2692 711 2728 sic
752 2693 799 2728 de
840 2692 948 2729 mille
989 2692 1179 2740 exemplis
1221 2693 1259 2728 in
1301 2692 1467 2728 materia

150 2752 196 2787 de
229 2750 440 2787 Trinitate.

219 2859 252 2878 ιι.
274 2851 535 2878 demonstrando:
558 2851 606 2877 hic
628 2851 743 2886 aliquot
766 2851 856 2877 rerba
878 2851 1067 2877 exciderunt.
1162 2859 1202 2884 ¹4-
1226 2851 1259 2877 Εἰ
1283 2851 1330 2877 bie
1353 2850 1469 2884 aliquot

148 2886 239 2912 xerba
260 2885 382 2913 desunt.
439 2894 486 2912 20.
501 2886 534 2913 Iu
554 2894 667 2920 marga
689 2885 780 2913 Nota.
843 2893 857 2912 2
872 2895 891 2918 ι.
912 2886 945 2913 Iu
968 2894 1082 2919 marga
1106 2885 1246 2920 Ques-tio.
1310 2884 1356 2912 3‹›.
1373 2884 1468 2911 (luds

149 2928 202 2954 per
222 2920 372 2955 logismo:
403 2920 443 2947 ib.
465 2920 495 2947 in
518 2929 632 2954 mar-est
655 2920 755 2947 Prima
779 2920 926 2947 obit—ecio.
1035 2920 1079 2955 37.
1102 2920 1197 2947 (lotis
1221 2920 1408 2946 addicerent.
1436 2920 1468 2944 lu

149 2963 262 2989 marga
283 2955 466 2990 Responsio.
490 2963 509 2982 1.

1680 314 1761 351 279

1486 424 1561 452 This
1578 426 1602 452 is
1619 427 1699 453 what
1714 428 1762 454 the

1495 462 1670 495 Scriptures
1692 471 1754 497 sax.

1539 1179 1606 1206 The
1627 1180 1703 1207 false

1492 1215 1630 1241 lezieliers
1650 1217 1764 1242 'cannot

1512 1258 1564 1285 say
1586 1251 1666 1276 what
1689 1251 1736 1277 tlie

1553 1294 1569 1319 p
1576 1293 1629 1311 ron
1635 1294 1673 1311 ou
1680 1294 1696 1311 n

1485 1319 1612 1346 denote>
1630 1328 1665 1346 or
1681 1321 1762 1347 what

1529 1355 1578 1382 [lle
1598 1355 1668 1381 host
1690 1355 1725 1382 is.

1485 2054 1572 2090 They
1595 2065 1703 2083 accuse
1726 2065 1760 2083 us

1537 2092 1571 2118 ot*
1589 2093 1713 2125 making

1508 2126 1640 2153 (Ibrist‘s
1664 2128 1744 2153 bsudx*

1491 2162 1578 2188 {table
1600 2167 1628 2188 10
1651 2164 1686 2189 all
1709 2163 1756 2189 tlte

1520 2197 1675 2224 act-{denis
1697 2198 1731 2224 ol*

1528 2232 1630 2260 bread.
1654 2238 1719 2266 put*

1517 2276 1657 2294 rescence
1679 2272 1732 2294 ele.

1527 2523 1607 2558 Tim
1636 2529 1716 2550 must

1502 2559 1582 2584 learn
1607 2560 1695 2592 logie.
1718 2568 1749 2585 as

1527 2602 1596 2619 set-n
1620 2593 1647 2619 in
1671 2594 1718 2619 1116

1495 2628 1632 2654 Λινῡῐιᾙιε
1655 2635 1682 2655 ¹⁸1
1707 2630 1754 2654 lite

1557 2663 1689 2699 limiti.
