1944 3323
138 997 203 1024 Om-
224 1003 398 1031 opponenrs

160 1040 268 1058 accuse
291 1041 323 1059 [is
346 1037 374 1059 Ul

146 1067 314 1102 depraving
335 1068 383 1094 ilie

176 1107 356 1129 sacrament.

138 1519 197 1546 ΧΥ(
219 1520 306 1544 know
330 1518 349 1544 it
370 1518 395 1544 is

147 1554 277 1581 Clirisl's
300 1553 391 1587 body,

139 1590 229 1615 while
251 1589 318 1622 the-r
342 1596 388 1622 sn)

150 1624 280 1651 Chrisl's
303 1623 382 1657 body

132 1660 157 1685 is
178 1668 205 1684 iii
230 1659 260 1688 it,
283 1658 339 1684 and
364 1665 397 1682 so

145 1695 230 1726 bring
254 1694 271 1719 it
294 1693 384 1719 down

143 1734 172 1754 [ιῐι
193 1729 241 1753 the
262 1728 333 1754 lcxcl
356 1727 389 1752 (ιῖ

195 1772 252 1798 any
276 1764 332 1795 ing.

700 248 920 280 „IOHANNIS
940 248 1121 280 WYCLIF
1140 247 1397 280 SERMONUM
1431 233 1585 290 [SERMO
1607 243 1733 271 XXXV.

425 354 671 391 discrecione
712 353 905 390 memorie
946 353 1063 390 finem
1105 354 1210 390 hunc
1244 352 1393 389 iudicat
1427 352 1589 389 racione
1622 352 1732 389 cuius

424 413 491 449 tali
526 411 726 460 corporali
761 410 912 448 cibario
944 420 1188 456 vesceretur3
1229 411 1317 447 finis
1358 410 1440 447 eius
1474 423 1592 459 quem
1627 413 1732 447 Deus

424 470 649 507 intenderat
679 469 748 506 tali
779 469 927 506 iudicio
958 469 1172 506 temerario
1202 468 1241 505 in
1271 468 1478 517 proditore
1502 468 1731 505 huiusmodi

423 538 480 565 est
515 529 738 565 frustratus.
774 527 813 564 Si
838 536 971 564 autem
1001 527 1085 564 sine
1108 527 1177 563 tali
1201 526 1409 563 vescencia
1433 528 1555 563 homo
1580 526 1730 563 biberet

423 589 470 623 de
512 599 681 634 corpore
715 594 751 622 et
784 585 977 632 sanguine
1012 584 1158 621 Christi
1194 585 1438 622 fructuosam
1476 584 1726 629 memoriam,

422 647 520 681 bene
559 643 820 692 spiritualiter
860 644 1088 680 comederet
1135 655 1280 691 corpus
1314 642 1460 680 Christi
1502 652 1537 679 et
1579 643 1730 678 biberet

423 703 504 739 eius
537 702 785 749 sanguinem.
821 703 867 737 Et
900 701 974 737 ista
998 701 1243 749 quadruplex
1276 700 1465 737 recitacio
1490 714 1567 749 qua
1599 713 1730 738 sacra-

424 769 600 797 mentum
643 759 788 796 dicitur
827 771 910 795 esse
944 760 1058 808 panis
1097 758 1300 806 evigilaret
1339 759 1474 795 fideles
1514 760 1563 795 ad
1598 759 1729 795 defen-

421 820 594 855 dendum
621 817 731 855 l’auli
764 816 1009 854 sentenciam
1044 825 1163 865 atque
1195 818 1315 853 verba
1346 816 1437 853 licet
1460 818 1579 853 verba
1612 826 1730 865 atque

420 876 622 914 sentencia
661 885 846 912 extranea
886 875 958 911 fuit
996 874 1296 911 infundabiliter
1336 874 1577 922 sompniata.
1626 874 1728 919 Quid

421 948 514 981 ergo
547 947 616 982 per
649 947 792 982 panem
827 942 862 970 et
896 933 1062 970 calicem
1097 932 1334 980 intelligeret
1367 942 1528 969 sanctus
1560 933 1730 968 Paulus?

478 994 552 1029 Sed
579 992 609 1027 si
634 991 806 1028 obicitur
830 993 937 1040 quod
961 991 1067 1028 iuxta
1100 990 1345 1027 sentenciam
1382 990 1489 1027 illam
1524 990 1729 1026 vilesceret

419 1059 732 1095 sacramentum,
763 1049 920 1086 dicatur
948 1049 1179 1086 adversario
1211 1048 1302 1085 fidei
1333 1050 1439 1097 quod
1464 1048 1520 1084 sic
1550 1048 1728 1084 obiciunt

420 1110 601 1155 ydolatre
631 1117 856 1145 creaturam
881 1107 1108 1144 sensibilem
1133 1116 1340 1155 tamquam
1365 1109 1491 1142 Deum
1516 1106 1730 1142 infideliter

419 1169 652 1207 adorantes:
705 1166 760 1203 sic
805 1165 929 1202 eciam
983 1165 1163 1213 garriunt
1207 1164 1342 1212 ydiote
1387 1165 1452 1212 qui
1500 1164 1729 1211 ignorantes

418 1238 533 1261 voces
558 1224 741 1273 proprias
764 1224 947 1260 nesciunt
971 1223 1064 1272 quid
1089 1223 1138 1259 sit
1162 1232 1458 1259 sacramentum
1485 1221 1727 1258 huiusmodi.

419 1285 496 1319 Sed
529 1283 659 1319 sciunt
683 1288 740 1327 (ut
762 1282 849 1318 falsi
874 1282 1040 1329 fingunt)
1075 1283 1180 1329 quod
1215 1281 1264 1317 sit
1297 1280 1575 1329 imperfeccius
1608 1293 1726 1327 quam

419 1341 552 1389 aliqua
578 1340 796 1377 materialis
819 1339 1048 1376 substancia
1072 1339 1278 1387 signanda,
1297 1348 1333 1375 et
1352 1352 1420 1386 per
1438 1340 1510 1374 110:
1535 1339 1729 1374 seducunt

419 1400 613 1447 populum
648 1400 753 1447 quod
794 1411 875 1434 non
914 1399 989 1434 hoc
1030 1406 1326 1434 sacramentum
1361 1406 1418 1433 est
1452 1396 1727 1433 honorabilius

419 1458 456 1492 in
496 1466 639 1493 natura
679 1466 715 1493 et
754 1457 899 1492 nedum
941 1456 979 1492 in
1018 1457 1093 1491 hoc
1126 1463 1379 1492 sacramento
1412 1456 1480 1491 sed
1514 1454 1762 1502 ipsummet-2

418 1519 475 1561 (ut
501 1515 624 1551 eredit
650 1514 776 1550 fidelis
800 1514 986 1562 populus)
1009 1513 1057 1549 sit
1082 1513 1241 1550 realiter
1264 1525 1408 1560 corpus
1433 1512 1593 1548 Christi.
1625 1512 1727 1556 Quid

419 1586 512 1619 ergo
537 1581 745 1621 promovet
769 1573 817 1608 ad
843 1572 960 1608 fidem
996 1571 1172 1607 fidelium
1206 1583 1276 1607 sua
1309 1570 1479 1607 infidelis
1512 1570 1726 1612 sentencia,

420 1644 509 1667 cum
550 1632 717 1667 credunt
758 1629 1012 1667 concorditer
1046 1639 1084 1666 et
1124 1631 1294 1666 adorant
1334 1627 1597 1665 affectualiter
1630 1627 1726 1663 illud

419 1689 605 1725 sensibile
661 1698 868 1737 tamquam
922 1687 1139 1733 Christum,
1198 1696 1233 1723 et
1285 1687 1437 1723 elevato
1488 1698 1728 1734 quocunque

420 1747 609 1794 ligniculo
644 1755 700 1783 est
733 1746 772 1782 in
811 1746 879 1782 illo
923 1747 1038 1782 beata
1070 1745 1259 1791 Trinitas,
1294 1757 1382 1781 cum
1417 1744 1645 1781 necessario
1679 1743 1727 1779 sit

420 1805 578 1853 ubique,
615 1814 651 1841 et
683 1817 753 1852 per
787 1815 1034 1852 consequens
1057 1803 1276 1851 perfeccius
1303 1815 1472 1850 corpore
1495 1801 1655 1843 Christi,
1688 1801 1725 1837 in

421 1863 487 1899 illo
527 1863 652 1899 eciam
693 1871 750 1898 est
789 1860 1058 1898 communiter
1097 1861 1227 1909 ipsum
1262 1873 1406 1908 corpus
1440 1859 1599 1905 Christi,
1636 1873 1722 1896 cuni

420 1922 538 1957 habet
571 1933 611 1957 se
643 1920 851 1969 spirituale
883 1932 953 1968 per
975 1928 1130 1967 partem
1165 1918 1386 1967 quamlibet
1410 1917 1519 1965 regni
1553 1917 1624 1953 sui.
1660 1917 1723 1953 Isti

419 1991 514 2026 ergo
559 1978 776 2015 adversarii
822 1977 913 2014 fidei
959 1990 1002 2014 ex
1046 1976 1277 2025 ignorancia
1323 1976 1429 2024 turpi
1473 1976 1724 2012 dehonorant

420 2045 614 2084 quantum
649 2036 687 2072 in
720 2035 816 2084 ipsis
850 2044 906 2072 est
940 2048 1085 2083 corpus
1119 2034 1280 2071 Christi.

874 2171 1068 2212 SERMO
1101 2172 1270 2211 XXXV.

477 2269 582 2303 Deus
614 2267 758 2303 caritas
790 2274 855 2303 est.
892 2269 923 2302 Ιιι
960 2265 1152 2302 Johannis
1186 2267 1269 2311 ΙΨ),
1305 2267 1341 2301 8.

474 2327 674 2361 johannes
707 2324 961 2372 Evangelista
995 2336 1104 2360 more
1137 2336 1208 2359 suo
1242 2331 1385 2359 tractat
1420 2321 1645 2369 specialiter
1679 2322 1725 2356 de

418 2383 707 2431 perfectissima
731 2383 875 2419 virtute
908 2382 1147 2429 theologica,
1182 2381 1332 2417 scilicet
1366 2380 1532 2417 caritate
1565 2388 1599 2415 et
1635 2379 1725 2414 hinc

488 2513 524 2533 12.
546 2505 640 2532 Cod.:
663 2505 722 2532 Sed
744 2505 885 2532 obicitur.

490 2589 540 2620 31.
559 2587 741 2620 Dominica
760 2589 871 2631 prima
889 2595 967 2630 post
987 2587 1111 2620 festum
1132 2588 1183 2619 Ste
1193 2587 1383 2619 Trinitatis.
1403 2586 1454 2618 Cf.
1465 2585 1622 2628 Wyclif’s
1642 2587 1721 2616 Ser=

417 2645 530 2675 mons,
556 2636 609 2665 ed.
631 2635 675 2677 by
694 2635 838 2672 Arnold‚
859 2635 898 2672 ΙΙ,
918 2645 995 2677 pag.
1016 2633 1208 2666 312—316.
1235 2634 1268 2665 In
1291 2633 1350 2664 the
1370 2634 1506 2664 Roman
1527 2632 1643 2663 missal
1664 2632 1722 2663 the

418 2692 512 2713 same
530 2681 672 2723 epistles
687 2691 791 2712 occur
805 2692 848 2712 on
868 2681 926 2712 the
940 2679 1014 2712 first
1030 2680 1256 2722 twenty-four
1271 2680 1430 2720 Sundays
1446 2679 1722 2710 alterPentetost

418 2727 649 2759 ihatoccurin
661 2727 718 2758 the
729 2729 851 2758 Sarum
869 2727 986 2758 missal
1003 2737 1049 2757 on
1064 2726 1121 2758 the
1138 2726 1211 2757 first
1227 2726 1626 2767 twenty—fourSundays
1638 2725 1723 2755 aster

417 2773 573 2815 Trini1y;
593 2774 666 2804 that
684 2774 710 2804 is
730 2772 814 2804 each
836 2774 959 2815 epistle
975 2774 1001 2803 is
1017 2774 1096 2804 read
1114 2784 1129 2803 a
1147 2773 1240 2803 week
1262 2773 1385 2803 earlier
1404 2772 1435 2802 in
1456 2782 1523 2802 one
1542 2781 1619 2802 case
1639 2770 1718 2801 than

419 2821 449 2850 in
480 2820 537 2851 the
565 2820 679 2851 other.
705 2819 784 2850 The
805 2820 949 2860 English
971 2820 1195 2861 Prayerbook
1217 2820 1238 2849 it
1259 2820 1286 2849 is
1314 2820 1474 2849 needless
1500 2825 1535 2848 to
1563 2818 1721 2856 observe,

417 2867 575 2901 adheres,
596 2866 677 2898 with
700 2876 717 2897 a
737 2866 801 2897 few
822 2866 953 2907 trifling
974 2866 1167 2897 deviations
1186 2875 1221 2897 to
1241 2866 1298 2897 the
1317 2866 1440 2896 Sarum
1461 2874 1521 2895 use
1541 2864 1718 2906 (Arnold).

1754 896 1790 916 ΙΟ

1753 1175 1786 1205 15

1747 1752 1784 1784 25

1743 2053 1757 2070 :i
1764 2052 1783 2069 ()
