1944 3323
215 280 352 308 SERMO
373 270 486 327 xvii]
701 283 879 315 TERTIA
908 284 1034 317 PARS.
1752 287 1758 309 ¹
1776 274 1792 309 3
1810 287 1819 309 ¹

214 390 386 426 finaliter
409 390 611 438 subiungit
645 390 684 426 in
718 391 858 427 eadem
895 390 1065 439 epistola
1099 391 1321 439 periculum
1357 391 1395 427 in
1431 392 1538 429 falsis

212 448 425 485 fratribus?
465 450 633 485 Constat
665 449 753 485 luce
795 448 941 485 clarius
995 451 1103 498 quod
1155 450 1283 487 dictus
1331 450 1538 499 quinarius

210 507 332 544 falsos
372 507 514 544 fratres
553 507 648 544 facit
686 507 910 556 superbire.
952 510 1052 544 Nam
1095 508 1125 544 si
1172 518 1385 558 parcerent
1429 508 1536 558 gregi

211 575 247 602 et
277 565 532 602 intenderent
560 565 770 612 laboricio‚
802 566 906 603 sicut
929 566 1021 603 fecit
1044 568 1264 615 Apostolus
1287 569 1390 615 (Act.
1416 570 1537 615 XX0)‚

176 626 192 658 5
210 637 290 660 non
314 624 449 661 taliter
471 624 738 673 superbirent.
765 626 840 661 Sed
858 630 915 671 (ut
938 638 1031 674 sepe
1055 625 1205 663 dictum
1233 628 1305 675 est)
1322 626 1361 663 in
1378 628 1538 664 Psalmo

210 682 399 719 scribitur
434 683 468 718 in
504 684 637 720 labore
669 684 865 719 hominum
906 697 978 720 mm
1017 693 1106 721 sunt
1138 693 1173 722 et
1205 698 1289 722 cum
1324 686 1540 722 hominibus

210 754 282 777 non
305 741 635 792 flagellabuntur.
671 743 764 778 Ideo
798 742 926 779 tenuit
962 755 1030 779 eos
1064 744 1266 792 superbia.

268 799 504 836 Remedium
552 809 686 837 autem
733 810 874 838 contra
921 800 1018 838 istos
1070 803 1435 852 pseudoapostolos
1481 812 1537 840 est
1577 803 1673 865 Ῑξῑᾙξξ
1693 804 1803 866 ΐῑῐῐῗῑξῐῆῑ

211 857 492 907 multipliciter
524 859 738 905 variatum,
772 859 906 908 primo
940 859 1137 909 (inquam)
1174 862 1321 899 debent
1355 875 1466 910 reges
1500 871 1537 898 et
1583 848 1793 913 ¹s¹1hiiajfctsiii¹

155 917 410 953 roseculares
462 917 616 954 domini
668 917 776 965 ipsos
826 919 1047 966 prudenter
1098 919 1298 968 exagitare
1358 922 1406 957 de
1456 920 1536 957 suis
1571 910 1815 971 ᾓζζῆιιξξίξῇζῗζ

211 975 414 1022 dominiis,
446 988 539 1012 cum
565 975 768 1024 simplices
792 985 972 1014 tenentes
997 990 1088 1014 suos
1112 987 1300 1015 tenentur
1323 979 1537 1016 defendere

209 1047 231 1070 a
269 1034 416 1071 talibus
462 1034 706 1083 raptoribus,
753 1047 845 1071 cum
891 1037 967 1072 hoc
1012 1045 1176 1084 possent
1215 1037 1371 1074 facilius
1413 1051 1534 1087 quam

209 1092 403 1129 forciores
438 1102 622 1141 raptores
656 1106 727 1130 sua
752 1093 933 1131 dominia
967 1108 1089 1131 manu
1122 1095 1255 1133 valida
1288 1096 1535 1133 invadentes.

210 1153 427 1197 Quomodo
467 1164 562 1199 ergo
603 1161 671 1188 aut
714 1165 838 1201 quare
883 1153 1063 1190 redditus
1103 1155 1331 1203 reciperent
1369 1156 1417 1191 de
1456 1154 1537 1191 suis

155 1208 192 1241 ¹5
208 1209 451 1256 tenentibus,
484 1209 560 1247 nisi
595 1210 650 1247 eis
684 1211 952 1248 retribuerent
982 1211 1258 1250 defensionem
1292 1213 1332 1249 in
1365 1226 1537 1262 corpore

209 1281 255 1305 ac
301 1268 415 1305 bonis
460 1269 754 1317 temporalibus
800 1283 891 1306 cum
939 1270 1083 1319 quibus
1128 1271 1410 1309 necessitatem
1458 1271 1537 1308 vite

209 1339 278 1363 sue
312 1336 348 1364 et
371 1327 550 1364 redditus
584 1327 664 1364 suis
690 1328 864 1365 dominis
898 1332 1209 1378 supportarent?
1243 1333 1419 1368 Foveant
1443 1343 1536 1379 ergo

114 1363 195 1442 53⁰ss
209 1386 408 1423 seculares
442 1386 596 1423 domini
626 1385 630 1439 Ι
659 1399 752 1423 suos
793 1387 997 1425 subiectos
1030 1388 1234 1437 simplices
1268 1389 1309 1426 in
1342 1389 1535 1438 religione

137 1435 176 1442 -„
210 1444 437 1492 apostolica
472 1454 508 1481 et
541 1458 622 1481 non
656 1446 775 1482 ultra.

153 1513 194 1534 20
268 1505 497 1540 Secundum
529 1503 753 1541 remedium
785 1514 842 1541 est
866 1506 975 1553 quod
1007 1506 1151 1554 prelati
1175 1506 1242 1554 qui
1267 1506 1536 1555 spiritualiter
1558 1518 1692 1553 ffishops
1715 1518 1826 1546 should

211 1571 421 1609 pascerent
455 1574 615 1610 gregem
650 1575 766 1599 suum
800 1572 954 1600 tantam
996 1577 1134 1601 curam
1167 1565 1297 1613 gregis
1330 1565 1389 1601 sui
1413 1563 1462 1602 ¹in
1495 1578 1536 1602 se
1572 1555 1808 1616 ΓἭξξῐζζᾸίξζ-Π·

211 1629 248 1655 et
280 1620 320 1656 in
353 1620 434 1656 suis
468 1620 652 1657 fidelibus
686 1622 937 1668 adhiberent,
977 1635 1026 1659 ne
1058 1624 1232 1671 populus
1271 1624 1827 1685 necessiteturr1‘011i3tssitjgg11flss

212 1679 311 1715 tales
350 1680 716 1728 pseudoapostolos
761 1689 986 1729 acceptare.
1045 1680 1127 1718 Scit
1168 1681 1273 1718 enim
1321 1682 1534 1732 episcopus
1628 1668 1749 1694 wid*

212 1736 427 1784 prohibere
461 1746 498 1774 et
532 1739 776 1787 suspendere
817 1739 953 1776 fideles
991 1741 1221 1777 sacerdotes
1259 1741 1326 1790 qui
1360 1741 1534 1778 iuvando

154 1795 342 1843 25ipsum
389 1796 615 1844 evangelice
660 1797 929 1845 predicarent.
977 1800 1110 1844 Quare
1151 1812 1246 1847 ergo
1287 1801 1336 1836 ad
1377 1809 1534 1837 tantum

211 1863 372 1891 cecatur
416 1867 487 1903 per
532 1864 659 1893 artem
707 1856 857 1893 diaboli
905 1858 1014 1906 quod
1055 1857 1182 1894 nescit
1222 1859 1322 1895 tales
1362 1860 1535 1907 pseudo-

209 1914 416 1961 apostolos
439 1913 661 1962 impedire?
692 1917 842 1952 Revera
867 1916 1090 1952 fomentum
1117 1917 1273 1964 peccati
1297 1917 1535 1954 altrinsecus

211 1980 267 2007 est
300 1971 340 2007 in
374 1984 506 2009 causa.

266 2029 456 2067 Tercium
503 2040 637 2068 autem
683 2032 907 2069 remedium
949 2042 1027 2069 stat
1067 2032 1107 2070 in
1147 2034 1335 2082 prudenti
1382 2036 1534 2083 populo
1577 2035 1802 2098 [shssldpfflfplssss

152 2089 194 2120 30
209 2088 276 2136 qui
306 2101 387 2125 non
418 2089 603 2126 retribuit
632 2090 779 2127 talibus
808 2091 1175 2140 pseudoapostolis.
1206 2091 1299 2129 licet
1323 2093 1536 2130 mittantur
1570 2080 1674 2134 Niiii-in
1696 2077 1802 2135 ἔῖιξῑυξ.ι

209 2160 231 2183 a
264 2147 447 2196 principe
480 2150 752 2194 tenebrarum,
797 2151 866 2186 sed
900 2151 996 2186 dum
1031 2150 1085 2187 eis
1120 2150 1370 2188 edificatorie
1403 2153 1535 2200 predi-

210 2205 387 2242 caverint
429 2207 554 2254 (quod
599 2220 691 2244 raro
737 2208 881 2252 evenit)
923 2209 1089 2245 laudant
1129 2211 1271 2255 Deum,
1318 2210 1534 2247 referentes

209 2265 319 2312 quod
342 2264 621 2312 symoniacum
646 2265 748 2302 foret
773 2279 819 2303 ac
842 2266 1003 2316 utrique
1026 2267 1131 2315 parti
1155 2267 1343 2305 nocivum
1368 2279 1535 2318 propter

209 2322 537 2370 predicacionem
596 2324 657 2360 vel
713 2324 923 2373 spirituale
982 2325 1249 2362 ministerium
1308 2327 1531 2377 quidquam

151 2380 317 2427 35darc,
353 2390 390 2417 et
414 2394 504 2418 cum
541 2383 688 2419 habent
721 2395 765 2420 ex
789 2383 895 2420 fideli
929 2383 1162 2420 testimonio
1187 2386 1294 2434 quod
1319 2386 1534 2434 collegium

209 2439 379 2475 fratrum
420 2439 469 2476 sit
509 2440 548 2476 in
590 2441 777 2478 domibus
823 2451 859 2479 et
904 2442 1154 2488 utensilibus,
1201 2443 1241 2479 in
1285 2444 1534 2481 vestimentis

209 2507 329 2546 atque
374 2498 545 2545 pecunia
584 2498 681 2547 ipsis
721 2500 949 2548 potenciuS‚
985 2514 1065 2537 non
1098 2510 1177 2538 stat
1211 2515 1301 2538 curn
1336 2516 1406 2540 sua
1441 2516 1534 2540 con-

209 2555 381 2592 sciencia
422 2557 634 2605 collegium
674 2558 773 2594 illud
812 2572 902 2595 cum
936 2559 1083 2596 talibus
1124 2561 1417 2609 temporalibus
1451 2575 1535 2598 am-

209 2614 312 2661 plius
353 2627 541 2656 onerare:
590 2625 626 2652 et
665 2616 758 2653 licet
799 2618 940 2654 fratres
985 2631 1056 2666 per
1096 2620 1215 2656 verba
1255 2619 1532 2667 imperatoria,

149 2685 193 2715 40
209 2685 279 2720 per
313 2674 434 2709 verba
468 2675 708 2711 scandalosa
750 2676 1035 2713 erubescencia
1076 2676 1315 2715 inducencia
1349 2678 1429 2716 sive
1464 2692 1534 2727 per

280 2834 319 2858 ιδ’.
343 2833 438 2860 Cod.:
461 2833 594 2866 regione.
669 2841 712 2861 2¹2.
735 2833 832 2862 Cod.:
854 2840 881 2862 et
903 2836 997 2863 deest.
1076 2844 1120 2871 27.
1143 2837 1237 2865 Cod.:
1260 2837 1454 2864 altrincecus.

279 2926 311 2959 6.
339 2928 468 2959 Psalm.
498 2929 631 2970 LXXII,
662 2929 690 2960 5.

1351 2992 1400 3027 Q*
