1944 3323
189 245 326 274 SERMO
343 235 495 292 xxxix]
676 247 853 280 TERTlA
881 248 1007 280 PARS.

190 355 285 391 dare
323 354 398 391 sibi
438 354 590 391 cibaria
629 363 667 391 et
706 362 957 402 tegumenta:
1004 354 1094 391 ideo
1132 354 1208 390 nisi
1249 354 1373 391 assint
1414 369 1506 403 pru-

189 412 331 449 dencia
372 421 408 449 et
440 413 606 449 virtutes
645 412 722 450 alie
761 413 1003 461 regulantes‚
1046 412 1171 449 nichil
1203 413 1348 449 valent.
1396 413 1507 450 Sicut

189 484 283 519 ergo
319 473 499 508 membra
533 471 712 508 eiusdem
745 470 941 507 naturalis
976 471 1160 520 corporis
1194 471 1507 520 compaciuntur

189 531 238 566 ad
284 528 455 566 invicem
501 529 708 578 reciproce
754 542 795 566 se
840 529 1027 576 iuvando,
1074 529 1129 566 sic
1170 530 1288 566 debet
1333 542 1417 566 esse
1459 532 1507 567 de

155 587 381 624 §membris
433 587 598 624 ecclesie
650 590 708 634 (ut
752 596 862 636 patet
908 590 940 624 Ia
979 589 1072 624 Cor.
1112 588 1231 633 XIIO).
1284 587 1350 624 Sic
1400 588 1506 624 enim

187 646 336 683 ferrent
368 645 492 683 levius
525 646 695 682 insultus
728 645 853 683 hostis
887 645 1096 683 extrinseci
1129 655 1172 682 ut
1205 655 1507 694 comportantes

187 704 318 741 ferunt
355 706 513 753 pondus
552 704 688 750 levius,
729 704 822 741 licet
861 704 1028 753 quilibet
1068 705 1168 741 ferat
1206 713 1351 751 totum,
1393 714 1430 742 et
1468 705 1507 741 in

188 762 364 799 mirabili
397 763 633 811 inpercepto
657 764 820 811 quando
855 762 1000 811 aliquis
1024 764 1071 799 de
1106 762 1304 800 militante
1338 763 1506 800 ecclesia

188 830 548 870 quantumcunque
586 831 767 858 remotus
807 823 855 858 ab
897 820 977 857 alio
1023 823 1130 869 apud
1171 823 1299 857 Deum
1347 821 1505 867 meruit,

134 895 173 917 10
188 880 352 928 prodest
376 889 413 916 et
436 879 544 916 iuvat
560 892 843 929 quemcunque
867 880 914 915 de
939 881 1078 916 eadem
1105 879 1274 916 ecclesia
1290 889 1507 929 quantum-

189 951 346 986 cunque
379 938 588 984 destiterit‚
625 948 661 974 et
685 938 760 975 ista
794 937 1072 974 consideracio
1107 947 1239 975 movet
1274 940 1423 975 multos
1456 940 1507 975 ad

188 996 364 1045 amplius
400 998 731 1045 promerendum.

245 1056 431 1092 Secunda
455 1055 673 1103 disposicio
697 1056 748 1091 ad
771 1057 971 1091 orandum
1006 1063 1063 1091 est
1086 1067 1202 1091 amor
1214 1055 1509 1104 fraternitatis,-

187 1122 223 1149 et
263 1122 395 1161 potest
434 1113 593 1150 ostendi
631 1112 803 1150 faciliter
844 1125 887 1150 ex
936 1112 1140 1161 predictis.
1188 1114 1361 1158 Quando
1401 1113 1507 1149 enim

132 1177 167 1208 15
187 1171 302 1207 multi
336 1171 456 1208 simul
488 1180 605 1208 orant
637 1172 697 1208 vel
729 1171 879 1217 vivunt,
914 1171 980 1220 qui
1014 1180 1056 1207 ut
1079 1170 1214 1207 taliter
1244 1173 1344 1208 bene
1377 1181 1507 1218 orant,

186 1242 327 1266 omnes
380 1243 420 1267 se
472 1230 609 1266 iuvant
654 1239 796 1267 mutuo
841 1239 1051 1278 tamquam
1101 1231 1283 1266 membra
1328 1229 1506 1266 eiusdem

186 1287 369 1336 corporis
410 1297 447 1325 et
485 1288 610 1325 levius
650 1288 782 1324 ferunt
820 1290 980 1337 pondus
1019 1287 1175 1336 peccati
1215 1301 1294 1337 quo
1340 1288 1508 1325 ecclesia

185 1356 467 1394 pregravatur:
514 1359 603 1383 cum
650 1346 770 1395 igitur
808 1346 945 1383 iuvare
990 1347 1218 1382 membrum
1263 1346 1413 1397 talibus
1458 1346 1507 1383 sit

186 1404 424 1453 precipuum
448 1418 549 1454 opus
583 1404 862 1442 misericordie
896 1414 933 1441 et
966 1404 1116 1442 amoris
1150 1404 1360 1451 indicium,
1395 1414 1506 1454 patet

129 1477 169 1499 20
187 1465 394 1511 quomodo
434 1463 646 1500 unanimes
686 1463 727 1500 in
766 1463 957 1500 oracione
990 1464 1136 1500 debent
1169 1475 1253 1500 esse
1286 1472 1368 1500 tam
1403 1476 1505 1500 com-

180 1521 377 1570 pacientes
401 1522 800 1571 quamfraternitatis
821 1530 1032 1568 ανηατονεε,
1054 1534 1128 1558 nec
1153 1523 1284 1558 solum
1312 1523 1505 1558 debemus

185 1592 323 1616 amare
361 1580 504 1617 fratres
544 1580 583 1616 in
617 1580 792 1617 Domino
843 1581 912 1617 sed
957 1580 1100 1616 fratres
1140 1580 1328 1616 ordinum
1375 1580 1506 1629 priva-

185 1646 317 1674 torum
361 1651 461 1687 quos
501 1639 667 1687 quidam
700 1647 847 1675 vocant
881 1647 1182 1686 extravagantes
1216 1638 1376 1686 elegios‚
1412 1638 1505 1687 quia

184 1695 223 1731 in
253 1696 440 1733 omnibus
469 1697 601 1745 regnis
632 1706 668 1733 et
697 1696 838 1745 patriis
868 1705 1227 1745 quantumcunque
1251 1697 1505 1734 discordibus

128 1759 166 1791 25
182 1754 396 1791 vendicant
437 1768 480 1792 ex
520 1755 645 1804 patris
685 1755 745 1791 sui
784 1755 953 1792 licencia
993 1767 1033 1792 se
1072 1755 1181 1792 licite
1227 1768 1408 1803 evagare.
1457 1757 1506 1792 Et

184 1825 274 1849 cum
299 1812 486 1862 princeps
511 1813 627 1850 huius
652 1813 791 1849 mundi
815 1814 875 1850 vel
897 1813 1170 1850 Antichristus
1196 1814 1315 1850 habet
1339 1813 1505 1862 spissius

183 1880 363 1908 tenentes
398 1871 438 1908 in
472 1873 622 1908 mundo
655 1885 777 1920 quam
812 1873 931 1908 habet
957 1871 1146 1908 dominus
1169 1874 1280 1908 Jesus
1306 1871 1503 1917 Christus,

183 1929 237 1965 hii
281 1929 519 1966 Antichristi
572 1930 758 1978 discipuli
811 1932 959 1967 habent
1010 1929 1159 1979 ubique
1217 1930 1410 1967 alimenta
1469 1939 1505 1967 et

182 1996 414 2035 tegumenta
453 2001 496 2025 ex
536 1989 705 2025 fratrum
746 2001 911 2025 suorum
953 1988 1178 2025 consorcio.
1229 1991 1277 2024 Et
1317 1989 1506 2026 dicuntur

127 2049 167 2080 30
183 2045 311 2094 elegii,
343 2046 436 2095 quia
466 2047 571 2083 ultra
601 2060 740 2083 omnes
771 2047 871 2084 alios
906 2047 1002 2095 legis
1026 2046 1158 2083 divine
1189 2047 1358 2084 consilia
1389 2060 1505 2084 evan-

182 2104 308 2151 gelica
343 2118 433 2141 cum
467 2105 547 2141 suis
580 2104 872 2142 tradicionibus
902 2114 1244 2142 transmutarunt:
1280 2114 1322 2141 ut
1346 2105 1505 2153 dispen-

182 2162 291 2199 sacio
337 2176 426 2200 cum
473 2163 553 2200 suis
599 2163 803 2200 habitibus
848 2176 894 2200 ac
939 2163 1212 2200 observanciis
1253 2163 1355 2200 fictis
1396 2165 1505 2212 quod

182 2233 263 2257 non
302 2220 394 2258 licet
433 2221 487 2258 eis
530 2230 636 2258 stare
676 2235 749 2270 pro
789 2222 867 2258 fide
905 2222 1098 2270 evangelii
1141 2223 1199 2263 (ut
1238 2221 1352 2258 liberi
1396 2231 1505 2259 extra

184 2280 256 2315 hos
308 2279 483 2324 ordines)
533 2293 606 2316 nec
651 2292 696 2316 ea
742 2293 817 2328 que
869 2289 1131 2329 apponuntur
1176 2290 1218 2316 ut
1263 2293 1335 2316 nos
1380 2280 1504 2328 gratis

129 2340 167 2373 35
185 2339 398 2374 comedere
442 2339 503 2374 vel
548 2347 779 2386 tegumenta
832 2338 922 2383 (nisi
969 2340 1016 2375 de
1067 2347 1179 2375 secta
1224 2351 1294 2375 sua
1342 2338 1504 2383 fuerint)

185 2395 312 2432 instar
345 2396 493 2432 Christi
534 2405 571 2433 et
610 2397 890 2445 apostolorum
931 2396 1110 2433 induere.
1157 2399 1206 2433 Et
1250 2406 1342 2433 sunt
1388 2397 1503 2445 elegii

186 2453 413 2502 principum
462 2463 716 2491 terrenorum
769 2458 826 2500 (ut
871 2468 992 2503 supra
1042 2455 1248 2503 tangitur),
1303 2468 1349 2491 eo
1396 2457 1504 2504 quod

184 2512 398 2548 vendicant
441 2525 522 2549 non
566 2512 695 2549 subici
739 2513 820 2550 suis
860 2513 1019 2561 regibus
1059 2515 1128 2550 sed
1169 2513 1253 2550 sine
1286 2526 1502 2561 regnorum

184 2569 354 2606 licencia
382 2570 556 2618 spoliare
586 2584 677 2607 suas
706 2571 936 2619 provincias
965 2571 1169 2619 copiosius
1199 2584 1318 2620 quam
1352 2571 1504 2608 faciunt

126 2642 169 2672 40
186 2640 323 2664 earum
359 2628 512 2664 domini
545 2630 803 2677 temporales.
840 2629 1072 2666 Homicidia
1105 2638 1239 2666 autem
1275 2630 1504 2678 corporalia

185 2686 270 2723 sine
303 2699 373 2737 sua
406 2686 666 2734 impeticione
701 2687 888 2724 dicuntur
921 2687 960 2723 in
1000 2687 1081 2724 suis
1115 2687 1360 2724 domesticos
1395 2701 1503 2724 com-

254 2820 294 2847 18.
317 2828 403 2848 cum:
425 2820 510 2847 cod.:
532 2820 590 2848 (ΤΠ.
665 2828 703 2848 21.
726 2821 821 2849 Cod.:
843 2830 975 2849 amores.
997 2821 1044 2850 Cf.
1066 2821 1088 2849 Ι.
1112 2822 1190 2849 Petri
1211 2822 1279 2851 1110.
1301 2822 1328 2849 8.
1403 2821 1448 2849 30.
1470 2822 1502 2849 Iu

184 2856 253 2882 cod.
275 2863 454 2890 perperam:
482 2856 559 2882 ultra
581 2863 690 2882 omnes
710 2856 787 2883 alios
808 2863 863 2883 nec
883 2857 958 2892 legis
979 2856 1081 2884 divine
1103 2862 1134 2884 ut
1160 2857 1289 2884 consilia
1317 2857 1502 2891 evangelica.

184 2889 242 2917 Hic
262 2890 348 2917 locus
368 2890 569 2926 probabiliter
589 2895 755 2926 corruptus
775 2895 830 2918 est.

1718 242 1734 277 Ω.)

1744 252 1765 277 1.)

1775 242 1792 277 υῐ

1535 1068 1559 1087 2.
1582 1061 1663 1088 Love
1685 1061 1718 1088 of
1736 1061 1785 1088 the

1585 1096 1738 1123 breth1·en.

1567 1644 1674 1672 Friars
1696 1653 1746 1671 arc

1534 1679 1714 1714 vagabonds
1735 1680 1794 1706 and

1591 1715 1733 1742 outlaxvs.
