1944 3323
156 232 236 270 472
738 226 958 259 JOHANle
977 225 1157 258 wrcmr
1176 225 1429 257 sERMONUM
1499 210 1651 268 [samio
1674 220 1750 247 mv.

180 353 200 372 1.
221 343 287 382 The
309 346 407 381 rector
501 336 681 383 Arguunt
707 343 841 370 autem
866 332 1045 380 sophiste
1078 332 1146 376 sic,
1182 331 1333 379 primo:
1368 334 1442 366 Iste
1471 330 1624 366 decime
1650 330 1752 366 Petri

158 387 240 441 ῑιῇἶέῐζ
256 377 429 445 ῗῆδῑὲῇὲζῗῖᾖ
444 393 536 430 laici
570 393 789 429 secundum
824 403 863 426 se
897 399 1001 426 totas
1035 391 1235 426 donantur
1268 402 1289 425 a
1323 397 1478 424 rectore
1502 388 1625 424 Paulo
1650 387 1753 423 laico

170 444 418 510 ²¹¹¹}sg¹¹a⁰¹¹}11¹s¹}0>⁵
446 450 638 498 indigenti
673 459 708 485 et
742 450 817 485 hoc
851 449 1069 484 secundum
1104 446 1300 483 sinceram
1335 445 1611 482 intuicionem.
1647 447 1753 490 Quo—

448 510 569 545 modo
602 520 696 556 ergo
735 520 815 543 non
855 519 953 554 pure
993 505 1224 550 elemosine,
1265 518 1401 553 ymmo
1440 503 1593 552 priores
1634 516 1752 551 quarn

448 566 527 605 alia
560 565 780 602 elemosina
813 566 906 601 data
939 563 1075 600 fratri?
1772 564 1788 596 5

507 626 655 661 Totum
705 623 944 660 antecedens
991 634 1175 670 suppono
1222 629 1429 668 tamquam
1478 618 1667 667 possibile
1720 626 1755 654 et

452 682 684 730 ambiguum
718 680 802 717 istis
835 679 1020 727 satrapis,
1054 679 1084 715 si
1118 679 1168 715 sit
1200 691 1350 715 verum.

168 757 194 790 αἶ
215 750 264 777 All
287 749 427 788 wehave
511 741 695 777 Secundo
734 738 884 775 instant
922 737 1039 785 logici
1080 750 1149 785 per
1187 738 1262 772 hoc
1295 737 1400 784 quod
1435 735 1499 771 ille
1533 734 1686 771 decime
1721 743 1756 770 et

187 794 213 814 ¹⁵
234 786 411 847 alggsdirom
452 797 589 835 onmia
624 799 728 834 bona
762 797 920 832 fortune
952 804 1043 831 sunt
1076 807 1173 843 pure
1207 793 1423 830 elemosine
1457 793 1590 841 quoad
1614 795 1755 837 Deum,

452 869 542 893 curn
582 855 712 892 omnis
751 856 873 890 homo
912 854 973 890 vel
1012 866 1075 889 rex
1116 861 1172 889 est
1212 851 1418 888 mendicus
1455 851 1527 887 Dei
1569 851 1627 896 (ut
1665 862 1815 897 sepeio

451 914 593 952 asserit
615 912 888 961 Augustinus),
923 920 958 948 et
991 924 1061 959 per
1094 922 1354 958 consequens,
1389 909 1420 945 si
1454 909 1655 945 fructuose
1689 907 1757 944 ali-

453 973 560 1021 quod
599 972 680 1008 tale
713 973 862 1007 bonum
897 982 918 1006 a
952 972 1035 1005 Deo
1074 968 1234 1016 accipit,
1274 967 1405 1015 ipsum
1446 975 1503 1003 est
1542 978 1642 1014 pura
1682 966 1757 1001 ele-

454 1030 610 1067 mosina
643 1030 776 1078 quoad
810 1031 951 1073 Deum,
989 1039 1082 1075 ergo
1115 1027 1191 1063 hoc
1225 1034 1281 1062 est
1314 1038 1413 1073 pura
1447 1023 1680 1061 elemosina.

509 1087 654 1124 Tercio
700 1086 850 1124 instant
896 1085 1014 1133 logici
1054 1086 1163 1134 quod
1202 1096 1341 1120 omnes
1381 1082 1535 1119 decime
1574 1090 1663 1118 sunt
1702 1094 1759 1117 se-

455 1148 628 1184 cundum
662 1158 702 1182 se
735 1154 771 1182 et
804 1144 1025 1193 quamlibet
1059 1142 1142 1179 eius
1174 1150 1329 1190 partem
1355 1140 1582 1186 elemosine,
1606 1152 1680 1176 nec
1704 1147 1760 1175 est
1781 1141 1816 1173 15

454 1205 532 1242 alia
564 1204 726 1241 racione
760 1216 879 1252 quam
913 1200 1131 1238 elemosina
1163 1200 1194 1236 si
1227 1199 1305 1236 sint
1337 1200 1556 1235 secundum
1588 1210 1629 1234 se
1657 1206 1760 1233 totas

455 1262 685 1307 elemosine,
719 1270 854 1297 tamen
887 1268 1077 1308 sequatur
1111 1258 1141 1294 si
1175 1267 1265 1294 sunt
1298 1257 1377 1294 alio
1412 1258 1532 1292 modo
1564 1257 1623 1292 vel
1647 1255 1762 1292 aliter

455 1334 574 1370 quam
610 1319 840 1364 elemosine,
880 1330 951 1354 nec
990 1326 1084 1353 tunc
1125 1324 1215 1351 sunt
1254 1315 1369 1352 aliter
1401 1327 1521 1363 quam
1562 1314 1625 1349 ille
1664 1313 1760 1361 ipse.

236 1393 361 1421 Serious
513 1380 588 1414 Sed
622 1378 851 1414 accedendo
885 1376 988 1412 ultra
1022 1374 1168 1410 limites
1200 1373 1378 1421 sophiste
1411 1373 1658 1421 querendum
1692 1379 1762 1415 est,

210 1431 385 1492 ‘'xlqgffflefflg
455 1446 670 1485 antequam
717 1434 884 1472 ecclesia
931 1435 1069 1469 dotata
1115 1433 1255 1474 fuerat,
1307 1440 1440 1467 utrum
1492 1429 1682 1466 alimenta
1727 1436 1763 1464 et
1780 1441 1820 1461 20

236 1500 371 1539 aposnes
408 1542 411 1545 ἱ
455 1502 686 1543 tegumenta
726 1495 875 1529 donata
908 1490 1102 1540 apostolis
1134 1491 1293 1526 fuerunt
1326 1501 1424 1537 pure
1457 1487 1672 1524 elemosine
1704 1487 1764 1523 vel

192 1535 413 1599 rccefissdsfah
457 1566 499 1590 ex
532 1551 783 1600 obligacione
818 1550 981 1586 humani
1016 1548 1139 1585 debiti
1173 1547 1378 1584 donabilia
1410 1546 1488 1583 alia
1521 1545 1694 1591 racione,
1729 1553 1764 1580 et

204 1605 253 1631 ¹¹¹0
274 1604 328 1639 Μ
353 1604 406 1630 ¹¹³⁵
459 1624 549 1647 cum
582 1623 664 1646 non
696 1609 746 1645 sit
780 1609 964 1656 lingenda
998 1606 1106 1643 racio
1141 1605 1237 1654 quin
1271 1613 1383 1642 erant
1416 1616 1514 1652 pure
1548 1602 1765 1640 elemosine

269 1647 364 1665 ‘come

169 1639 367 1707 conikiiiuous,
390 1672 441 1699 but
457 1669 558 1705 sicut
582 1667 763 1704 Christus
787 1680 859 1715 pro
883 1678 923 1702 se
947 1674 984 1702 et
1017 1664 1096 1700 suis
1130 1663 1322 1712 apostolis
1355 1670 1577 1710 acceperat,
1610 1661 1767 1697 videtui·

186 1708 418 1777 mealiaiiffisjilsm
458 1727 581 1775 quod,
614 1725 716 1762 sicut
749 1733 839 1761 ante
872 1724 1145 1760 introductam
1179 1720 1510 1758 consuetudinem
1535 1727 1646 1756 erant
1670 1731 1766 1767 pure
1784 1719 1822 1751 25

250 1783 364 1806 nature.
460 1783 691 1829 elemosine,
736 1782 792 1819 sic
839 1791 876 1818 et
921 1790 1024 1830 post,
1072 1793 1163 1817 cum
1204 1780 1453 1816 consuetudo
1493 1777 1670 1814 eiusdem
1711 1775 1766 1812 rei

459 1843 679 1879 secundum
714 1840 917 1877 racionem
951 1838 1116 1875 omnino
1151 1836 1400 1874 consimilem
1429 1848 1509 1872 non
1531 1834 1658 1872 variat
1682 1846 1768 1882 spe-

461 1900 561 1937 ciem
596 1899 780 1936 racionis.
827 1897 891 1934 Sic
931 1897 1035 1934 enim
1078 1904 1240 1944 possent
1278 1896 1419 1931 fratres
1448 1890 1691 1946 {vendicare
1726 1905 1768 1928 ex

463 1957 753 1995 consuetudine
786 1957 890 1992 ultra
922 1954 1139 2003 puritatem
1174 1953 1389 1989 elemosine
1422 1951 1599 1988 debitum
1635 1951 1767 1998 quoad

463 2019 605 2062 Deum,
623 2024 659 2052 et
675 2015 841 2051 fundare
858 2015 1078 2050 humanum
1096 2011 1255 2048 titulum
1272 2022 1370 2059 pure
1394 2022 1435 2046 ex
1460 2008 1768 2045 continuacione
1786 2009 1826 2040 30

462 2074 553 2111 talis
577 2072 796 2110 elemosine
820 2080 877 2108 est
901 2070 1068 2107 omnino
1092 2068 1338 2106 contrarium
1359 2067 1511 2104 racioni
1530 2066 1768 2104 elemosine:

464 2144 557 2180 ergo
602 2139 795 2179 perpetue
839 2130 1024 2165 observat
1069 2127 1272 2164 racionem
1318 2125 1504 2174 puritatis
1553 2123 1769 2160 elemosine

464 2202 584 2238 quam
618 2188 658 2224 in
690 2186 890 2236 principio
925 2185 1076 2231 habuit,
1119 2198 1207 2222 cum
1250 2183 1532 2221 condicionata
1572 2181 1770 2229 obligacio

463 2261 546 2284 non
578 2246 746 2283 destruit
778 2244 1016 2293 puritatem:
1049 2245 1154 2279 unde
1182 2255 1263 2279 non
1284 2242 1399 2278 video
1422 2240 1625 2277 racionem
1649 2252 1772 2287 quare

466 2303 689 2342 machinari
723 2304 839 2339 debet
872 2302 946 2341 ista
976 2301 1136 2341 veritas,
1171 2300 1245 2336 nisi
1275 2308 1317 2336 ut
1340 2298 1608 2335 Antichristus
1634 2305 1772 2333 contra
1790 2299 1828 2330 35

466 2362 615 2400 Christi
649 2360 894 2398 sentenciam
928 2359 1124 2396 diabolice
1158 2357 1399 2395 dominetur.
1439 2356 1633 2392 Vendicat
1667 2354 1770 2391 enim

468 2434 510 2458 ex
542 2420 659 2456 titulo
691 2418 904 2456 vacuitatis
944 2431 1017 2466 pro
1058 2416 1224 2453 decimis
1263 2415 1395 2451 taliter
1433 2413 1632 2462 placitari,
1673 2412 1773 2449 sicut

468 2480 590 2515 frater
627 2477 840 2514 vendicare
878 2475 1005 2524 possit
1044 2488 1086 2511 ex
1125 2474 1314 2510 diuturna
1355 2481 1391 2508 et
1424 2480 1615 2519 corrupta
1647 2469 1773 2507 conti-

467 2536 664 2573 nuacione
704 2535 923 2571 secundum
963 2533 1084 2570 talem
1120 2531 1385 2580 quantitatem
1418 2530 1479 2566 vel
1513 2529 1774 2566 circumstan-

469 2594 550 2630 cias
584 2593 825 2629 mendicare.
1787 2598 1832 2628 40

528 2652 604 2687 Sed
639 2660 752 2687 caute
785 2650 901 2685 debet
926 2647 1091 2685 ecclesia
1115 2649 1275 2683 obstare
1298 2644 1504 2693 principiis
1527 2642 1773 2679 Antichristi.

471 2712 560 2746 Non
600 2708 703 2745 enim
745 2708 855 2744 color
888 2706 918 2742 si
952 2707 1127 2754 prelatus
1160 2706 1220 2741 vel
1254 2712 1414 2740 curatus
1447 2701 1602 2751 perficit
1635 2713 1776 2748 corpo—

1785 1870 1857 1902 Fol.

1786 1919 1868 1959 290c

541 2855 586 2882 28.
609 2853 704 2881 Cod.:
733 2853 828 2882 Sicut.
902 2852 944 2880 33.
966 2852 1059 2879 Cod.:
1088 2851 1268 2878 habuerunt.
