<?xml version="1.0" encoding="UTF-8"?>
<!DOCTYPE html PUBLIC "-//W3C//DTD XHTML 1.0 Transitional//EN"
    "http://www.w3.org/TR/xhtml1/DTD/xhtml1-transitional.dtd">
<html xmlns="http://www.w3.org/1999/xhtml" xml:lang="en" lang="en">
 <head>
  <title>
</title>
<meta http-equiv="Content-Type" content="text/html;charset=utf-8" />
  <meta name='ocr-system' content='tesseract 3.04.00' />
  <meta name='ocr-capabilities' content='ocr_page ocr_carea ocr_par ocr_line ocrx_word'/>
</head>
<body>
  <div class='ocr_page' id='page_1' title='image "./iohanniswyclifse0703wycl_0264.png"; bbox 0 0 1944 3323; ppageno 0'>
   <div class='ocr_carea' id='block_1_1' title="bbox 109 214 186 241">
    <p class='ocr_par' dir='ltr' id='par_1_1' title="bbox 109 214 186 241">
     <span class='ocr_line' id='line_1_1' title="bbox 109 214 128 239; textangle 90"><span class='ocrx_word' id='word_1_1' title='bbox 109 214 128 239; x_wconf 69' lang='lat'>[0</span> 
     </span>
     <span class='ocr_line' id='line_1_2' title="bbox 166 215 186 241; textangle 90"><span class='ocrx_word' id='word_1_2' title='bbox 166 215 186 241; x_wconf 68' lang='grc' dir='ltr'>ΚΟ</span> 
     </span>
    </p>
   </div>
   <div class='ocr_carea' id='block_1_2' title="bbox 101 731 376 864">
    <p class='ocr_par' dir='ltr' id='par_1_2' title="bbox 101 731 376 837">
     <span class='ocr_line' id='line_1_3' title="bbox 101 731 376 767; baseline 0.004 -9"><span class='ocrx_word' id='word_1_3' title='bbox 101 731 167 758; x_wconf 70' lang='lat' dir='ltr'>The</span> <span class='ocrx_word' id='word_1_4' title='bbox 189 732 300 767; x_wconf 76' lang='lat' dir='ltr'>perfect</span> <span class='ocrx_word' id='word_1_5' title='bbox 319 733 376 759; x_wconf 75' lang='lat' dir='ltr'>law</span> 
     </span>
     <span class='ocr_line' id='line_1_4' title="bbox 136 767 342 802; baseline 0 -9"><span class='ocrx_word' id='word_1_6' title='bbox 136 767 171 794; x_wconf 81' lang='lat' dir='ltr'>of</span> <span class='ocrx_word' id='word_1_7' title='bbox 188 768 295 802; x_wconf 58' lang='lat' dir='ltr'>libert)y</span> <span class='ocrx_word' id='word_1_8' title='bbox 318 767 342 793; x_wconf 62' lang='lat' dir='ltr'>i&lt;</span> 
     </span>
     <span class='ocr_line' id='line_1_5' title="bbox 125 802 359 837; baseline 0.004 -10"><span class='ocrx_word' id='word_1_9' title='bbox 125 802 188 828; x_wconf 78' lang='lat' dir='ltr'>that</span> <span class='ocrx_word' id='word_1_10' title='bbox 211 803 298 835; x_wconf 69' lang='lat' dir='ltr'>given</span> <span class='ocrx_word' id='word_1_11' title='bbox 323 803 359 837; x_wconf 71' lang='lat' dir='ltr'>bx·</span> 
     </span>
    </p>

    <p class='ocr_par' dir='ltr' id='par_1_3' title="bbox 184 837 297 864">
     <span class='ocr_line' id='line_1_6' title="bbox 184 837 297 864; baseline 0 -1"><span class='ocrx_word' id='word_1_12' title='bbox 184 837 297 864; x_wconf 70' lang='lat' dir='ltr'>Christ.</span> 
     </span>
    </p>
   </div>
   <div class='ocr_carea' id='block_1_3' title="bbox 105 1358 377 1421">
    <p class='ocr_par' dir='ltr' id='par_1_4' title="bbox 105 1358 377 1421">
     <span class='ocr_line' id='line_1_7' title="bbox 154 1358 324 1386; baseline 0 -1"><span class='ocrx_word' id='word_1_13' title='bbox 154 1358 221 1386; x_wconf 80' lang='lat' dir='ltr'>The</span> <span class='ocrx_word' id='word_1_14' title='bbox 243 1367 324 1386; x_wconf 82' lang='lat' dir='ltr'>merc</span> 
     </span>
     <span class='ocr_line' id='line_1_8' title="bbox 105 1395 377 1421; baseline 0 -1"><span class='ocrx_word' id='word_1_15' title='bbox 105 1395 209 1421; x_wconf 65' lang='lat' dir='ltr'>bearet*</span> <span class='ocrx_word' id='word_1_16' title='bbox 229 1395 303 1421; x_wconf 76' lang='lat' dir='ltr'>does</span> <span class='ocrx_word' id='word_1_17' title='bbox 324 1399 377 1420; x_wconf 83' lang='lat' dir='ltr'>not</span> 
     </span>
    </p>
   </div>
   <div class='ocr_carea' id='block_1_4' title="bbox 692 200 1704 258">
    <p class='ocr_par' dir='ltr' id='par_1_5' title="bbox 692 200 1704 258">
     <span class='ocr_line' id='line_1_9' title="bbox 692 200 1704 258; baseline -0.001 -14"><span class='ocrx_word' id='word_1_18' title='bbox 692 213 915 245; x_wconf 84' lang='lat' dir='ltr'>JOHANNIS</span> <span class='ocrx_word' id='word_1_19' title='bbox 935 213 1119 245; x_wconf 75' lang='lat' dir='ltr'>WYCLIF</span> <span class='ocrx_word' id='word_1_20' title='bbox 1139 214 1394 247; x_wconf 86' lang='lat' dir='ltr'>SERMONUM</span> <span class='ocrx_word' id='word_1_21' title='bbox 1440 200 1590 258; x_wconf 84' lang='lat' dir='ltr'>[SERMO</span> <span class='ocrx_word' id='word_1_22' title='bbox 1611 211 1704 239; x_wconf 81' lang='lat' dir='ltr'>XXX-</span> 
     </span>
    </p>
   </div>
   <div class='ocr_carea' id='block_1_5' title="bbox 380 317 1762 1400">
    <p class='ocr_par' dir='ltr' id='par_1_6' title="bbox 391 317 1737 702">
     <span class='ocr_line' id='line_1_10' title="bbox 394 317 1705 366; baseline 0.003 -13"><span class='ocrx_word' id='word_1_23' title='bbox 394 317 539 365; x_wconf 88' lang='lat' dir='ltr'>operis.</span> <span class='ocrx_word' id='word_1_24' title='bbox 581 320 694 355; x_wconf 85' lang='lat' dir='ltr'><strong>Unde</strong></span> <span class='ocrx_word' id='word_1_25' title='bbox 729 319 894 355; x_wconf 87' lang='lat' dir='ltr'>Matthei</span> <span class='ocrx_word' id='word_1_26' title='bbox 923 321 1025 366; x_wconf 86' lang='lat' dir='ltr'>V110‚</span> <span class='ocrx_word' id='word_1_27' title='bbox 1051 330 1096 356; x_wconf 79' lang='lat'>21</span> <span class='ocrx_word' id='word_1_28' title='bbox 1135 320 1230 357; x_wconf 88' lang='lat' dir='ltr'>dicit</span> <span class='ocrx_word' id='word_1_29' title='bbox 1255 320 1429 357; x_wconf 84' lang='lat' dir='ltr'>Veritas:</span> <span class='ocrx_word' id='word_1_30' title='bbox 1468 321 1550 357; x_wconf 84' lang='lat' dir='ltr'>Non</span> <span class='ocrx_word' id='word_1_31' title='bbox 1584 322 1705 357; x_wconf 80' lang='lat' dir='ltr'>omnis</span> 
     </span>
     <span class='ocr_line' id='line_1_11' title="bbox 392 375 1704 424; baseline 0.004 -14"><span class='ocrx_word' id='word_1_32' title='bbox 392 375 457 423; x_wconf 82' lang='lat' dir='ltr'>qui</span> <span class='ocrx_word' id='word_1_33' title='bbox 504 376 595 411; x_wconf 76' lang='lat' dir='ltr'>dicit</span> <span class='ocrx_word' id='word_1_34' title='bbox 644 377 738 413; x_wconf 79' lang='lat' dir='ltr'>mihi</span> <span class='ocrx_word' id='word_1_35' title='bbox 782 377 959 424; x_wconf 82' lang='lat' dir='ltr'><em>Domine,</em></span> <span class='ocrx_word' id='word_1_36' title='bbox 1004 378 1169 414; x_wconf 85' lang='lat' dir='ltr'><em>Domine</em></span> <span class='ocrx_word' id='word_1_37' title='bbox 1218 380 1437 415; x_wconf 89' lang='lat' dir='ltr'>secundum</span> <span class='ocrx_word' id='word_1_38' title='bbox 1491 379 1561 415; x_wconf 87' lang='lat' dir='ltr'>has</span> <span class='ocrx_word' id='word_1_39' title='bbox 1606 380 1704 415; x_wconf 87' lang='lat' dir='ltr'>duas</span> 
     </span>
     <span class='ocr_line' id='line_1_12' title="bbox 393 433 1705 486; baseline 0.003 -17"><span class='ocrx_word' id='word_1_40' title='bbox 393 433 599 480; x_wconf 87' lang='lat' dir='ltr'>potencias</span> <span class='ocrx_word' id='word_1_41' title='bbox 632 435 790 470; x_wconf 78' lang='lat' dir='ltr'>intrabit</span> <span class='ocrx_word' id='word_1_42' title='bbox 822 435 857 470; x_wconf 83' lang='lat' dir='ltr'>in</span> <span class='ocrx_word' id='word_1_43' title='bbox 891 448 1055 486; x_wconf 78' lang='lat' dir='ltr'>regnum</span> <span class='ocrx_word' id='word_1_44' title='bbox 1089 436 1278 481; x_wconf 79' lang='lat' dir='ltr'>celorum,</span> <span class='ocrx_word' id='word_1_45' title='bbox 1312 438 1381 473; x_wconf 89' lang='lat' dir='ltr'>sed</span> <span class='ocrx_word' id='word_1_46' title='bbox 1414 445 1573 484; x_wconf 82' lang='lat' dir='ltr'>oportet</span> <span class='ocrx_word' id='word_1_47' title='bbox 1597 438 1705 485; x_wconf 91' lang='lat' dir='ltr'>quod</span> 
     </span>
     <span class='ocr_line' id='line_1_13' title="bbox 392 492 1704 542; baseline 0.003 -15"><span class='ocrx_word' id='word_1_48' title='bbox 392 492 514 528; x_wconf 88' lang='lat' dir='ltr'>addat</span> <span class='ocrx_word' id='word_1_49' title='bbox 563 492 731 529; x_wconf 89' lang='lat' dir='ltr'>tercium</span> <span class='ocrx_word' id='word_1_50' title='bbox 778 493 948 530; x_wconf 79' lang='lat' dir='ltr'>Domine</span> <span class='ocrx_word' id='word_1_51' title='bbox 999 494 1039 530; x_wconf 90' lang='lat' dir='ltr'>in</span> <span class='ocrx_word' id='word_1_52' title='bbox 1088 506 1208 542; x_wconf 88' lang='lat' dir='ltr'>opere</span> <span class='ocrx_word' id='word_1_53' title='bbox 1258 494 1474 531; x_wconf 89' lang='lat' dir='ltr'>voluntatis</span> <span class='ocrx_word' id='word_1_54' title='bbox 1521 495 1704 531; x_wconf 89' lang='lat' dir='ltr'>faciendo</span> 
     </span>
     <span class='ocr_line' id='line_1_14' title="bbox 393 550 1737 598; baseline 0.001 -13"><span class='ocrx_word' id='word_1_55' title='bbox 393 550 689 597; x_wconf 89' lang='lat' dir='ltr'>beneplacitum</span> <span class='ocrx_word' id='word_1_56' title='bbox 731 550 801 587; x_wconf 92' lang='lat' dir='ltr'>Dei</span> <span class='ocrx_word' id='word_1_57' title='bbox 846 551 983 598; x_wconf 88' lang='lat' dir='ltr'>patris.</span> <span class='ocrx_word' id='word_1_58' title='bbox 1033 553 1080 587; x_wconf 86' lang='lat' dir='ltr'>Et</span> <span class='ocrx_word' id='word_1_59' title='bbox 1124 552 1279 588; x_wconf 87' lang='lat' dir='ltr'>utinam</span> <span class='ocrx_word' id='word_1_60' title='bbox 1325 565 1397 589; x_wconf 91' lang='lat' dir='ltr'>nos</span> <span class='ocrx_word' id='word_1_61' title='bbox 1442 552 1621 589; x_wconf 86' lang='lat' dir='ltr'>ociantes</span> <span class='ocrx_word' id='word_1_62' title='bbox 1666 551 1737 588; x_wconf 85' lang='lat' dir='ltr'>in5</span> 
     </span>
     <span class='ocr_line' id='line_1_15' title="bbox 391 607 1703 658; baseline 0.003 -15"><span class='ocrx_word' id='word_1_63' title='bbox 391 619 513 656; x_wconf 87' lang='lat' dir='ltr'>opere</span> <span class='ocrx_word' id='word_1_64' title='bbox 541 616 578 644; x_wconf 89' lang='lat' dir='ltr'>et</span> <span class='ocrx_word' id='word_1_65' title='bbox 600 607 719 644; x_wconf 89' lang='lat' dir='ltr'>nimis</span> <span class='ocrx_word' id='word_1_66' title='bbox 743 607 957 646; x_wconf 82' lang='lat' dir='ltr'>innitentes</span> <span class='ocrx_word' id='word_1_67' title='bbox 981 609 1226 658; x_wconf 81' lang='lat' dir='ltr'>speculative</span> <span class='ocrx_word' id='word_1_68' title='bbox 1250 611 1547 647; x_wconf 80' lang='lat' dir='ltr'>intenderemus</span> <span class='ocrx_word' id='word_1_69' title='bbox 1573 610 1703 647; x_wconf 81' lang='lat' dir='ltr'>effica-</span> 
     </span>
     <span class='ocr_line' id='line_1_16' title="bbox 391 665 700 702; baseline 0.003 -1"><span class='ocrx_word' id='word_1_70' title='bbox 391 666 489 702; x_wconf 86' lang='lat' dir='ltr'>citer</span> <span class='ocrx_word' id='word_1_71' title='bbox 521 665 584 702; x_wconf 83' lang='lat' dir='ltr'>isti</span> <span class='ocrx_word' id='word_1_72' title='bbox 618 666 700 702; x_wconf 85' lang='lat' dir='ltr'>fini.</span> 
     </span>
    </p>

    <p class='ocr_par' dir='ltr' id='par_1_7' title="bbox 380 724 1762 1400">
     <span class='ocr_line' id='line_1_17' title="bbox 451 724 1704 777; baseline 0.002 -18"><span class='ocrx_word' id='word_1_73' title='bbox 451 725 564 760; x_wconf 84' lang='lat' dir='ltr'>Unde</span> <span class='ocrx_word' id='word_1_74' title='bbox 596 725 794 773; x_wconf 81' lang='lat' dir='ltr'>sequitur:</span> <span class='ocrx_word' id='word_1_75' title='bbox 835 724 913 772; x_wconf 81' lang='lat' dir='ltr'>Qui</span> <span class='ocrx_word' id='word_1_76' title='bbox 942 733 1067 761; x_wconf 79' lang='lat' dir='ltr'>autem</span> <span class='ocrx_word' id='word_1_77' title='bbox 1097 727 1347 774; x_wconf 76' lang='lat' dir='ltr'>perspexerit</span> <span class='ocrx_word' id='word_1_78' title='bbox 1385 727 1420 762; x_wconf 85' lang='lat' dir='ltr'>in</span> <span class='ocrx_word' id='word_1_79' title='bbox 1460 727 1584 777; x_wconf 77' lang='lat' dir='ltr'>Iegem</span> <span class='ocrx_word' id='word_1_80' title='bbox 1613 739 1704 775; x_wconf 79' lang='lat' dir='ltr'>per-</span> 
     </span>
     <span class='ocr_line' id='line_1_18' title="bbox 380 782 1703 832; baseline 0.002 -15"><span class='ocrx_word' id='word_1_81' title='bbox 380 782 531 830; x_wconf 81' lang='lat' dir='ltr'>fectam</span> <span class='ocrx_word' id='word_1_82' title='bbox 571 782 761 818; x_wconf 71' lang='lat' dir='ltr'>libertatis</span> <span class='ocrx_word' id='word_1_83' title='bbox 799 790 833 818; x_wconf 94' lang='lat' dir='ltr'>et</span> <span class='ocrx_word' id='word_1_84' title='bbox 860 784 1122 832; x_wconf 74' lang='lat' dir='ltr'>permanserit</span> <span class='ocrx_word' id='word_1_85' title='bbox 1154 784 1190 819; x_wconf 81' lang='lat' dir='ltr'>in</span> <span class='ocrx_word' id='word_1_86' title='bbox 1230 796 1286 831; x_wconf 76' lang='lat' dir='ltr'>ea,</span> <span class='ocrx_word' id='word_1_87' title='bbox 1319 796 1391 820; x_wconf 83' lang='lat' dir='ltr'>non</span> <span class='ocrx_word' id='word_1_88' title='bbox 1424 785 1580 820; x_wconf 76' lang='lat' dir='ltr'>auditor</span> <span class='ocrx_word' id='word_1_89' title='bbox 1612 785 1703 820; x_wconf 85' lang='lat' dir='ltr'>obli-</span> 
     </span>
     <span class='ocr_line' id='line_1_19' title="bbox 393 840 1762 891; baseline 0 -16"><span class='ocrx_word' id='word_1_90' title='bbox 393 840 519 876; x_wconf 76' lang='lat' dir='ltr'>viosus</span> <span class='ocrx_word' id='word_1_91' title='bbox 539 840 678 888; x_wconf 76' lang='lat' dir='ltr'>factus</span> <span class='ocrx_word' id='word_1_92' title='bbox 715 841 784 876; x_wconf 78' lang='lat' dir='ltr'>sed</span> <span class='ocrx_word' id='word_1_93' title='bbox 805 841 945 889; x_wconf 78' lang='lat' dir='ltr'>factor</span> <span class='ocrx_word' id='word_1_94' title='bbox 983 842 1124 890; x_wconf 73' lang='lat' dir='ltr'>operis,</span> <span class='ocrx_word' id='word_1_95' title='bbox 1163 842 1222 877; x_wconf 80' lang='lat' dir='ltr'>lzic</span> <span class='ocrx_word' id='word_1_96' title='bbox 1263 843 1394 878; x_wconf 77' lang='lat' dir='ltr'>beatus</span> <span class='ocrx_word' id='word_1_97' title='bbox 1433 843 1605 891; x_wconf 79' lang='lat' dir='ltr'>infacto</span> <span class='ocrx_word' id='word_1_98' title='bbox 1637 855 1705 877; x_wconf 84' lang='lat' dir='ltr'>suo</span> <span class='ocrx_word' id='word_1_99' title='bbox 1727 855 1762 876; x_wconf 77' lang='grc' dir='ltr'>ιο</span> 
     </span>
     <span class='ocr_line' id='line_1_20' title="bbox 392 897 1704 948; baseline 0.002 -15"><span class='ocrx_word' id='word_1_100' title='bbox 392 897 475 933; x_wconf 79' lang='lat' dir='ltr'>erit.</span> <span class='ocrx_word' id='word_1_101' title='bbox 512 899 589 933; x_wconf 86' lang='lat' dir='ltr'>Lex</span> <span class='ocrx_word' id='word_1_102' title='bbox 629 907 763 934; x_wconf 86' lang='lat' dir='ltr'>autem</span> <span class='ocrx_word' id='word_1_103' title='bbox 806 899 979 946; x_wconf 86' lang='lat' dir='ltr'>perfecte</span> <span class='ocrx_word' id='word_1_104' title='bbox 1019 899 1228 945; x_wconf 81' lang='lat' dir='ltr'>libertatis,</span> <span class='ocrx_word' id='word_1_105' title='bbox 1268 900 1326 936; x_wconf 84' lang='lat' dir='ltr'>lex</span> <span class='ocrx_word' id='word_1_106' title='bbox 1360 908 1416 936; x_wconf 90' lang='lat' dir='ltr'>est</span> <span class='ocrx_word' id='word_1_107' title='bbox 1448 913 1550 937; x_wconf 88' lang='lat' dir='ltr'>nova</span> <span class='ocrx_word' id='word_1_108' title='bbox 1585 913 1704 948; x_wconf 88' lang='lat' dir='ltr'>quam</span> 
     </span>
     <span class='ocr_line' id='line_1_21' title="bbox 393 955 1706 1006; baseline 0.002 -15"><span class='ocrx_word' id='word_1_109' title='bbox 393 955 573 991; x_wconf 89' lang='lat' dir='ltr'>Christus</span> <span class='ocrx_word' id='word_1_110' title='bbox 624 955 760 1001; x_wconf 84' lang='lat' dir='ltr'>edidit,</span> <span class='ocrx_word' id='word_1_111' title='bbox 810 956 905 1004; x_wconf 86' lang='lat' dir='ltr'>quia</span> <span class='ocrx_word' id='word_1_112' title='bbox 954 970 1075 1005; x_wconf 82' lang='lat' dir='ltr'>supra</span> <span class='ocrx_word' id='word_1_113' title='bbox 1125 958 1250 1005; x_wconf 80' lang='lat' dir='ltr'>legem</span> <span class='ocrx_word' id='word_1_114' title='bbox 1305 958 1511 1006; x_wconf 87' lang='lat' dir='ltr'>antiquam</span> <span class='ocrx_word' id='word_1_115' title='bbox 1563 958 1706 994; x_wconf 85' lang='lat' dir='ltr'>liberat</span> 
     </span>
     <span class='ocr_line' id='line_1_22' title="bbox 392 1013 1704 1063; baseline 0.002 -14"><span class='ocrx_word' id='word_1_116' title='bbox 392 1013 610 1059; x_wconf 88' lang='lat' dir='ltr'>hominem,</span> <span class='ocrx_word' id='word_1_117' title='bbox 636 1022 677 1050; x_wconf 91' lang='lat' dir='ltr'>ut</span> <span class='ocrx_word' id='word_1_118' title='bbox 694 1023 782 1062; x_wconf 86' lang='lat' dir='ltr'>post</span> <span class='ocrx_word' id='word_1_119' title='bbox 800 1023 969 1051; x_wconf 87' lang='lat' dir='ltr'>mortem</span> <span class='ocrx_word' id='word_1_120' title='bbox 992 1023 1170 1051; x_wconf 87' lang='lat' dir='ltr'>transeat</span> <span class='ocrx_word' id='word_1_121' title='bbox 1186 1014 1420 1052; x_wconf 80' lang='lat' dir='ltr'>immediate</span> <span class='ocrx_word' id='word_1_122' title='bbox 1443 1017 1493 1052; x_wconf 89' lang='lat' dir='ltr'>ad</span> <span class='ocrx_word' id='word_1_123' title='bbox 1516 1015 1704 1063; x_wconf 82' lang='lat' dir='ltr'>gloriam3</span> 
     </span>
     <span class='ocr_line' id='line_1_23' title="bbox 392 1073 1705 1120; baseline 0.002 -13"><span class='ocrx_word' id='word_1_124' title='bbox 392 1080 429 1108; x_wconf 89' lang='lat' dir='ltr'>et</span> <span class='ocrx_word' id='word_1_125' title='bbox 461 1084 583 1120; x_wconf 89' lang='lat' dir='ltr'>supra</span> <span class='ocrx_word' id='word_1_126' title='bbox 621 1084 761 1108; x_wconf 91' lang='lat' dir='ltr'>omnes</span> <span class='ocrx_word' id='word_1_127' title='bbox 800 1073 905 1120; x_wconf 76' lang='lat' dir='ltr'>leges</span> <span class='ocrx_word' id='word_1_128' title='bbox 946 1073 1142 1109; x_wconf 82' lang='lat' dir='ltr'>humanas</span> <span class='ocrx_word' id='word_1_129' title='bbox 1181 1073 1341 1110; x_wconf 89' lang='lat' dir='ltr'>libertat</span> <span class='ocrx_word' id='word_1_130' title='bbox 1381 1074 1507 1110; x_wconf 86' lang='lat' dir='ltr'>eciam</span> <span class='ocrx_word' id='word_1_131' title='bbox 1549 1086 1705 1110; x_wconf 89' lang='lat' dir='ltr'>servum</span> 
     </span>
     <span class='ocr_line' id='line_1_24' title="bbox 392 1129 1762 1178; baseline 0 -13"><span class='ocrx_word' id='word_1_132' title='bbox 392 1129 548 1166; x_wconf 88' lang='lat' dir='ltr'>civilem</span> <span class='ocrx_word' id='word_1_133' title='bbox 589 1131 639 1166; x_wconf 85' lang='lat' dir='ltr'>ad</span> <span class='ocrx_word' id='word_1_134' title='bbox 679 1130 856 1178; x_wconf 80' lang='lat' dir='ltr'>regimen</span> <span class='ocrx_word' id='word_1_135' title='bbox 890 1130 1030 1178; x_wconf 87' lang='lat' dir='ltr'>patrie,</span> <span class='ocrx_word' id='word_1_136' title='bbox 1064 1131 1131 1167; x_wconf 88' lang='lat' dir='ltr'>ubi</span> <span class='ocrx_word' id='word_1_137' title='bbox 1165 1132 1224 1167; x_wconf 85' lang='lat' dir='ltr'>lex</span> <span class='ocrx_word' id='word_1_138' title='bbox 1256 1131 1450 1168; x_wconf 89' lang='lat' dir='ltr'>canonica</span> <span class='ocrx_word' id='word_1_139' title='bbox 1482 1133 1543 1168; x_wconf 84' lang='lat' dir='ltr'>vel</span> <span class='ocrx_word' id='word_1_140' title='bbox 1582 1131 1705 1168; x_wconf 89' lang='lat' dir='ltr'>civilis</span> <span class='ocrx_word' id='word_1_141' title='bbox 1728 1134 1762 1166; x_wconf 79' lang='lat'>15</span> 
     </span>
     <span class='ocr_line' id='line_1_25' title="bbox 392 1188 1703 1236; baseline 0.002 -13"><span class='ocrx_word' id='word_1_142' title='bbox 392 1200 628 1236; x_wconf 82' lang='lat' dir='ltr'>quecunque</span> <span class='ocrx_word' id='word_1_143' title='bbox 694 1188 939 1236; x_wconf 87' lang='lat' dir='ltr'>compatitur</span> <span class='ocrx_word' id='word_1_144' title='bbox 997 1202 1133 1225; x_wconf 90' lang='lat' dir='ltr'>secum</span> <span class='ocrx_word' id='word_1_145' title='bbox 1194 1189 1409 1226; x_wconf 81' lang='lat' dir='ltr'>maximam</span> <span class='ocrx_word' id='word_1_146' title='bbox 1474 1189 1703 1226; x_wconf 83' lang='lat' dir='ltr'>servitutem</span> 
     </span>
     <span class='ocr_line' id='line_1_26' title="bbox 392 1246 1704 1295; baseline 0.001 -13"><span class='ocrx_word' id='word_1_147' title='bbox 392 1246 547 1294; x_wconf 84' lang='lat' dir='ltr'>peccati</span> <span class='ocrx_word' id='word_1_148' title='bbox 572 1254 692 1294; x_wconf 85' lang='lat' dir='ltr'>atque</span> <span class='ocrx_word' id='word_1_149' title='bbox 716 1246 864 1282; x_wconf 90' lang='lat' dir='ltr'>diaboli</span> <span class='ocrx_word' id='word_1_150' title='bbox 889 1248 938 1283; x_wconf 83' lang='lat' dir='ltr'>ad</span> <span class='ocrx_word' id='word_1_151' title='bbox 962 1259 1106 1294; x_wconf 85' lang='lat' dir='ltr'>penam</span> <span class='ocrx_word' id='word_1_152' title='bbox 1131 1256 1366 1295; x_wconf 90' lang='lat' dir='ltr'>perpetuam</span> <span class='ocrx_word' id='word_1_153' title='bbox 1391 1247 1704 1295; x_wconf 79' lang='lat' dir='ltr'>mancipantem.</span> 
     </span>
     <span class='ocr_line' id='line_1_27' title="bbox 392 1304 1705 1354; baseline 0.001 -14"><span class='ocrx_word' id='word_1_154' title='bbox 392 1305 484 1340; x_wconf 88' lang='lat' dir='ltr'>Ideo</span> <span class='ocrx_word' id='word_1_155' title='bbox 516 1304 720 1351; x_wconf 78' lang='lat' dir='ltr'>signanter</span> <span class='ocrx_word' id='word_1_156' title='bbox 743 1304 810 1340; x_wconf 89' lang='lat' dir='ltr'>illa</span> <span class='ocrx_word' id='word_1_157' title='bbox 843 1305 901 1340; x_wconf 80' lang='lat' dir='ltr'>lex</span> <span class='ocrx_word' id='word_1_158' title='bbox 933 1314 1099 1342; x_wconf 84' lang='lat' dir='ltr'>vocatur</span> <span class='ocrx_word' id='word_1_159' title='bbox 1131 1305 1233 1342; x_wconf 90' lang='lat' dir='ltr'>inter</span> <span class='ocrx_word' id='word_1_160' title='bbox 1266 1318 1406 1342; x_wconf 86' lang='lat' dir='ltr'>omnes</span> <span class='ocrx_word' id='word_1_161' title='bbox 1440 1306 1499 1342; x_wconf 86' lang='lat' dir='ltr'>lex</span> <span class='ocrx_word' id='word_1_162' title='bbox 1531 1306 1705 1354; x_wconf 86' lang='lat' dir='ltr'>perfecte</span> 
     </span>
     <span class='ocr_line' id='line_1_28' title="bbox 392 1361 1704 1400; baseline 0.002 -2"><span class='ocrx_word' id='word_1_163' title='bbox 392 1361 599 1399; x_wconf 88' lang='lat' dir='ltr'>libertatis.</span> <span class='ocrx_word' id='word_1_164' title='bbox 652 1362 741 1399; x_wconf 89' lang='lat' dir='ltr'>Alia</span> <span class='ocrx_word' id='word_1_165' title='bbox 791 1371 923 1399; x_wconf 88' lang='lat' dir='ltr'>autem</span> <span class='ocrx_word' id='word_1_166' title='bbox 979 1363 1142 1399; x_wconf 87' lang='lat' dir='ltr'>libertas</span> <span class='ocrx_word' id='word_1_167' title='bbox 1194 1372 1477 1400; x_wconf 85' lang='lat' dir='ltr'>momentanea</span> <span class='ocrx_word' id='word_1_168' title='bbox 1522 1363 1560 1399; x_wconf 88' lang='lat' dir='ltr'>in</span> <span class='ocrx_word' id='word_1_169' title='bbox 1606 1363 1704 1400; x_wconf 90' lang='lat' dir='ltr'>facie</span> 
     </span>
    </p>
   </div>
   <div class='ocr_carea' id='block_1_6' title="bbox 108 1420 1762 1469">
    <p class='ocr_par' dir='ltr' id='par_1_8' title="bbox 108 1420 1762 1469">
     <span class='ocr_line' id='line_1_29' title="bbox 108 1420 1762 1469; baseline -0.001 -14"><span class='ocrx_word' id='word_1_170' title='bbox 108 1429 251 1455; x_wconf 78' lang='lat' dir='ltr'>continue</span> <span class='ocrx_word' id='word_1_171' title='bbox 272 1429 300 1455; x_wconf 80' lang='lat' dir='ltr'>in</span> <span class='ocrx_word' id='word_1_172' title='bbox 322 1429 370 1455; x_wconf 61' lang='lat' dir='ltr'>tlte</span> <span class='ocrx_word' id='word_1_173' title='bbox 391 1421 611 1456; x_wconf 85' lang='lat' dir='ltr'>secundum</span> <span class='ocrx_word' id='word_1_174' title='bbox 636 1420 998 1456; x_wconf 84' lang='lat' dir='ltr'>racionabilitatem</span> <span class='ocrx_word' id='word_1_175' title='bbox 1024 1420 1169 1457; x_wconf 88' lang='lat' dir='ltr'>dicitur</span> <span class='ocrx_word' id='word_1_176' title='bbox 1192 1421 1437 1469; x_wconf 87' lang='lat' dir='ltr'>imperfecta.</span> <span class='ocrx_word' id='word_1_177' title='bbox 1472 1421 1538 1457; x_wconf 85' lang='lat' dir='ltr'>Ille</span> <span class='ocrx_word' id='word_1_178' title='bbox 1571 1430 1701 1458; x_wconf 87' lang='lat' dir='ltr'>autem</span> <span class='ocrx_word' id='word_1_179' title='bbox 1722 1432 1762 1454; x_wconf 84' lang='lat'>20</span> 
     </span>
    </p>
   </div>
   <div class='ocr_carea' id='block_1_7' title="bbox 203 1465 270 1490">
    <p class='ocr_par' dir='ltr' id='par_1_9' title="bbox 203 1465 270 1490">
     <span class='ocr_line' id='line_1_30' title="bbox 203 1465 270 1490; baseline -0.015 0"><span class='ocrx_word' id='word_1_180' title='bbox 203 1465 227 1490; x_wconf 77' lang='lat' dir='ltr'>la</span> <span class='ocrx_word' id='word_1_181' title='bbox 234 1473 270 1490; x_wconf 77' lang='lat' dir='ltr'>w.</span> 
     </span>
    </p>
   </div>
   <div class='ocr_carea' id='block_1_8' title="bbox 103 2238 375 2370">
    <p class='ocr_par' dir='ltr' id='par_1_10' title="bbox 119 2238 358 2335">
     <span class='ocr_line' id='line_1_31' title="bbox 170 2238 305 2265; baseline -0.007 0"><span class='ocrx_word' id='word_1_182' title='bbox 170 2238 214 2265; x_wconf 88' lang='lat' dir='ltr'>He</span> <span class='ocrx_word' id='word_1_183' title='bbox 235 2238 305 2265; x_wconf 77' lang='lat' dir='ltr'>who</span> 
     </span>
     <span class='ocr_line' id='line_1_32' title="bbox 119 2273 358 2300; baseline -0.004 0"><span class='ocrx_word' id='word_1_184' title='bbox 119 2274 281 2300; x_wconf 71' lang='lat' dir='ltr'>continues</span> <span class='ocrx_word' id='word_1_185' title='bbox 303 2273 358 2299; x_wconf 80' lang='lat' dir='ltr'>has</span> 
     </span>
     <span class='ocr_line' id='line_1_33' title="bbox 124 2308 357 2335; baseline 0.004 -1"><span class='ocrx_word' id='word_1_186' title='bbox 124 2316 160 2335; x_wconf 83' lang='lat' dir='ltr'>an</span> <span class='ocrx_word' id='word_1_187' title='bbox 182 2313 303 2334; x_wconf 79' lang='lat' dir='ltr'>earnest</span> <span class='ocrx_word' id='word_1_188' title='bbox 323 2308 357 2335; x_wconf 77' lang='lat' dir='ltr'>of</span> 
     </span>
    </p>

    <p class='ocr_par' dir='ltr' id='par_1_11' title="bbox 103 2343 375 2370">
     <span class='ocr_line' id='line_1_34' title="bbox 103 2343 375 2370; baseline -0.004 -1"><span class='ocrx_word' id='word_1_189' title='bbox 103 2343 177 2369; x_wconf 78' lang='lat' dir='ltr'>bliss</span> <span class='ocrx_word' id='word_1_190' title='bbox 196 2343 224 2369; x_wconf 84' lang='lat' dir='ltr'>in</span> <span class='ocrx_word' id='word_1_191' title='bbox 241 2343 301 2370; x_wconf 81' lang='lat' dir='ltr'>this</span> <span class='ocrx_word' id='word_1_192' title='bbox 316 2343 375 2369; x_wconf 71' lang='lat' dir='ltr'>lise.</span> 
     </span>
    </p>
   </div>
   <div class='ocr_carea' id='block_1_9' title="bbox 391 1477 1761 2627">
    <p class='ocr_par' dir='ltr' id='par_1_12' title="bbox 391 1477 1761 2221">
     <span class='ocr_line' id='line_1_35' title="bbox 392 1477 1703 1527; baseline 0.002 -14"><span class='ocrx_word' id='word_1_193' title='bbox 392 1486 601 1526; x_wconf 86' lang='lat' dir='ltr'>permanet</span> <span class='ocrx_word' id='word_1_194' title='bbox 633 1477 672 1513; x_wconf 90' lang='lat' dir='ltr'>in</span> <span class='ocrx_word' id='word_1_195' title='bbox 705 1479 789 1526; x_wconf 78' lang='lat' dir='ltr'>lege</span> <span class='ocrx_word' id='word_1_196' title='bbox 823 1479 1050 1526; x_wconf 82' lang='lat' dir='ltr'>evangelica</span> <span class='ocrx_word' id='word_1_197' title='bbox 1074 1479 1141 1527; x_wconf 94' lang='lat' dir='ltr'>qui</span> <span class='ocrx_word' id='word_1_198' title='bbox 1174 1492 1300 1527; x_wconf 90' lang='lat' dir='ltr'>usque</span> <span class='ocrx_word' id='word_1_199' title='bbox 1333 1481 1382 1516; x_wconf 87' lang='lat' dir='ltr'>ad</span> <span class='ocrx_word' id='word_1_200' title='bbox 1416 1479 1533 1516; x_wconf 87' lang='lat' dir='ltr'>finem</span> <span class='ocrx_word' id='word_1_201' title='bbox 1570 1488 1703 1516; x_wconf 89' lang='lat' dir='ltr'>manet</span> 
     </span>
     <span class='ocr_line' id='line_1_36' title="bbox 392 1536 1703 1584; baseline 0.002 -13"><span class='ocrx_word' id='word_1_202' title='bbox 392 1536 431 1571; x_wconf 91' lang='lat' dir='ltr'>in</span> <span class='ocrx_word' id='word_1_203' title='bbox 477 1548 535 1581; x_wconf 83' lang='lat' dir='ltr'>ea,</span> <span class='ocrx_word' id='word_1_204' title='bbox 580 1536 673 1584; x_wconf 87' lang='lat' dir='ltr'>quia</span> <span class='ocrx_word' id='word_1_205' title='bbox 706 1536 930 1572; x_wconf 80' lang='lat' dir='ltr'>deficiendo</span> <span class='ocrx_word' id='word_1_206' title='bbox 975 1538 1024 1573; x_wconf 90' lang='lat' dir='ltr'>ab</span> <span class='ocrx_word' id='word_1_207' title='bbox 1069 1536 1137 1573; x_wconf 91' lang='lat' dir='ltr'>illo</span> <span class='ocrx_word' id='word_1_208' title='bbox 1182 1537 1354 1573; x_wconf 86' lang='lat' dir='ltr'>termino</span> <span class='ocrx_word' id='word_1_209' title='bbox 1401 1546 1534 1574; x_wconf 89' lang='lat' dir='ltr'>manet</span> <span class='ocrx_word' id='word_1_210' title='bbox 1578 1537 1617 1574; x_wconf 89' lang='lat' dir='ltr'>in</span> <span class='ocrx_word' id='word_1_211' title='bbox 1659 1550 1703 1574; x_wconf 84' lang='lat' dir='ltr'>ea</span> 
     </span>
     <span class='ocr_line' id='line_1_37' title="bbox 394 1594 1705 1643; baseline 0.002 -14"><span class='ocrx_word' id='word_1_212' title='bbox 394 1602 673 1631; x_wconf 84' lang='lat' dir='ltr'>momentanee</span> <span class='ocrx_word' id='word_1_213' title='bbox 707 1603 744 1630; x_wconf 88' lang='lat' dir='ltr'>et</span> <span class='ocrx_word' id='word_1_214' title='bbox 766 1594 935 1630; x_wconf 89' lang='lat' dir='ltr'>nimium</span> <span class='ocrx_word' id='word_1_215' title='bbox 969 1594 1213 1643; x_wconf 86' lang='lat' dir='ltr'>imperfecte.</span> <span class='ocrx_word' id='word_1_216' title='bbox 1249 1597 1295 1631; x_wconf 81' lang='lat' dir='ltr'>Et</span> <span class='ocrx_word' id='word_1_217' title='bbox 1319 1596 1391 1631; x_wconf 87' lang='lat' dir='ltr'>hec</span> <span class='ocrx_word' id='word_1_218' title='bbox 1424 1604 1480 1632; x_wconf 91' lang='lat' dir='ltr'>est</span> <span class='ocrx_word' id='word_1_219' title='bbox 1503 1595 1705 1632; x_wconf 85' lang='lat' dir='ltr'>sentencia</span> 
     </span>
     <span class='ocr_line' id='line_1_38' title="bbox 392 1652 1704 1701; baseline 0.002 -14"><span class='ocrx_word' id='word_1_220' title='bbox 392 1661 518 1688; x_wconf 87' lang='lat' dir='ltr'>textus</span> <span class='ocrx_word' id='word_1_221' title='bbox 532 1652 684 1689; x_wconf 89' lang='lat' dir='ltr'>Jacobi.</span> <span class='ocrx_word' id='word_1_222' title='bbox 709 1652 776 1688; x_wconf 92' lang='lat' dir='ltr'>Ille</span> <span class='ocrx_word' id='word_1_223' title='bbox 800 1652 905 1688; x_wconf 88' lang='lat' dir='ltr'>enim</span> <span class='ocrx_word' id='word_1_224' title='bbox 923 1652 990 1701; x_wconf 91' lang='lat' dir='ltr'>qui</span> <span class='ocrx_word' id='word_1_225' title='bbox 1012 1652 1067 1689; x_wconf 87' lang='lat' dir='ltr'>sic</span> <span class='ocrx_word' id='word_1_226' title='bbox 1090 1662 1298 1700; x_wconf 84' lang='lat' dir='ltr'>permanet</span> <span class='ocrx_word' id='word_1_227' title='bbox 1319 1653 1358 1689; x_wconf 91' lang='lat' dir='ltr'>in</span> <span class='ocrx_word' id='word_1_228' title='bbox 1379 1653 1464 1701; x_wconf 75' lang='lat' dir='ltr'>lege</span> <span class='ocrx_word' id='word_1_229' title='bbox 1479 1654 1704 1701; x_wconf 79' lang='lat' dir='ltr'>evangelica</span> 
     </span>
     <span class='ocr_line' id='line_1_39' title="bbox 391 1709 1760 1760; baseline 0.001 -14"><span class='ocrx_word' id='word_1_230' title='bbox 391 1723 472 1746; x_wconf 86' lang='lat' dir='ltr'>non</span> <span class='ocrx_word' id='word_1_231' title='bbox 513 1719 569 1746; x_wconf 86' lang='lat' dir='ltr'>est</span> <span class='ocrx_word' id='word_1_232' title='bbox 602 1709 762 1746; x_wconf 88' lang='lat' dir='ltr'>auditor</span> <span class='ocrx_word' id='word_1_233' title='bbox 801 1710 1019 1747; x_wconf 86' lang='lat' dir='ltr'>obliviosus</span> <span class='ocrx_word' id='word_1_234' title='bbox 1058 1711 1186 1759; x_wconf 86' lang='lat' dir='ltr'>qualis</span> <span class='ocrx_word' id='word_1_235' title='bbox 1231 1710 1462 1759; x_wconf 68' lang='lat' dir='ltr'>predicitur,</span> <span class='ocrx_word' id='word_1_236' title='bbox 1496 1713 1563 1748; x_wconf 90' lang='lat' dir='ltr'>sed</span> <span class='ocrx_word' id='word_1_237' title='bbox 1598 1711 1760 1760; x_wconf 78' lang='lat' dir='ltr'>prin-25</span> 
     </span>
     <span class='ocr_line' id='line_1_40' title="bbox 393 1767 1704 1817; baseline 0.001 -14"><span class='ocrx_word' id='word_1_238' title='bbox 393 1767 575 1816; x_wconf 86' lang='lat' dir='ltr'>cipaliter</span> <span class='ocrx_word' id='word_1_239' title='bbox 613 1768 784 1804; x_wconf 90' lang='lat' dir='ltr'>intendit</span> <span class='ocrx_word' id='word_1_240' title='bbox 823 1777 864 1804; x_wconf 90' lang='lat' dir='ltr'>ut</span> <span class='ocrx_word' id='word_1_241' title='bbox 903 1768 951 1804; x_wconf 91' lang='lat' dir='ltr'>sit</span> <span class='ocrx_word' id='word_1_242' title='bbox 984 1769 1112 1804; x_wconf 86' lang='lat' dir='ltr'>factor</span> <span class='ocrx_word' id='word_1_243' title='bbox 1144 1769 1291 1816; x_wconf 91' lang='lat' dir='ltr'>operis,</span> <span class='ocrx_word' id='word_1_244' title='bbox 1332 1781 1420 1805; x_wconf 90' lang='lat' dir='ltr'>cum</span> <span class='ocrx_word' id='word_1_245' title='bbox 1455 1769 1521 1806; x_wconf 92' lang='lat' dir='ltr'>ille</span> <span class='ocrx_word' id='word_1_246' title='bbox 1554 1769 1602 1805; x_wconf 88' lang='lat' dir='ltr'>sit</span> <span class='ocrx_word' id='word_1_247' title='bbox 1636 1781 1704 1817; x_wconf 85' lang='lat' dir='ltr'>per</span> 
     </span>
     <span class='ocr_line' id='line_1_41' title="bbox 392 1825 1703 1874; baseline 0.001 -13"><span class='ocrx_word' id='word_1_248' title='bbox 392 1838 432 1861; x_wconf 90' lang='lat' dir='ltr'>se</span> <span class='ocrx_word' id='word_1_249' title='bbox 473 1825 560 1862; x_wconf 79' lang='lat' dir='ltr'>finis</span> <span class='ocrx_word' id='word_1_250' title='bbox 601 1838 724 1874; x_wconf 88' lang='lat' dir='ltr'>quare</span> <span class='ocrx_word' id='word_1_251' title='bbox 769 1825 865 1861; x_wconf 85' lang='lat' dir='ltr'>fides</span> <span class='ocrx_word' id='word_1_252' title='bbox 905 1834 941 1862; x_wconf 88' lang='lat' dir='ltr'>et</span> <span class='ocrx_word' id='word_1_253' title='bbox 980 1826 1058 1862; x_wconf 86' lang='lat' dir='ltr'>alia</span> <span class='ocrx_word' id='word_1_254' title='bbox 1097 1826 1312 1863; x_wconf 87' lang='lat' dir='ltr'>carismata</span> <span class='ocrx_word' id='word_1_255' title='bbox 1352 1826 1500 1863; x_wconf 84' lang='lat' dir='ltr'>Christi</span> <span class='ocrx_word' id='word_1_256' title='bbox 1546 1828 1703 1863; x_wconf 78' lang='lat' dir='ltr'>dantur,</span> 
     </span>
     <span class='ocr_line' id='line_1_42' title="bbox 393 1883 1704 1933; baseline 0.001 -14"><span class='ocrx_word' id='word_1_257' title='bbox 393 1886 473 1919; x_wconf 88' lang='lat' dir='ltr'>Nec</span> <span class='ocrx_word' id='word_1_258' title='bbox 512 1883 681 1919; x_wconf 89' lang='lat' dir='ltr'>intendit</span> <span class='ocrx_word' id='word_1_259' title='bbox 719 1885 826 1932; x_wconf 86' lang='lat' dir='ltr'>quod</span> <span class='ocrx_word' id='word_1_260' title='bbox 865 1883 995 1920; x_wconf 91' lang='lat' dir='ltr'>omnis</span> <span class='ocrx_word' id='word_1_261' title='bbox 1035 1883 1163 1920; x_wconf 87' lang='lat' dir='ltr'>viator</span> <span class='ocrx_word' id='word_1_262' title='bbox 1202 1893 1384 1932; x_wconf 87' lang='lat' dir='ltr'>tempore</span> <span class='ocrx_word' id='word_1_263' title='bbox 1432 1885 1528 1932; x_wconf 80' lang='lat' dir='ltr'>legis</span> <span class='ocrx_word' id='word_1_264' title='bbox 1573 1884 1704 1933; x_wconf 80' lang='lat' dir='ltr'>gracie</span> 
     </span>
     <span class='ocr_line' id='line_1_43' title="bbox 393 1941 1703 1989; baseline 0.001 -12"><span class='ocrx_word' id='word_1_265' title='bbox 393 1941 535 1978; x_wconf 86' lang='lat' dir='ltr'>transit</span> <span class='ocrx_word' id='word_1_266' title='bbox 579 1941 812 1977; x_wconf 85' lang='lat' dir='ltr'>immediate</span> <span class='ocrx_word' id='word_1_267' title='bbox 851 1943 900 1977; x_wconf 85' lang='lat' dir='ltr'>ad</span> <span class='ocrx_word' id='word_1_268' title='bbox 938 1941 1120 1989; x_wconf 76' lang='lat' dir='ltr'>gloriam,</span> <span class='ocrx_word' id='word_1_269' title='bbox 1167 1955 1257 1978; x_wconf 89' lang='lat' dir='ltr'>cum</span> <span class='ocrx_word' id='word_1_270' title='bbox 1304 1941 1418 1978; x_wconf 90' lang='lat' dir='ltr'>multi</span> <span class='ocrx_word' id='word_1_271' title='bbox 1457 1951 1619 1979; x_wconf 87' lang='lat' dir='ltr'>manent</span> <span class='ocrx_word' id='word_1_272' title='bbox 1663 1942 1703 1978; x_wconf 88' lang='lat' dir='ltr'>in</span> 
     </span>
     <span class='ocr_line' id='line_1_44' title="bbox 393 1999 1761 2047; baseline -0.001 -12"><span class='ocrx_word' id='word_1_273' title='bbox 393 1999 641 2047; x_wconf 77' lang='lat' dir='ltr'>purgatorio,</span> <span class='ocrx_word' id='word_1_274' title='bbox 675 2000 743 2036; x_wconf 88' lang='lat' dir='ltr'>sed</span> <span class='ocrx_word' id='word_1_275' title='bbox 777 2001 883 2047; x_wconf 87' lang='lat' dir='ltr'>quod</span> <span class='ocrx_word' id='word_1_276' title='bbox 922 2012 1002 2035; x_wconf 94' lang='lat' dir='ltr'>non</span> <span class='ocrx_word' id='word_1_277' title='bbox 1044 2008 1101 2035; x_wconf 89' lang='lat' dir='ltr'>est</span> <span class='ocrx_word' id='word_1_278' title='bbox 1140 2000 1360 2036; x_wconf 87' lang='lat' dir='ltr'>universale</span> <span class='ocrx_word' id='word_1_279' title='bbox 1400 2000 1575 2036; x_wconf 89' lang='lat' dir='ltr'>medium</span> <span class='ocrx_word' id='word_1_280' title='bbox 1609 1999 1702 2036; x_wconf 90' lang='lat' dir='ltr'>resi-</span> <span class='ocrx_word' id='word_1_281' title='bbox 1719 2001 1761 2033; x_wconf 81' lang='lat'>30</span> 
     </span>
     <span class='ocr_line' id='line_1_45' title="bbox 393 2057 1702 2105; baseline 0.002 -12"><span class='ocrx_word' id='word_1_282' title='bbox 393 2057 523 2093; x_wconf 89' lang='lat' dir='ltr'>stendi</span> <span class='ocrx_word' id='word_1_283' title='bbox 556 2057 850 2105; x_wconf 88' lang='lat' dir='ltr'>predestinatis,</span> <span class='ocrx_word' id='word_1_284' title='bbox 884 2057 985 2093; x_wconf 90' lang='lat' dir='ltr'>sicut</span> <span class='ocrx_word' id='word_1_285' title='bbox 1008 2057 1188 2105; x_wconf 86' lang='lat' dir='ltr'>patribus</span> <span class='ocrx_word' id='word_1_286' title='bbox 1222 2058 1261 2093; x_wconf 89' lang='lat' dir='ltr'>in</span> <span class='ocrx_word' id='word_1_287' title='bbox 1294 2057 1416 2094; x_wconf 87' lang='lat' dir='ltr'>veteri</span> <span class='ocrx_word' id='word_1_288' title='bbox 1448 2066 1702 2103; x_wconf 88' lang='lat' dir='ltr'>testamento,</span> 
     </span>
     <span class='ocr_line' id='line_1_46' title="bbox 392 2114 1703 2164; baseline 0 -13"><span class='ocrx_word' id='word_1_289' title='bbox 392 2115 488 2164; x_wconf 85' lang='lat' dir='ltr'>quin</span> <span class='ocrx_word' id='word_1_290' title='bbox 521 2116 635 2163; x_wconf 90' lang='lat' dir='ltr'>plene</span> <span class='ocrx_word' id='word_1_291' title='bbox 669 2115 827 2163; x_wconf 77' lang='lat' dir='ltr'>purgati</span> <span class='ocrx_word' id='word_1_292' title='bbox 860 2114 899 2151; x_wconf 89' lang='lat' dir='ltr'>in</span> <span class='ocrx_word' id='word_1_293' title='bbox 932 2115 994 2152; x_wconf 89' lang='lat' dir='ltr'>via</span> <span class='ocrx_word' id='word_1_294' title='bbox 1027 2115 1144 2161; x_wconf 90' lang='lat' dir='ltr'>(sicut</span> <span class='ocrx_word' id='word_1_295' title='bbox 1177 2125 1288 2152; x_wconf 87' lang='lat' dir='ltr'>erant</span> <span class='ocrx_word' id='word_1_296' title='bbox 1319 2116 1464 2153; x_wconf 83' lang='lat' dir='ltr'>Paulus</span> <span class='ocrx_word' id='word_1_297' title='bbox 1498 2125 1534 2152; x_wconf 90' lang='lat' dir='ltr'>et</span> <span class='ocrx_word' id='word_1_298' title='bbox 1568 2115 1703 2161; x_wconf 86' lang='lat' dir='ltr'>ceteri)</span> 
     </span>
     <span class='ocr_line' id='line_1_47' title="bbox 393 2172 1199 2221; baseline 0 -12"><span class='ocrx_word' id='word_1_299' title='bbox 393 2173 626 2209; x_wconf 85' lang='lat' dir='ltr'>immediate</span> <span class='ocrx_word' id='word_1_300' title='bbox 658 2172 901 2209; x_wconf 87' lang='lat' dir='ltr'>transierunt</span> <span class='ocrx_word' id='word_1_301' title='bbox 934 2175 983 2209; x_wconf 89' lang='lat' dir='ltr'>ad</span> <span class='ocrx_word' id='word_1_302' title='bbox 1016 2173 1199 2221; x_wconf 84' lang='lat' dir='ltr'>gloriam.</span> 
     </span>
    </p>

    <p class='ocr_par' dir='ltr' id='par_1_13' title="bbox 391 2230 1759 2627">
     <span class='ocr_line' id='line_1_48' title="bbox 451 2230 1703 2279; baseline 0 -12"><span class='ocrx_word' id='word_1_303' title='bbox 451 2233 532 2267; x_wconf 89' lang='lat' dir='ltr'>Nec</span> <span class='ocrx_word' id='word_1_304' title='bbox 575 2231 705 2267; x_wconf 89' lang='lat' dir='ltr'>solum</span> <span class='ocrx_word' id='word_1_305' title='bbox 746 2230 925 2266; x_wconf 88' lang='lat' dir='ltr'>innuitur</span> <span class='ocrx_word' id='word_1_306' title='bbox 963 2233 1069 2279; x_wconf 89' lang='lat' dir='ltr'>quod</span> <span class='ocrx_word' id='word_1_307' title='bbox 1110 2231 1200 2268; x_wconf 87' lang='lat' dir='ltr'>talis</span> <span class='ocrx_word' id='word_1_308' title='bbox 1240 2233 1378 2268; x_wconf 86' lang='lat' dir='ltr'>beatus</span> <span class='ocrx_word' id='word_1_309' title='bbox 1418 2231 1492 2268; x_wconf 90' lang='lat' dir='ltr'>erit</span> <span class='ocrx_word' id='word_1_310' title='bbox 1530 2231 1703 2268; x_wconf 86' lang='lat' dir='ltr'>finaliter</span> 
     </span>
     <span class='ocr_line' id='line_1_49' title="bbox 393 2288 1759 2338; baseline 0.001 -14"><span class='ocrx_word' id='word_1_311' title='bbox 393 2289 640 2324; x_wconf 87' lang='lat' dir='ltr'>beatitudine</span> <span class='ocrx_word' id='word_1_312' title='bbox 673 2288 905 2336; x_wconf 85' lang='lat' dir='ltr'>premiatus,</span> <span class='ocrx_word' id='word_1_313' title='bbox 940 2289 1042 2325; x_wconf 85' lang='lat' dir='ltr'>sicut</span> <span class='ocrx_word' id='word_1_314' title='bbox 1075 2288 1148 2325; x_wconf 89' lang='lat' dir='ltr'>erit</span> <span class='ocrx_word' id='word_1_315' title='bbox 1171 2289 1338 2338; x_wconf 89' lang='lat' dir='ltr'>quilibet</span> <span class='ocrx_word' id='word_1_316' title='bbox 1370 2290 1602 2338; x_wconf 87' lang='lat' dir='ltr'>premiatus,</span> <span class='ocrx_word' id='word_1_317' title='bbox 1636 2290 1702 2326; x_wconf 88' lang='lat' dir='ltr'>sed</span> <span class='ocrx_word' id='word_1_318' title='bbox 1720 2290 1759 2323; x_wconf 80' lang='lat'>35</span> 
     </span>
     <span class='ocr_line' id='line_1_50' title="bbox 393 2346 1704 2394; baseline 0.002 -12"><span class='ocrx_word' id='word_1_319' title='bbox 393 2348 500 2394; x_wconf 89' lang='lat' dir='ltr'>quod</span> <span class='ocrx_word' id='word_1_320' title='bbox 534 2346 607 2383; x_wconf 89' lang='lat' dir='ltr'>erit</span> <span class='ocrx_word' id='word_1_321' title='bbox 631 2348 769 2383; x_wconf 88' lang='lat' dir='ltr'>beatus</span> <span class='ocrx_word' id='word_1_322' title='bbox 803 2347 1049 2383; x_wconf 86' lang='lat' dir='ltr'>beatitudine</span> <span class='ocrx_word' id='word_1_323' title='bbox 1082 2347 1244 2383; x_wconf 75' lang='lat' dir='ltr'>atrabili</span> <span class='ocrx_word' id='word_1_324' title='bbox 1273 2347 1346 2393; x_wconf 92' lang='lat' dir='ltr'>vie,</span> <span class='ocrx_word' id='word_1_325' title='bbox 1380 2347 1483 2383; x_wconf 90' lang='lat' dir='ltr'>sicut</span> <span class='ocrx_word' id='word_1_326' title='bbox 1507 2347 1704 2384; x_wconf 89' lang='lat' dir='ltr'>medicina</span> 
     </span>
     <span class='ocr_line' id='line_1_51' title="bbox 393 2403 1702 2453; baseline 0 -13"><span class='ocrx_word' id='word_1_327' title='bbox 393 2403 538 2440; x_wconf 86' lang='lat' dir='ltr'>dicitur</span> <span class='ocrx_word' id='word_1_328' title='bbox 570 2417 679 2451; x_wconf 85' lang='lat' dir='ltr'>sana,</span> <span class='ocrx_word' id='word_1_329' title='bbox 713 2404 807 2453; x_wconf 86' lang='lat' dir='ltr'>quia</span> <span class='ocrx_word' id='word_1_330' title='bbox 838 2404 934 2440; x_wconf 90' lang='lat' dir='ltr'>facit</span> <span class='ocrx_word' id='word_1_331' title='bbox 973 2404 1176 2441; x_wconf 88' lang='lat' dir='ltr'>hominem</span> <span class='ocrx_word' id='word_1_332' title='bbox 1217 2405 1388 2441; x_wconf 85' lang='lat' dir='ltr'>finaliter</span> <span class='ocrx_word' id='word_1_333' title='bbox 1427 2417 1510 2441; x_wconf 86' lang='lat' dir='ltr'>esse</span> <span class='ocrx_word' id='word_1_334' title='bbox 1548 2418 1702 2442; x_wconf 85' lang='lat' dir='ltr'>sanum.</span> 
     </span>
     <span class='ocr_line' id='line_1_52' title="bbox 391 2461 1704 2511; baseline 0.002 -14"><span class='ocrx_word' id='word_1_335' title='bbox 391 2461 500 2498; x_wconf 88' lang='lat' dir='ltr'>Talis</span> <span class='ocrx_word' id='word_1_336' title='bbox 553 2470 686 2498; x_wconf 86' lang='lat' dir='ltr'>autem</span> <span class='ocrx_word' id='word_1_337' title='bbox 736 2462 866 2499; x_wconf 84' lang='lat' dir='ltr'>viator</span> <span class='ocrx_word' id='word_1_338' title='bbox 920 2471 1275 2511; x_wconf 86' lang='lat' dir='ltr'>quantumcunque</span> <span class='ocrx_word' id='word_1_339' title='bbox 1325 2463 1538 2499; x_wconf 89' lang='lat' dir='ltr'>tribulatus</span> <span class='ocrx_word' id='word_1_340' title='bbox 1587 2462 1704 2499; x_wconf 88' lang='lat' dir='ltr'>fuerit</span> 
     </span>
     <span class='ocr_line' id='line_1_53' title="bbox 392 2519 1701 2568; baseline 0.001 -13"><span class='ocrx_word' id='word_1_341' title='bbox 392 2519 554 2556; x_wconf 80' lang='lat' dir='ltr'>racione</span> <span class='ocrx_word' id='word_1_342' title='bbox 593 2519 739 2568; x_wconf 88' lang='lat' dir='ltr'>speciei</span> <span class='ocrx_word' id='word_1_343' title='bbox 779 2519 874 2556; x_wconf 90' lang='lat' dir='ltr'>facti</span> <span class='ocrx_word' id='word_1_344' title='bbox 913 2520 973 2556; x_wconf 89' lang='lat' dir='ltr'>sui</span> <span class='ocrx_word' id='word_1_345' title='bbox 1012 2520 1142 2557; x_wconf 86' lang='lat' dir='ltr'>meriti</span> <span class='ocrx_word' id='word_1_346' title='bbox 1188 2522 1326 2557; x_wconf 84' lang='lat' dir='ltr'>beatus</span> <span class='ocrx_word' id='word_1_347' title='bbox 1366 2520 1459 2568; x_wconf 70' lang='lat' dir='ltr'>erit,</span> <span class='ocrx_word' id='word_1_348' title='bbox 1505 2522 1573 2557; x_wconf 89' lang='lat' dir='ltr'>sed</span> <span class='ocrx_word' id='word_1_349' title='bbox 1612 2533 1701 2557; x_wconf 85' lang='lat' dir='ltr'>cum</span> 
     </span>
     <span class='ocr_line' id='line_1_54' title="bbox 392 2577 1759 2627; baseline 0.001 -14"><span class='ocrx_word' id='word_1_350' title='bbox 392 2586 551 2625; x_wconf 88' lang='lat' dir='ltr'>oportet</span> <span class='ocrx_word' id='word_1_351' title='bbox 575 2590 735 2614; x_wconf 90' lang='lat' dir='ltr'>omnem</span> <span class='ocrx_word' id='word_1_352' title='bbox 772 2577 1033 2614; x_wconf 89' lang='lat' dir='ltr'>christianum</span> <span class='ocrx_word' id='word_1_353' title='bbox 1073 2591 1309 2626; x_wconf 88' lang='lat' dir='ltr'>permanere</span> <span class='ocrx_word' id='word_1_354' title='bbox 1342 2578 1381 2615; x_wconf 92' lang='lat' dir='ltr'>in</span> <span class='ocrx_word' id='word_1_355' title='bbox 1414 2579 1497 2626; x_wconf 83' lang='lat' dir='ltr'>lege</span> <span class='ocrx_word' id='word_1_356' title='bbox 1530 2578 1759 2627; x_wconf 88' lang='lat' dir='ltr'>simplici40</span> 
     </span>
    </p>
   </div>
   <div class='ocr_carea' id='block_1_10' title="bbox 393 2711 1701 2781">
    <p class='ocr_par' dir='ltr' id='par_1_14' title="bbox 393 2711 1701 2781">
     <span class='ocr_line' id='line_1_55' title="bbox 462 2711 1701 2746; baseline 0 -8"><span class='ocrx_word' id='word_1_357' title='bbox 462 2711 485 2738; x_wconf 89' lang='grc'>5.</span> <span class='ocrx_word' id='word_1_358' title='bbox 507 2711 603 2739; x_wconf 86' lang='lat' dir='ltr'>Cod.:</span> <span class='ocrx_word' id='word_1_359' title='bbox 623 2717 774 2739; x_wconf 84' lang='lat' dir='ltr'>occantes.</span> <span class='ocrx_word' id='word_1_360' title='bbox 856 2721 881 2746; x_wconf 86' lang='lat'>7.</span> <span class='ocrx_word' id='word_1_361' title='bbox 905 2712 998 2740; x_wconf 84' lang='lat' dir='ltr'>Cod.:</span> <span class='ocrx_word' id='word_1_362' title='bbox 1020 2712 1069 2740; x_wconf 86' lang='lat' dir='ltr'>isti</span> <span class='ocrx_word' id='word_1_363' title='bbox 1091 2714 1157 2740; x_wconf 76' lang='lat' dir='ltr'>sinc.</span> <span class='ocrx_word' id='word_1_364' title='bbox 1232 2720 1277 2740; x_wconf 79' lang='lat'>20.</span> <span class='ocrx_word' id='word_1_365' title='bbox 1299 2712 1393 2740; x_wconf 85' lang='lat' dir='ltr'>Cod.:</span> <span class='ocrx_word' id='word_1_366' title='bbox 1415 2712 1584 2739; x_wconf 86' lang='lat' dir='ltr'>secundum</span> <span class='ocrx_word' id='word_1_367' title='bbox 1606 2712 1701 2739; x_wconf 79' lang='lat' dir='ltr'>racio-</span> 
     </span>
     <span class='ocr_line' id='line_1_56' title="bbox 393 2746 1700 2781; baseline 0 -8"><span class='ocrx_word' id='word_1_368' title='bbox 393 2746 534 2773; x_wconf 78' lang='lat' dir='ltr'>nabiliter</span> <span class='ocrx_word' id='word_1_369' title='bbox 554 2747 780 2774; x_wconf 79' lang='lat' dir='ltr'>racionabiliter</span> <span class='ocrx_word' id='word_1_370' title='bbox 800 2747 920 2775; x_wconf 82' lang='lat' dir='ltr'>dicitur.</span> <span class='ocrx_word' id='word_1_371' title='bbox 996 2747 1036 2775; x_wconf 77' lang='lat'>23.</span> <span class='ocrx_word' id='word_1_372' title='bbox 1054 2747 1148 2775; x_wconf 80' lang='lat' dir='ltr'>Cod.:</span> <span class='ocrx_word' id='word_1_373' title='bbox 1171 2752 1402 2781; x_wconf 76' lang='lat' dir='ltr'>momentanea3</span> <span class='ocrx_word' id='word_1_374' title='bbox 1423 2747 1463 2774; x_wconf 88' lang='lat' dir='ltr'>ib.</span> <span class='ocrx_word' id='word_1_375' title='bbox 1480 2747 1533 2774; x_wconf 85' lang='lat' dir='ltr'>hec</span> <span class='ocrx_word' id='word_1_376' title='bbox 1548 2751 1592 2773; x_wconf 83' lang='lat' dir='ltr'>est</span> <span class='ocrx_word' id='word_1_377' title='bbox 1607 2747 1700 2774; x_wconf 71' lang='lat' dir='ltr'>deest.</span> 
     </span>
    </p>
   </div>
   <div class='ocr_carea' id='block_1_11' title="bbox 462 2829 861 2871">
    <p class='ocr_par' dir='ltr' id='par_1_15' title="bbox 462 2829 861 2871">
     <span class='ocr_line' id='line_1_57' title="bbox 462 2829 861 2871; baseline 0.005 -10"><span class='ocrx_word' id='word_1_378' title='bbox 462 2829 586 2862; x_wconf 80' lang='lat'>8—11.</span> <span class='ocrx_word' id='word_1_379' title='bbox 613 2830 730 2862; x_wconf 90' lang='lat' dir='ltr'>Jacobi</span> <span class='ocrx_word' id='word_1_380' title='bbox 757 2831 780 2871; x_wconf 90' lang='lat'>1,</span> <span class='ocrx_word' id='word_1_381' title='bbox 810 2830 861 2863; x_wconf 86' lang='lat'>25.</span> 
     </span>
    </p>
   </div>
  </div>
 </body>
</html>
