1944 3323
191 257 263 304 ¹98
766 262 987 295 JOHANNJS
1005 262 1189 294 WYC1.1F
1208 261 1465 293 SERMONUM
1500 247 1650 305 [samio
1672 257 1781 286 xxvi.

472 370 650 407 crebrius
690 369 729 405 in
770 368 982 416 scriptura.
1037 369 1136 404 Cum
1180 368 1283 403 enim
1324 369 1445 403 homo
1485 376 1526 403 ut
1565 367 1620 404 sic
1664 369 1783 404 habet

471 428 627 465 noviter
651 431 778 464 Deum
804 435 959 474 patrem
985 434 1021 461 et
1052 426 1208 462 noviter
1240 435 1419 462 sanctam
1455 434 1623 462 matrem
1659 427 1783 462 eccle-

472 486 586 531 siam,
632 486 837 533 signanter
882 483 1027 519 dicitur
1076 496 1119 519 ex
1165 486 1248 520 Deo
1296 483 1405 520 nasci
1450 483 1617 519 noviter.
1672 485 1783 519 Patet

472 545 576 580 istud
609 542 802 579 johannis
837 543 920 587 1110,
955 541 972 577 3
1010 543 1216 589 quomodo
1249 550 1408 589 oportet
1442 541 1647 577 hominem
1681 541 1786 577 nasci

473 603 595 638 denuo
636 608 693 643 (ut
724 599 881 636 Veritas
921 599 1091 647 explicat
1131 599 1397 647 Nichodemo)
1440 608 1476 635 et
1514 600 1601 635 Joh.
1636 601 1685 645 10,
1716 603 1816 635 12:5

480 661 673 707 Quotquot
721 665 846 694 autem
894 665 1124 707 receperunt
1168 670 1266 702 eum,
1311 658 1415 693 dedit
1458 658 1511 693 eis
1553 665 1782 706 potestatem

461 718 572 767 filios
594 716 786 766 Deifleri.
813 717 899 751 Hoc
923 724 1056 751 autem
1082 715 1173 751 licet
1198 715 1246 751 sit
1271 715 1389 751 hodie
1411 715 1710 763 parvipensum,
1728 723 1784 751 est

474 784 608 811 tamen
630 774 775 810 virtute
800 773 1030 818 maximum,
1056 772 1149 821 quia
1172 775 1198 809 Ι.
1221 773 1295 809 Joh
1302 802 1443 809 .....
1468 773 1667 818 scribitur,
1693 786 1782 809 cum

462 833 543 883 filii
578 833 653 868 Dei
689 844 820 867 sumus
852 838 886 867 et
918 832 1084 867 nondum
1118 831 1300 880 apparuit
1333 831 1422 879 qnid
1454 831 1610 875 erimus,
1643 831 1784 867 scimus

474 891 649 939 quoniam
693 902 776 925 cum
816 889 1045 938 apparuerit
1084 897 1118 925 et
1155 889 1299 925 similes
1342 889 1376 924 ei
1418 889 1572 924 erimus.
1617 889 1843 925 Tercius1o

474 957 607 985 autem
643 949 753 983 locus
787 947 1025 995 explicatur:
1073 949 1149 983 Ista
1189 946 1375 983 nativitas
1418 955 1474 982 est
1515 955 1635 994 caput
1668 946 1784 982 huius

476 1005 640 1054 capituli
682 1006 721 1041 in
760 1018 839 1053 quo
879 1006 1045 1041 docetur
1084 1018 1105 1041 a
1144 1004 1259 1052 signo
1299 1004 1386 1052 quis
1426 1012 1483 1040 est
1522 1004 1786 1052 spiritualiter

188 1070 245 1097 We
260 1069 592 1104 conquerthenatug
632 1076 675 1100 ex
715 1065 812 1099 Deo.
863 1063 997 1109 Omne,
1037 1062 1179 1111 inquit,
1219 1064 1320 1111 quod
1359 1070 1487 1098 natum
1528 1069 1583 1098 est
1621 1074 1671 1098 ex
1702 1063 1786 1098 Deo

186 1104 589 1167 ῗὲΐὲιῗίίοὲῖιὲρὲὧῖἓνῐηείΐ
621 1122 826 1165 mundunz;
863 1121 901 1156 in
936 1134 1013 1169 qua
1052 1120 1337 1169 proposicione
1378 1129 1419 1156 ut
1459 1120 1786 1168 compendiosius

213 1173 434 1243 ¹¹¹³'tlhi‘rll'ggldly
474 1180 703 1216 includatur
735 1187 901 1227 uterque
935 1192 1047 1215 sexus
1080 1192 1161 1215 non
1193 1178 1307 1215 dicit:
1341 1178 1483 1214 Omnis
1516 1179 1638 1214 homo
1670 1187 1786 1215 natus
1806 1182 1841 1214 15

475 1251 517 1274 ex
542 1240 624 1274 Deo
648 1239 730 1282 sed,
763 1237 843 1273 sive
876 1236 934 1273 vir
966 1237 1046 1273 sive
1078 1236 1226 1273 femina
1260 1249 1302 1272 ex
1327 1238 1410 1272 Deo
1443 1236 1632 1281 nascitur,
1665 1236 1786 1273 vincit

476 1297 683 1332 mundum.
732 1297 866 1331 Potest
905 1304 1039 1331 autem
1073 1294 1240 1342 intelligi
1274 1294 1313 1330 in
1347 1303 1519 1342 utroque
1552 1307 1644 1330 sexu
1677 1293 1786 1331 racio

475 1353 688 1390 cuiuslibet
733 1353 912 1398 virtuosi,
968 1353 1059 1401 quia
1104 1353 1326 1389 virtuosum
1374 1352 1581 1400 quodlibet
1625 1360 1785 1400 oportet

475 1411 724 1460 originaliter
757 1424 799 1447 ex
824 1413 907 1447 Deo
930 1411 1052 1447 nasci.
1087 1413 1159 1447 Per
1182 1411 1364 1446 mundum
1390 1419 1523 1446 autem
1551 1409 1786 1458 intelligitur

476 1482 538 1506 res
571 1471 774 1506 mundana
808 1469 986 1506 alliciens
1020 1469 1234 1505 occasione
1266 1468 1420 1516 peccati
1460 1467 1613 1516 proprii
1654 1477 1691 1504 et
1728 1468 1785 1504 in-
1803 1480 1844 1502 20

477 1527 625 1564 stinctu
660 1527 809 1564 diaboli
844 1536 886 1562 ut
920 1539 980 1563 res
1014 1528 1216 1563 mundane
1250 1526 1415 1562 domino
1438 1528 1529 1562 ,lesu
1562 1527 1786 1574 preponde-

478 1586 635 1622 rancius
670 1585 898 1633 diligantur.
946 1586 1117 1630 Quando
1157 1593 1289 1620 autem
1331 1583 1439 1620 racio
1472 1584 1547 1620 ista
1580 1583 1784 1629 refellitur,

480 1645 652 1680 mundus
690 1643 881 1689 vincitur3
928 1651 963 1679 et
1005 1643 1080 1679 ista
1119 1651 1178 1679 est
1217 1642 1326 1678 racio
1366 1641 1576 1690 potissima
1610 1655 1687 1690 qua
1726 1654 1786 1678 ex-

479 1702 727 1749 tingueretur
761 1701 969 1737 caritativa
991 1701 1169 1737 dileccio.
1206 1701 1298 1736 Ideo
1322 1708 1483 1747 oportet
1507 1712 1786 1748 quemcunque

479 1760 653 1796 viantem
689 1761 764 1795 hoc
798 1759 992 1807 impetum
1026 1758 1211 1806 primitus
1244 1770 1461 1794 removere.
1804 1761 1843 1793 25

213 1833 300 1861 Fam]
323 1833 445 1860 enables
539 1819 652 1853 Unde
685 1816 864 1865 sequitur
898 1818 1039 1853 modus
1074 1815 1193 1852 medii
1227 1828 1296 1863 per
1329 1817 1436 1863 quod
1470 1814 1678 1863 potissime
1712 1815 1787 1852 ista

210 1878 245 1896 us
266 1874 295 1895 10
318 1868 356 1896 “³⁰
378 1868 447 1895 this.
480 1875 648 1911 victoria
683 1876 964 1922 compleretur.
999 1875 1082 1910 Hec
1115 1882 1182 1919 est,
1216 1873 1357 1921 inquit,
1392 1874 1553 1909 victoria
1577 1885 1646 1922 que
1675 1874 1788 1909 vincit

481 1934 678 1979 mundum,
704 1933 812 1982 fides'
842 1940 986 1968 nostra.
1033 1933 1203 1980 Oportet
1242 1940 1375 1967 autem
1409 1931 1448 1967 in
1482 1931 1787 1968 construccione

482 1990 703 2038 spiritualis
743 1990 861 2026 castri
903 1990 1021 2026 fidem
1062 2002 1290 2038 supponere
1329 1998 1365 2025 et
1405 2002 1494 2025 cum
1530 1989 1639 2025 omni
1672 1989 1786 2037 spiri-

480 2048 578 2084 tuali
612 2048 772 2084 edificio
805 2047 932 2096 ipsam
969 2048 1078 2096 erigi,
1118 2048 1211 2096 quia
1243 2047 1374 2083 nullus
1407 2046 1536 2083 viator
1569 2047 1785 2095 quicquam
1803 2050 1844 2082 30

481 2106 574 2142 boni
608 2105 763 2154 perficit
797 2105 827 2141 si
851 2118 929 2141 non
954 2105 1042 2149 fide,
1078 2115 1119 2141 ut
1142 2114 1250 2153 patet
1274 2106 1417 2141 Hebre.
1442 2106 1526 2150 X10‚
1555 2105 1622 2141 33:
1659 2105 1790 2141 Sancti

476 2164 684 2214 perfidem
711 2164 883 2200 vicerunt
905 2176 1028 2213 regna
1053 2172 1125 2199 etc.
1161 2166 1241 2199 Nec
1275 2171 1331 2198 est
1360 2162 1590 2199 resistencia
1622 2164 1784 2207 mundo,

482 2221 590 2258 carni
615 2221 694 2258 sive
720 2221 894 2265 diabolo,
919 2220 949 2257 si
974 2234 1054 2257 non
1082 2221 1176 2265 fide3
1201 2220 1290 2256 ideo
1315 2229 1445 2256 movet
1468 2221 1732 2268 Apostolus..
1752 2250 1784 2256 ..

482 2280 583 2328 quod
625 2280 744 2315 simus
787 2280 822 2315 in
876 2279 1048 2314 ommibus
1098 2286 1289 2315 sumentes
1339 2286 1487 2313 scutum
1528 2279 1638 2328 fidei.
1694 2279 1785 2314 Ideo

482 2337 684 2384 signanter
724 2336 819 2372 dicit
858 2337 1109 2384 Evangelista
1148 2337 1253 2384 quod
1293 2335 1460 2372 victoria
1500 2349 1578 2384 qua
1617 2337 1787 2371 mundus
1806 2339 1844 2371 35

482 2394 653 2430 vincitur
687 2403 744 2430 est
778 2394 874 2430 fides
908 2395 1084 2431 ecclesie.
1129 2396 1212 2430 Hec
1252 2402 1309 2429 est
1347 2406 1466 2429 causa
1499 2393 1710 2439 sufficiens,
1751 2402 1787 2429 et

484 2464 602 2487 causa
637 2451 899 2488 effectualiter
933 2453 1064 2488 hostes
1098 2451 1324 2500 spirituales
1349 2450 1587 2487 convincens
1611 2460 1667 2487 est
1691 2451 1787 2487 fides

483 2509 614 2557 posita
647 2509 686 2544 in
720 2509 874 2546 effectu.

554 2700 580 2726 ι’),
603 2700 696 2727 Cod.:
721 2701 902 2735 reciperunt.
996 2710 1020 2736 7.
1044 2702 1137 2729 Cod:
1161 2702 1229 2728 licet
1250 2702 1302 2728 sic.
1388 2702 1414 2727 8.
1435 2702 1502 2729 Joh.
1524 2701 1661 2736 sequitur
1681 2701 1788 2728 lacuna

485 2735 513 2762 in
536 2735 604 2762 cod.
691 2742 736 2762 20.
760 2736 852 2771 (goda
875 2735 1008 2762 alliciens.
1101 2745 1139 2764 ει.
1162 2736 1254 2764 Cod.:
1278 2737 1442 2763 mundana.
1534 2735 1575 2763 33.
1599 2735 1682 2763 eod:
1703 2737 1788 2770 Apo-

486 2769 582 2796 stolus
602 2770 629 2796 ΙΟ
648 2770 805 2804 (prim0213
827 2771 964 2804 sequitur
984 2772 1100 2798 lacuna.

553 2886 585 2918 9.
612 2875 636 2908 Ι.
662 2874 738 2908 Joh.
766 2875 819 2915 Ill,
850 2887 877 2908 2.
976 2887 1026 2917 27.
1055 2877 1077 2916 1,
1103 2876 1181 2908 Joh.
1203 2877 1244 2918 V,
1270 2889 1302 2918 4.
1401 2877 1455 2917 34.
1482 2875 1571 2919 Eph.
1593 2876 1650 2916 Vl,
1680 2874 1729 2908 16.
