1944 3323
92 240 165 275 158
666 249 889 280 JOHANNJS
910 250 1093 281 wvcmr
1112 251 1367 283 sERMONUM
1443 240 1595 296 [SERMO
1616 251 1680 278 xx.

110 361 175 405 nTov
194 360 328 398 dawise¹
430 353 546 390 Circa
580 354 680 390 hanc
713 354 923 402 epistolam
958 357 1178 392 notandum
1205 359 1311 406 quod
1345 371 1532 406 spernere
1565 372 1680 396 evan-

92 396 349 457 ᾗῖξῗῆξοιῖζὲιξῇὲζ
371 411 515 458 gelium
550 411 629 448 sive
662 412 872 460 epistolam
907 421 964 448 est
996 413 1196 450 infinitum
1231 415 1388 463 gravius
1421 429 1540 464 quam
1574 430 1680 465 sper-

113 466 290 527 ῑθῇἓῖῇῑζξ
306 473 321 491 ²¹
370 481 464 505 nere
487 469 725 517 scripturam
752 470 1024 519 cuiuscunque
1043 473 1185 520 prelati
1201 473 1354 519 cesarii,
1372 473 1464 522 quia
1480 474 1677 511 infinitum

143 510 296 561 inundate.
373 526 535 563 maioris
568 527 833 574 auctoritatis,
867 528 1051 565 utilitatis
1085 539 1122 566 et
1151 530 1396 577 subtilitatis,
1429 545 1566 579 ymmo
1590 545 1678 569 cum

371 584 570 632 scriptura
609 597 722 621 sacra
763 585 812 621 sit
851 585 982 634 posita
1021 587 1060 622 in
1099 587 1293 625 limitibus
1333 602 1433 637 quos
1471 603 1552 626 non
1590 590 1714 626 licet5

371 644 573 689 accedere,
614 651 723 690 patet
757 645 864 692 quod
903 654 1114 693 acceptare
1153 659 1276 683 unum
1317 647 1598 695 oppositorum
1632 648 1681 684 sit

371 713 559 748 spernere
604 700 816 749 reliquum,
863 711 972 749 patet
1011 705 1119 751 quod
1164 704 1300 741 omnia
1338 705 1435 741 talia
1471 707 1681 754 prophana

371 758 547 794 corditer
585 767 676 794 sunt
715 762 952 807 spernenda.
998 762 1047 797 Et
1087 762 1159 798 hec
1198 762 1307 799 racio
1341 775 1464 810 quare
1506 765 1682 800 detestor

369 816 492 852 vitam
526 824 563 852 et
597 816 702 853 dicta
736 818 784 854 de
816 817 979 866 prelatis
1012 819 1173 855 cesariis
1206 829 1242 856 et
1275 819 1439 868 privatis
1472 821 1680 869 religiosiS.

371 874 481 910 Sicut
535 873 639 910 enirn
693 874 761 911 illa
806 877 885 913 duo
930 888 1076 923 genera
1123 877 1293 914 maxime
1339 880 1739 927 persequebantur-10

83 932 346 982 si1clhwrnnnaa1tes
371 931 574 968 Christum
618 933 829 969 mortalem
870 933 911 970 in
949 934 1029 971 vita
1069 944 1105 972 et
1147 935 1339 981 moribus,
1385 936 1440 973 sic
1485 938 1556 973 hec
1602 939 1681 973 duo

88 970 349 1036 opsslssssegntianthe
371 1002 515 1037 genera
549 990 668 1027 hodie
702 991 873 1028 maxime
907 1002 1202 1041 persequuntur
1233 994 1443 1030 veritatem
1484 1007 1553 1031 sue
1592 995 1681 1031 reli-

152 1037 279 1071 GOEW·
372 1048 500 1095 gionis
539 1057 576 1084 et
614 1061 685 1096 per
725 1062 973 1098 consequens
1006 1051 1210 1088 Christum
1250 1051 1432 1088 omnium
1471 1052 1681 1089 dominum

372 1106 451 1142 iam
484 1115 731 1154 regnantem.
766 1109 866 1144 Nam
900 1109 988 1144 Joh.
1021 1110 1106 1155 XIO,
1131 1122 1198 1157 47,
1223 1111 1275 1156 48
1309 1110 1516 1147 scribitur:
1556 1111 1679 1147 Colle-

370 1172 514 1214 gerunt
541 1165 744 1214 pontifices
775 1173 811 1201 et
836 1166 1016 1214 pharisei
1045 1168 1243 1204 consilium
1276 1169 1466 1205 adversus
1486 1169 1615 1205 Jesum
1648 1176 1682 1205 et
1702 1171 1738 1204 15

371 1222 564 1258 dicebant:
592 1223 893 1271 Quz'dfacimzts,
916 1225 1001 1273 quia
1026 1225 1085 1261 lzic
1117 1226 1229 1262 homo
1262 1227 1381 1263 multa
1413 1227 1526 1277 signa
1547 1227 1682 1275 facit?

369 1280 404 1315 si
434 1280 658 1316 dimittimus
696 1293 780 1316 eum
819 1281 885 1328 sic,
924 1294 1054 1319 omnes
1093 1284 1251 1320 credent
1281 1285 1317 1320 in
1350 1297 1433 1321 eum
1467 1292 1502 1320 et
1535 1285 1681 1321 venient

370 1338 537 1373 Romani
583 1346 618 1374 et
668 1339 801 1375 tollent
844 1347 1018 1376 nostrum
1063 1341 1187 1377 Iocum
1232 1349 1266 1378 et
1308 1350 1474 1392 gentem.
1525 1344 1574 1378 Et
1615 1344 1680 1379 Jo-

370 1395 513 1431 hannis
537 1397 639 1442 XII0,
672 1409 716 1443 19
752 1396 934 1434 dixerunt
958 1398 1133 1446 pharisei
1157 1400 1207 1436 ad
1230 1409 1355 1436 semet
1379 1400 1505 1448 ipsos:
1538 1400 1679 1436 Videtis

369 1453 455 1501 quia
489 1454 606 1490 nichil
630 1455 892 1504 proficimus?
923 1468 1007 1492 ecce
1039 1464 1140 1493 totus
1172 1458 1338 1494 mundus
1354 1465 1445 1507 post
1468 1470 1550 1494 eum
1574 1458 1676 1494 abiit.
1696 1471 1738 1492 20

369 1513 450 1547 Nec
484 1511 650 1548 dubium
685 1512 781 1561 quin
812 1513 970 1560 gravius
1003 1514 1052 1550 sit
1086 1514 1204 1551 hodie
1237 1524 1318 1552 tam
1353 1515 1511 1564 spissim
1536 1528 1679 1564 repug-

369 1581 464 1605 nare
496 1569 654 1606 veritati
688 1570 892 1618 religionis
925 1571 1078 1608 domini
1101 1572 1180 1609 iam
1206 1573 1423 1622 regnantis,
1458 1573 1548 1610 ideo
1571 1582 1679 1610 totus

371 1629 543 1663 mundus
576 1627 801 1665 intenderet
833 1629 960 1677 legem
996 1630 1144 1667 Christi
1183 1630 1223 1667 in
1263 1631 1342 1668 suis
1381 1631 1577 1668 limitibus
1610 1633 1679 1668 ob-

369 1698 538 1731 servare,
574 1695 610 1722 et
644 1687 771 1723 clerus
805 1686 933 1724 fidelis
966 1688 1193 1736 specialiter
1225 1689 1387 1726 racione
1420 1698 1457 1726 et
1479 1689 1679 1738 scriptura

93 1742 336 1805 Hsswfflsssljlitf'
369 1743 619 1780 adversarios
664 1744 931 1793 impugnaret.
985 1748 1033 1782 Et
1078 1747 1149 1782 hec
1194 1747 1303 1784 racio
1350 1760 1473 1796 quare
1513 1747 1675 1796 quidam
1698 1750 1735 1781 25

114 1787 234 1846 {figihst
255 1787 311 1839 iffa}
369 1802 567 1838 seculares
599 1810 808 1851 tamquam
832 1804 932 1839 alter
955 1803 1226 1841 Nichodemus
1259 1807 1327 1841 sed
1360 1805 1480 1841 nimis
1513 1805 1677 1842 remisse

143 1849 289 1910 prlciagers:
370 1868 406 1896 et
439 1860 559 1896 tacite
592 1859 828 1908 impugnant
862 1862 933 1897 hec
967 1862 1046 1897 duo
1078 1874 1223 1909 genera
1257 1872 1294 1899 et
1326 1863 1479 1911 primos
1512 1875 1582 1911 per
1616 1875 1677 1899 ex-

111 1914 327 1965 dis,¹‘fss³{?di¹¹g
371 1917 757 1954 communicacionis
802 1931 870 1955 sue
915 1920 1242 1966 detestacionem,
1296 1922 1493 1957 secundos
1543 1929 1675 1957 autem

105 1954 327 2019 iiiiihigiittigiils
370 1988 440 2023 per
472 1975 822 2024 appropriacionis
854 1989 922 2013 sue
954 1977 1239 2025 temporalium
1281 1978 1600 2015 destruccionem
1641 1987 1677 2015 et

110 2023 329 2092 xxitli’driiiiing
371 2033 685 2070 mendicacionis
730 2035 962 2082 blaspheme
1007 2035 1342 2073 declaracionem.
1389 2038 1470 2073 Nec
1510 2036 1675 2072 dubium
1695 2039 1735 2070 30

108 2135 118 2142 Ἰ
179 2092 266 2143 ιῂεῑι-Ἰ
309 2136 317 2140 Ἰ
369 2091 477 2139 quin,
512 2091 613 2128 sicut
646 2092 857 2140 pontifices
891 2101 972 2129 tam
997 2102 1113 2130 acute
1136 2094 1335 2142 persecuti
1359 2103 1450 2130 sunt
1473 2094 1676 2131 Christum

105 2128 329 2154 mmmmm&
369 2158 406 2185 et
455 2149 536 2185 eius
584 2149 844 2196 sentenciam,
891 2150 984 2199 quia
1037 2152 1276 2188 contradixit
1321 2165 1459 2189 eorum
1505 2152 1677 2189 avaricie

368 2216 487 2255 atque
520 2207 717 2255 superbie,
751 2208 807 2244 sic
840 2208 1050 2256 pontifices
1084 2218 1121 2246 et
1154 2209 1297 2257 prelati
1331 2210 1513 2246 moderni
1546 2222 1677 2258 perse-

369 2274 535 2312 quentes
568 2278 718 2313 paucos
757 2279 953 2314 pauperes
993 2267 1241 2304 conformem
1282 2267 1551 2315 evangelicam
1591 2280 1677 2304 sen-

367 2322 540 2359 tenciam
592 2323 854 2371 publicantes,
909 2324 1095 2361 timentes
1147 2325 1221 2361 sibi
1267 2326 1438 2362 maxime
1482 2338 1531 2362 ne
1575 2325 1676 2361 forte
1695 2328 1733 2360 35

366 2380 528 2417 veniant
562 2381 732 2417 Romani
773 2381 918 2418 milites
957 2391 993 2418 et
1033 2383 1232 2419 seculares
1271 2383 1425 2419 domini
1464 2393 1501 2420 et
1533 2384 1676 2419 tollant

368 2438 663 2486 possessionem
703 2451 842 2475 eorum
884 2448 1003 2488 atque
1042 2440 1267 2477 dominium
1309 2450 1346 2477 et
1385 2450 1674 2489 consequenter

367 2505 525 2543 gentem
558 2505 639 2532 tam
675 2498 722 2533 de
755 2497 835 2533 suis
869 2497 1048 2545 partibus
1081 2511 1201 2546 quam
1226 2498 1483 2535 servitoribus
1508 2498 1562 2535 eis
1585 2500 1676 2534 sub-
1694 2525 1763 2555 Fol.

367 2553 525 2590 iectam.
560 2557 640 2590 Nec
664 2563 795 2602 potest
819 2555 902 2592 sine
926 2555 1066 2603 grandi
1095 2552 1099 2608 Ι
1130 2555 1325 2593 miraculo
1349 2566 1430 2593 tam
1455 2556 1673 2593 inveterata
1692 2569 1771 2602 Ἐρῶ·

368 2610 580 2647 infirmitas
605 2612 771 2649 aboleri.
807 2613 916 2649 Licet
940 2622 1073 2650 autem
1098 2615 1316 2650 secundum
1343 2614 1517 2662 primum
1551 2626 1673 2662 genus
1688 2626 1732 2657 40

367 2669 548 2716 parcium
593 2669 828 2706 Antichristi
883 2671 983 2708 foret
1035 2671 1236 2708 medicina
1289 2672 1468 2709 theorica
1518 2672 1674 2708 auferre

436 2834 459 2863 3.
477 2837 571 2864 (inda
593 2836 644 2871 qui
666 2837 829 2864 infinitum.
892 2846 916 2872 7.
936 2838 1030 2865 C‹›d.:
1053 2839 1188 2866 relicum.
1253 2847 1293 2872 η,
1312 2839 1346 2866 15.
1364 2840 1458 2866 Cod.:
1481 2839 1671 2873 colligerunt.

367 2879 405 2905 17.
428 2871 521 2898 Com:
543 2874 680 2898 credunt.
754 2872 797 2900 23.
819 2880 864 2906 24.
887 2874 981 2899 coda
1003 2874 1167 2900 observare
1188 2874 1284 2900 twice.
