1944 3323
100 250 180 285 214
662 248 886 280 JOHANNIS
904 247 1089 279 WYCLIF
1109 247 1365 279 SERMONUM
1391 232 1544 290 [SERMO
1560 242 1699 270 XXVIII-

387 355 604 392 adveniunt
624 364 660 391 et
679 355 718 390 in
738 353 1048 402 comparacione
1068 355 1117 389 ad
1142 353 1438 389 habitacionem
1464 361 1700 401 perpetuam

388 413 558 450 civitatis
592 412 747 449 celestis
781 412 819 447 in
852 412 966 448 valde
1000 411 1107 447 brevi
1140 420 1323 459 tempore
1357 411 1632 447 inconstanter
1666 420 1702 447 et

387 484 486 508 vane
510 479 767 507 concurrunt.
799 471 892 506 ldeo
915 469 1119 517 signanter
1141 478 1257 505 vocat
1282 481 1348 505 eos
1364 471 1503 505 Petrus
1533 469 1703 505 advenas

388 537 423 566 et
456 529 702 579 peregrinos.
743 528 903 564 Advene
942 528 1119 564 secundo
1159 535 1299 564 cavent
1343 539 1391 563 ne
1437 526 1701 563 hereditatem

388 588 449 623 vel
487 586 782 634 possessionem
822 595 1060 633 perpetuam
1100 585 1205 621 ultra
1239 584 1446 633 indigenas
1479 584 1553 621 sibi
1587 585 1737 621 ‘decu-5

390 645 553 690 minent,
600 643 693 692 quia
737 642 793 679 sic
840 643 941 680 inter
984 643 1090 691 ipsos
1137 651 1173 679 et
1217 643 1370 690 priores
1409 652 1513 679 terre
1552 642 1704 679 incolas

389 711 650 751 generaretur
689 701 856 747 invidia3
898 710 934 738 et
974 702 1045 737 hec
1085 709 1141 737 est
1176 700 1285 737 racio
1319 713 1442 749 quare
1474 702 1704 737 sacerdotes

389 773 471 797 non
511 761 655 796 debent
694 759 734 795 in
773 768 911 796 nostra
952 758 1161 796 habitabili
1196 758 1404 806 proprium
1438 760 1507 795 sed
1540 760 1589 795 ad
1622 771 1703 795 ser-

389 819 540 856 vandas
593 816 869 865 possessiones
922 817 1165 865 temporales
1217 817 1430 853 mundanis
1475 816 1704 853 hominibus

391 878 535 913 debent
553 884 595 911 ut
615 877 764 911 advene
789 876 994 912 hortantes
1018 876 1067 911 ad
1091 874 1293 911 civitatem
1318 874 1472 911 celestis
1485 875 1704 911 Jerusalem
1725 885 1764 907 10

391 933 568 982 evagari3
613 945 686 970 nec
733 933 933 981 peregrini
978 941 1068 969 sunt
1106 932 1267 969 solliciti
1308 933 1354 968 de
1398 932 1624 969 nutricione
1669 941 1706 968 et

391 991 609 1030 ornacione
642 991 701 1027 sui
735 991 916 1039 corporis
949 992 1016 1027 sed
1047 999 1241 1039 quantum
1276 990 1393 1038 exigit
1426 999 1462 1027 et
1496 998 1706 1039 promovet

392 1050 608 1087 necessitas
640 1049 701 1086 vie
733 1062 814 1085 sue.

157 1123 223 1150 0111·
245 1122 326 1157 body
451 1107 822 1156 Proporcionaliter
881 1116 1014 1144 autem
1069 1108 1211 1143 debent
1264 1106 1418 1143 viantes
1478 1115 1514 1142 et
1573 1105 1707 1142 clerici

124 1157 361 1224 *Sho‘ssssslffhboesstgf
394 1165 621 1215 specialiter
670 1174 945 1202 transcurrere
996 1174 1204 1213 tamquam
1256 1177 1376 1212 super
1426 1173 1588 1213 pontem
1634 1165 1764 1212 pro15

142 1226 339 1274 undergood
394 1224 502 1262 brevi
553 1223 748 1272 temporis
803 1222 1029 1259 meditullio
1083 1222 1198 1259 istam
1254 1222 1379 1267 viam3
1433 1222 1548 1259 aliter
1602 1221 1705 1258 enim

175 1262 304 1289 conuol.
395 1282 643 1330 contingeret
682 1283 728 1318 de
769 1280 875 1318 facili
913 1280 1107 1318 viatorem
1146 1280 1344 1316 substerni
1391 1288 1474 1316 tam
1520 1281 1568 1316 de
1613 1280 1707 1316 selle

394 1340 569 1378 culmine
602 1352 721 1388 quam
757 1341 804 1375 de
838 1352 953 1387 equo.
987 1339 1132 1375 Anima
1165 1338 1269 1374 enim
1301 1338 1514 1374 dominans
1547 1338 1708 1386 corpori

394 1400 514 1435 habet
567 1397 641 1434 sibi
686 1397 760 1445 ipsi
806 1396 1008 1433 subditum
1057 1406 1266 1445 tamquam
1313 1409 1478 1444 equum3
1525 1397 1632 1444 quod
1676 1396 1707 1432 si

395 1457 539 1493 habeat
591 1456 751 1492 culmen
794 1455 1001 1500 virtutum,
1054 1454 1093 1490 in
1137 1454 1282 1490 virtute
1334 1453 1554 1502 appetitiva
1598 1455 1766 1490 sedet20

395 1514 577 1562 superius
609 1522 652 1549 ut
675 1513 715 1549 in
747 1513 862 1559 sella3
897 1512 1027 1549 carnis
1061 1521 1194 1549 autem
1229 1511 1457 1560 petulancia
1490 1511 1708 1560 prosternit

396 1585 607 1621 personam
650 1571 824 1608 hominis
863 1572 911 1607 ab
944 1579 1135 1619 utroque3
1175 1570 1265 1606 ideo
1299 1569 1394 1606 dicit
1428 1571 1567 1606 Petrus
1600 1571 1707 1618 quod

397 1630 573 1667 carnalia
607 1629 803 1666 desideria
838 1629 1004 1665 militant
1034 1630 1224 1665 adversus
1255 1628 1435 1664 animam.
1470 1630 1569 1664 Sunt
1603 1627 1704 1664 enim

397 1688 500 1725 inter
531 1688 696 1724 virtutes
730 1696 766 1723 et
806 1686 983 1723 carnalia
1016 1686 1213 1723 desideria
1253 1686 1365 1734 quasi
1405 1685 1634 1731 hastiludia,
1668 1685 1708 1721 in

398 1746 542 1795 quibus
581 1754 754 1794 oportet,
794 1746 881 1792 plus
921 1758 1040 1793 quam
1081 1745 1121 1780 in
1166 1743 1240 1780 hiis
1284 1743 1387 1780 ludis
1431 1743 1708 1791 corporalibus
1726 1743 1764 1775 25

399 1816 537 1841 cavere
576 1805 623 1840 de
663 1803 843 1851 corporis
881 1802 1045 1848 lesione,
1092 1815 1113 1838 a
1152 1801 1301 1838 lesione
1339 1801 1537 1850 spirituali
1577 1801 1709 1838 anime

399 1874 625 1910 precavere.
672 1862 825 1897 Debent
865 1860 969 1896 enim
1011 1860 1064 1896 hii
1104 1859 1332 1907 spirituales
1373 1859 1518 1895 milites
1551 1871 1708 1895 servare

400 1929 559 1956 strenue
598 1932 672 1967 pro
712 1927 896 1967 tempore
935 1918 1050 1954 huius
1091 1917 1237 1954 milicie
1270 1926 1423 1965 strepas
1457 1930 1566 1962 suas:
1600 1918 1707 1965 quod

401 1978 456 2023 fit,
496 1978 658 2026 quando
697 1977 1029 2013 conversacionem
1068 1989 1176 2011 suam
1215 1976 1315 2011 inter
1350 1975 1515 2025 gentiles
1552 1983 1708 2011 servant

400 2036 435 2071 in
473 2043 573 2071 statu
614 2035 792 2070 honitatis
832 2034 1013 2079 moralis,
1061 2043 1098 2070 et
1137 2046 1206 2082 per
1251 2045 1511 2082 consequens,
1546 2034 1708 2081 quando
1725 2032 1767 2064 30

402 2094 548 2130 habent
581 2092 851 2128 intencionem
894 2091 1025 2128 divine
1063 2091 1188 2139 glorie
1221 2100 1263 2127 ut
1296 2100 1471 2139 strepam
1506 2092 1707 2127 dexteram

402 2160 438 2187 et
471 2150 739 2186 intencionem
776 2149 989 2186 edificandi
1022 2149 1230 2185 ecclesiam
1271 2157 1312 2184 ut
1345 2148 1559 2185 sinistram.
1604 2147 1710 2184 Finis

403 2217 535 2245 autem
572 2219 820 2255 consequens
853 2207 971 2243 istam
1007 2207 1195 2243 miliciam
1233 2215 1289 2242 est
1312 2214 1351 2242 ut
1371 2207 1535 2256 gentiles
1567 2206 1606 2242 in
1639 2219 1710 2242 suo

402 2278 537 2302 errore
581 2266 720 2301 talibus
765 2265 858 2300 viris
901 2265 1134 2315 evangelicis
1178 2265 1421 2300 detrahentes
1464 2272 1554 2311 post
1597 2276 1708 2300 suam

404 2322 755 2360 conversacionem
792 2322 1013 2373 glor-ficem
1051 2323 1175 2358 Deum
1210 2322 1276 2369 qui
1311 2322 1418 2358 dedit
1457 2322 1577 2357 talem
1618 2334 1711 2357 con·
1727 2321 1766 2354 35

403 2381 598 2418 stanciam
624 2381 746 2417 servis
771 2380 864 2417 suis.
889 2382 976 2416 Hoc
1000 2379 1105 2416 enim
1130 2379 1207 2425 fiet,
1232 2381 1393 2428 quando
1417 2381 1522 2415 Deus
1547 2379 1711 2414 visitabit

402 2439 576 2475 viventes
616 2438 816 2486 gentiliter
863 2440 913 2474 ad
958 2438 1076 2474 fidem
1123 2437 1287 2474 ecclesie
1332 2438 1634 2483 convertendos,
1674 2444 1710 2472 et

404 2496 569 2533 omnino
604 2498 765 2545 quando
789 2499 893 2532 Deus
927 2495 1099 2532 finaliter
1130 2495 1323 2532 iudicabit
1356 2496 1431 2532 hoc
1463 2495 1639 2531 seculum
1674 2503 1710 2530 et

403 2554 620 2603 unicuique
645 2556 871 2591 mercedem
896 2553 1101 2602 propriam
1127 2566 1200 2601 pro
1223 2566 1292 2590 sua
1318 2553 1466 2590 milicia
1489 2552 1709 2601 adaptabit.

472 2722 501 2747 4.
523 2712 673 2743 secundo:
695 2713 780 2739 cod.:
804 2717 836 2738 110
856 2712 977 2745 (vei-01³).
1034 2713 1059 2738 S.
1083 2720 1142 2738 non
1165 2712 1285 2740 debent,
1308 2720 1365 2738 sc.:
1388 2711 1508 2739 habere.
1566 2718 1598 2737 11.
1616 2710 1710 2738 Cod.:

406 2747 534 2782 peregri.
626 2755 664 2781 ¹7⁷
688 2747 726 2774 18.
750 2746 843 2773 Cod.:
866 2747 937 2773 celle
957 2746 1100 2773 culmine.
1197 2754 1236 2774 21.
1258 2746 1350 2773 Cod.:
1373 2746 1456 2773 cella.
1546 2745 1593 2772 26.
1615 2745 1710 2772 Cod.:

405 2787 538 2809 cavetur.
613 2789 655 2815 27.
678 2781 772 2808 Cod.:
795 2786 926 2808 servant.

475 2865 528 2898 23.
554 2865 578 2897 Ι.
604 2864 693 2896 Petri
721 2865 759 2905 11,
785 2875 833 2896 11.
931 2863 982 2895 33.
1012 2863 1056 2895 ib.
1081 2873 1130 2895 12.
