1944 3323
202 253 338 283 sssRmo
358 240 444 300 xv]
687 253 866 287 TERTIA
894 255 1019 287 PARs.

201 364 308 413 quod
349 362 581 399 caritativus
621 363 767 398 habeat
809 361 1070 398 condiciones
1109 361 1285 399 sedecim
1324 362 1517 409 caritatis,

201 421 294 471 quia
328 420 444 457 aliter
478 419 626 469 decipit
658 432 698 456 se
732 420 861 468 ipsum
900 420 1167 466 mendaciter3
1213 420 1305 457 ideo
1343 421 1517 458 sciamus

201 480 308 529 quod
343 480 537 516 habemus
569 478 742 515 iudicem
783 478 1034 527 superiorem
1069 478 1136 528 qui
1175 490 1248 515 nec
1288 479 1328 516 in
1367 479 1518 517 noticia

200 550 274 576 nec
306 538 346 574 in
378 537 528 574 iudicio
562 536 644 573 falli
679 536 828 585 poterit
860 537 921 573 vel
953 537 1150 574 frustrari.

169 597 184 630 5
258 598 374 633 Nona
404 595 524 632 vestis
558 603 615 632 est
642 607 729 645 pax
759 607 853 632 vera
886 595 1065 632 exultans
1098 595 1138 632 in
1171 607 1312 644 pacem
1347 595 1519 632 amanti-

201 656 286 692 bus.
333 655 501 691 Constat
543 653 705 702 quidem
747 666 789 690 ex
829 653 928 690 locis
967 653 1166 703 scripture
1205 655 1313 703 quod
1352 653 1518 691 nomina

200 713 393 750 virtutum
429 721 466 749 et
499 711 669 749 aliarum
704 712 928 748 formarum
969 713 1264 749 abstractarum
1305 720 1519 748 sumuntur

202 770 380 809 crebrius
413 783 487 819 pro
510 769 714 815 subiectis,
749 778 792 806 ut
814 771 1033 819 Apostolus
1056 770 1285 807 describens
1309 770 1519 807 caritatem

202 829 375 878 imponit
428 829 602 866 sedecim
656 828 915 865 condiciones
969 841 1046 878 que
1098 828 1288 866 subiectis
1342 828 1520 866 caritatis

146 900 185 922 10
201 889 346 925 debent
379 896 622 936 competere,
657 895 694 924 et
724 887 985 924 conformiter
1017 887 1057 924 in
1090 887 1301 936 proposito
1335 888 1430 923 dum
1463 886 1520 924 sic

201 946 316 983 dicit:
362 946 414 982 Et
447 958 534 996 pax
571 945 720 982 Christi
755 946 902 982 exultet
940 945 976 981 in
1015 946 1198 982 cordibus
1244 946 1396 991 vestris,
1443 946 1520 982 hoc

199 1013 270 1051 est,
304 1004 439 1053 gignat
471 1004 511 1040 in
543 1003 656 1040 vobis
689 1003 995 1050 exultacionem,
1029 1012 1097 1040 aut
1128 1016 1198 1040 vos
1222 995 1290 1052 qui
1323 1003 1416 1040 estis
1438 1004 1520 1040 veri

201 1062 360 1112 pacifici
395 1062 589 1099 exultetis.
624 1061 841 1098 Evidencia
874 1070 1008 1099 autem
1034 1074 1110 1111 que
1134 1070 1313 1099 moveret
1336 1063 1386 1098 ad
1409 1061 1520 1110 pacis

200 1120 462 1159 concordiam
496 1129 553 1157 est
576 1120 742 1157 vocacio
766 1133 845 1169 qua
866 1129 1034 1157 vocatur
1057 1120 1226 1157 ecclesia
1250 1128 1287 1157 et
1309 1119 1521 1157 ordinatur

147 1181 222 1217 15a
256 1179 431 1216 Domino
467 1191 550 1216 esse
584 1192 708 1215 unum
751 1191 897 1227 corpus
938 1178 1165 1224 misticum;
1207 1179 1297 1215 ideo
1338 1180 1521 1215 membra

200 1238 357 1287 singula
403 1239 549 1274 debent
594 1238 814 1274 secundum
859 1238 987 1286 legem
1026 1246 1170 1274 nature
1207 1236 1339 1286 primo
1378 1246 1520 1274 mutuo

201 1309 241 1333 se
274 1296 424 1333 iuvare.
460 1296 582 1333 Racio
616 1304 750 1332 autem
785 1295 980 1333 naturalis
1014 1308 1090 1345 que
1112 1296 1235 1332 talem
1259 1307 1401 1344 pacem
1426 1308 1520 1332 con-

203 1356 382 1392 cluderet
428 1363 465 1391 et
510 1354 731 1391 auctoritas
776 1354 897 1402 primi
936 1354 1112 1391 auctoris
1153 1367 1243 1391 cum
1284 1366 1356 1390 suo
1397 1366 1519 1402 opere

202 1413 320 1450 istam
361 1425 501 1462 pacem
542 1413 583 1449 in
625 1412 815 1449 membris
849 1413 1032 1461 corporis
1066 1412 1215 1449 Christi
1249 1411 1517 1458 convinceret,

145 1484 186 1505 20
203 1472 293 1508 ideo
339 1471 497 1519 signum
554 1470 899 1508 evidentissimum
954 1480 1011 1508 est
1056 1472 1165 1519 quod
1208 1483 1290 1507 non
1334 1479 1426 1507 sunt
1472 1472 1519 1507 de

203 1542 374 1578 corpore
408 1529 555 1565 Christi
597 1529 663 1578 qui
708 1542 789 1565 non
835 1529 1006 1577 diligunt
1050 1529 1166 1566 istam
1214 1541 1368 1577 pacem.
1417 1530 1519 1566 Cum

203 1588 308 1625 enim
349 1596 510 1636 oportet
549 1587 687 1624 onmia
725 1586 874 1624 Christi
918 1588 1100 1624 membra
1145 1599 1229 1624 esse
1273 1587 1347 1623 sibi
1391 1595 1518 1635 grata,

201 1646 288 1695 ipse
321 1654 455 1683 autem
489 1655 570 1682 tam
597 1647 738 1683 crebro
763 1647 1023 1682 commendat
1047 1657 1188 1693 pacem
1214 1645 1294 1682 suis
1318 1645 1518 1691 fidelibus,

202 1713 312 1753 patet
345 1717 390 1741 ex
422 1705 508 1752 lege
546 1704 802 1751 gratitudinis
837 1716 914 1752 qua
958 1705 1196 1740 mandatum
1236 1712 1319 1740 tam
1359 1704 1443 1740 leve
1482 1712 1519 1739 et

145 1765 185 1797 25
202 1763 298 1799 utile
336 1762 463 1799 nostri
502 1762 683 1810 magistri
723 1771 760 1798 et
793 1761 948 1798 domini
981 1774 1231 1799 servaremus
1266 1762 1375 1810 quod
1406 1761 1518 1798 illam

202 1833 343 1870 pacem
369 1820 666 1857 custodiremus
684 1833 804 1869 quam
822 1820 1019 1857 Dominus
1043 1820 1178 1856 taliter
1199 1819 1315 1856 nobis
1340 1821 1519 1856 mandat.

259 1879 426 1916 Decima
458 1878 577 1915 vestis
616 1891 776 1927 semper
814 1878 1040 1915 necessaria
1078 1878 1280 1915 viantibus
1320 1886 1378 1914 est
1411 1879 1520 1926 quod

203 1939 361 1974 verbum
400 1937 551 1974 Christi
587 1938 730 1974 habitet
768 1937 803 1972 in
843 1938 896 1973 eis
934 1938 1216 1973 habundanter.
1270 1937 1372 1973 Cum
1413 1936 1519 1973 enim

201 1996 384 2033 Christus
409 1995 458 2032 sit
481 1996 626 2032 veritas
648 1997 748 2041 (Joh.
773 1996 892 2041 XV0)‚
924 1996 1091 2032 verbum
1124 2008 1239 2032 suum
1274 2007 1356 2031 non
1388 2003 1521 2042 potest

145 2056 186 2089 30
201 2055 372 2091 deficere
387 2067 460 2091 nec
474 2054 612 2090 fallere
636 2055 866 2090 credentem
891 2053 931 2090 in
954 2053 1100 2102 ipsum.
1124 2055 1218 2090 Ideo
1233 2053 1517 2098 Joh.VIIIO,46

201 2113 365 2150 dicitur:
407 2113 450 2148 Si
488 2113 688 2148 veritatem
723 2112 807 2148 dico
847 2113 965 2157 vobis,
998 2124 1118 2161 quare
1157 2124 1225 2148 vos
1257 2124 1329 2147 non
1362 2112 1520 2147 creditis

200 2171 346 2208 michi?
383 2170 507 2208 Racio
541 2179 674 2207 autem
699 2170 829 2207 tocius
862 2169 1136 2218 perversitatis
1170 2169 1335 2206 ecclesie
1368 2178 1446 2206 stat
1478 2169 1519 2206 in

199 2230 276 2266 hoc
300 2230 407 2278 quod
439 2230 604 2265 verbum
637 2228 785 2266 Christi
818 2241 899 2265 non
932 2228 1088 2265 habitat
1120 2228 1159 2264 in
1192 2227 1273 2265 suis
1307 2227 1519 2274 membris3

199 2287 354 2324 habitat
387 2296 521 2324 autem
553 2288 719 2323 verbum
755 2287 903 2324 Christi
937 2286 976 2323 in
1015 2286 1193 2332 homine,
1227 2287 1390 2334 quando
1424 2298 1521 2322 aure

143 2348 183 2381 35
200 2347 342 2383 devote
376 2345 610 2394 percipitur,
650 2345 690 2381 in
730 2345 927 2382 memoria
967 2345 1179 2393 diligenter
1217 2344 1450 2381 reconditur
1483 2352 1521 2380 et

201 2404 373 2441 fideliter
411 2403 451 2439 in
490 2415 611 2451 opere
656 2403 914 2452 adimpletur,
955 2412 998 2439 ut
1041 2412 1152 2451 patet
1193 2405 1299 2440 Luce
1330 2404 1438 2439 ΧῙΙΙΙΟ
1472 2403 1520 2438 de

199 2462 353 2499 semine
384 2461 495 2498 verbi
519 2461 610 2507 Dei3
643 2463 749 2498 unde
782 2461 849 2510 qui
882 2461 1155 2510 perfunctorie
1188 2461 1330 2509 recipit
1353 2461 1519 2497 verbum

201 2520 273 2557 Dei
307 2520 347 2557 in
380 2532 501 2568 opere
535 2519 618 2556 eius
651 2519 786 2556 sensui
819 2519 1074 2565 contradicit,
1115 2518 1283 2555 obaudit
1316 2519 1449 2567 ipsum
1483 2527 1521 2555 et

200 2591 282 2615 non
314 2578 464 2623 obedit,
497 2578 558 2614 vel
591 2577 703 2614 audit
736 2579 786 2614 ad
818 2590 979 2614 sensum
1005 2577 1152 2614 Christi
1185 2589 1257 2625 per
1278 2578 1519 2625 Apostolum

269 2734 298 2759 Δι.
320 2724 416 2752 Cod.:
440 2724 511 2751 falli.
612 2723 637 2751 5.
659 2723 693 2751 In
715 2732 829 2758 marga:
850 2724 941 2751 Nona
961 2724 1066 2751 vestis.
1167 2724 1194 2750 ὁ.
1218 2723 1312 2751 Cod.:
1335 2723 1461 2760 quidam
1483 2730 1519 2748 ex

200 2761 276 2787 loca.
333 2768 361 2795 9.
378 2759 473 2786 Cod.:
496 2758 553 2786 sibi
574 2759 613 2789 (εἰ)
628 2758 840 2786 condiciones.
898 2767 939 2787 10.
955 2759 1050 2787 Cod.:
1066 2759 1177 2786 debent
1194 2763 1304 2794 petere.
1363 2764 1403 2785 10.
1421 2757 1515 2784 Cod.:

202 2795 310 2830 prime.
379 2802 423 2830 27.
444 2794 478 2821 In
500 2801 612 2826 marga
635 2793 761 2821 Decima
781 2794 883 2821 vestis.

273 2901 322 2922 11.
350 2890 428 2922 Col.
458 2890 511 2931 111,
535 2889 585 2921 15.
685 2888 737 2921 28.
764 2889 812 2923 ib.
834 2888 884 2922 16.

1734 260 1808 296 1¹9

1539 613 1567 641 9.
1588 605 1656 633 The
1676 607 1810 634 exultant

1551 649 1643 677 peace
1663 642 1698 669 ot*
1716 641 1796 669 God.

1563 1073 1657 1109 Unity
1678 1074 1713 1101 of
1729 1074 1779 1101 the

1552 1108 1676 1136 Church
1697 1109 1723 1136 is
1743 1109 1793 1136 the

1547 1143 1628 1171 hond
1650 1143 1685 1171 of
1702 1152 1803 1180 peace⁴

1557 1891 1741 1925 Indwclling
1761 1892 1796 1919 of

1569 1927 1619 1953 the
1640 1926 1726 1953 word
1747 1926 1782 1954 of

1614 1961 1730 1996 Christ,

1540 2181 1641 2209 which
1663 2186 1745 2210 must
1766 2183 1802 2210 be

1541 2217 1679 2244 received
1702 2217 1731 2245 in
1751 2218 1801 2245 the

1642 2260 1704 2288 ear,

1553 2416 1613 2444 laid
1636 2425 1675 2452 up
1696 2415 1727 2443 in
1749 2416 1798 2443 the

1598 2459 1751 2487 memory,

1548 2533 1674 2561 fulfilled
1697 2533 1729 2560 in
1750 2537 1807 2560 act.
