1944 3323
234 216 248 237 ,1
259 204 280 235 Γ)

254 325 305 349 Sin
329 323 356 349 111
379 323 416 349 iis

216 363 321 384 nutui-e
343 358 367 384 is
388 357 459 383 onlv

203 401 218 418 11
244 393 352 421 detect,
375 392 426 419 but
442 388 466 419 it

215 435 284 462 may
307 427 395 461 proiit
419 427 456 462 b>-

264 461 411 488 accident.

217 1130 296 1165 Only
320 1129 388 1157 God
410 1137 465 1156 0311

240 1165 329 1199 bring
349 1165 442 1191 about

243 1200 318 1227 such
342 1200 441 1234 profit.

230 2053 299 2080 God
321 2053 394 2080 does
415 2057 467 2079 not

232 2088 410 2115 necessitate
430 2092 460 2114 to

222 2123 280 2153 sin,
303 2124 353 2149 but
375 2128 405 2149 to
426 2123 475 2149 1110

226 2157 356 2192 1111511110
379 2157 467 2191 being

214 2192 312 2219 wliicl]
333 2192 485 2231 produces

318 2236 374 2253 sin.

782 207 1005 239 JOHANNIS
1026 206 1208 238 WYCMF
1229 205 1486 237 SFRMONUM
1554 191 1706 247 'SERMO
1729 201 1790 228 XL-

490 314 635 354 deficit,
677 326 767 350 cum
807 314 855 349 sit
895 314 1070 349 defectus
1108 313 1165 348 vel
1204 313 1338 348 deesse
1371 320 1407 346 et
1441 310 1495 346 sie
1529 311 1660 357 quoad
1695 309 1790 345 illud

490 382 697 420 peccatum
746 380 802 407 est
847 370 931 406 sine
977 382 1060 406 esse
1105 382 1192 405 cum
1240 371 1328 405 loco
1368 368 1450 404 eius
1491 369 1608 404 habet
1641 369 1790 403 deesse.

490 431 584 465 Esse
622 442 714 465 vero
753 429 972 464 secundum
1014 427 1166 475 peccati
1206 436 1263 463 est
1303 426 1432 474 ipsum
1473 433 1682 473 peccatum
1724 436 1792 471 per

491 487 675 523 accidens
715 488 916 534 prodesse,
958 495 994 522 et
1038 485 1093 521 sie
1133 487 1236 521 Deus
1274 497 1355 520 non
1396 483 1521 531 possit
1560 481 1792 531 permittere

492 546 627 581 deesse
660 544 834 592 primum
868 552 1035 591 peccato
1068 542 1208 587 inesse,
1243 541 1317 577 nisi
1351 543 1541 590 prodesse
1574 541 1791 576 secundum
1812 543 1826 571 5

491 602 563 638 sibi
589 601 761 646 infuerit,
788 601 881 649 quia
906 602 1054 637 1113111111
1080 613 1162 636 11011
1186 608 1316 647 potest
1341 612 1423 635 esse
1445 599 1519 635 nisi
1544 598 1731 634 fundetur
1754 595 1793 632 in

492 661 610 696 bono.
646 661 694 695 Et
726 658 780 695 ita
814 667 979 706 negetur
1013 659 1118 706 quod
1153 659 1274 693 homo
1307 658 1423 693 debet
1456 668 1635 705 peccare,
1670 663 1706 691 et
1739 653 1794 690 sic

492 719 539 753 de
579 717 712 753 multis
750 716 958 762 similibus,
999 716 1090 752 licet
1128 723 1337 763 peccatum
1371 722 1643 762 perpetratum
1679 713 1795 748 debet

492 775 705 823 proficere;
753 783 790 811 et
834 774 935 810 sicut
979 787 1058 810 non
1105 781 1162 810 est
1207 773 1318 809 color
1361 773 1467 820 quod
1515 773 1635 808 homo
1680 771 1795 806 debet

492 845 671 881 peccare,
705 832 736 869 si
761 833 876 868 debet
899 831 1123 880 dampnari,
1154 843 1242 867 cum
1268 831 1505 866 antecedens
1534 828 1582 864 sit
1605 828 1795 864 iniustum
1817 841 1853 862 ιο

493 900 528 928 01
561 902 807 939 consequens
840 902 938 938 pure
970 889 1131 935 iustum,
1166 888 1220 924 ita
1259 901 1340 924 non
1378 887 1574 936 sequitur:
1629 885 1668 922 Si
1708 897 1797 933 pec-

493 957 625 985 eatum
666 960 799 984 meum
840 949 956 984 debet
995 947 1190 996 proficere
1230 946 1337 994 quod
1371 946 1496 981 debeo
1535 943 1590 980 sic
1629 954 1797 991 peccare

492 1015 611 1055 atque
644 1006 854 1054 proficere.
889 1005 937 1041 Et
961 1005 1015 1042 ita
1039 1006 1087 1042 de
1120 1003 1254 1040 multis
1283 1003 1479 1040 similibus
1503 1014 1578 1051 que
1601 1001 1798 1038 solverent

494 1064 666 1101 mediate
699 1063 875 1112 primum
910 1063 1063 1111 peccati
1097 1063 1207 1111 quod
1241 1070 1297 1098 est
1331 1061 1513 1097 deficere.

550 1123 610 1158 Ad
649 1121 823 1170 primum
864 1129 1145 1170 argumentum
1184 1128 1349 1167 negetur
1392 1126 1657 1166 assumptum,
1708 1118 1854 1152 01111115

493 1183 576 1216 Deo
615 1179 665 1216 sit
706 1179 915 1228 proprium
949 1180 1079 1216 facere
1111 1186 1277 1227 peccata
1308 1176 1505 1225 proficere
1538 1184 1575 1211 et
1607 1175 1654 1210 de
1687 1181 1798 1210 tanto

494 1238 623 1274 facere
657 1250 701 1274 ea
735 1250 818 1274 esse
849 1250 930 1273 non
953 1237 1086 1286 quoad
1119 1248 1202 1272 esse
1235 1248 1350 1272 suum
1384 1234 1574 1282 primum,
1599 1233 1706 1280 quod
1741 1239 1798 1267 est

495 1296 581 1344 ipsa
635 1295 817 1341 deficere,
870 1295 963 1343 quia
1013 1303 1106 1330 tunc
1150 1294 1298 1330 faceret
1343 1293 1449 1340 quod
1494 1292 1616 1327 homo
1661 1297 1798 1337 peccet

495 1353 620 1404 (quod
658 1353 815 1389 videtur
854 1365 936 1390 esse
977 1353 1288 1400 blasphemum),
1327 1352 1395 1386 sed
1434 1349 1528 1386 facit
1567 1349 1674 1396 quod
1708 1359 1796 1382 cum

495 1413 618 1448 homo
651 1411 876 1459 peccaverit
909 1411 1007 1447 illud
1041 1409 1179 1458 prosit,
1214 1418 1251 1445 et
1284 1408 1339 1444 sic
1373 1406 1547 1443 mirabili
1572 1406 1692 1441 modo
1716 1406 1799 1439 Deo
1817 1417 1858 1438 20

496 1479 553 1506 est
581 1469 789 1517 proprium
823 1469 953 1506 facere
983 1477 1147 1516 11000313
1178 1479 1273 1512 0550,
1299 1465 1392 1514 (11113
1416 1466 1549 1513 quoad
1579 1475 1662 1500 esse
1684 1474 1799 1498 suum

496 1529 729 1573 secundum,
764 1540 810 1563 eo
844 1528 951 1576 quod
985 1539 1064 1563 non
1097 1534 1228 1574 potest
1260 1535 1441 1572 peccare,
1484 1522 1584 1559 sicut
1621 1520 1693 1557 soli
1727 1518 1800 1556 sibi

497 1585 682 1622 convenit
735 1585 864 1621 facere
922 1593 1087 1633 peccata
1140 1583 1348 1631 proficere.
1414 1583 1607 1618 Creatura
1667 1586 1799 1614 autem

496 1642 713 1692 peccabilis
758 1656 840 1679 non
885 1644 1001 1679 debet
1045 1642 1174 1678 facere
1217 1648 1383 1689 peccata
1427 1651 1524 1683 esse,
1570 1636 1662 1685 quia
1706 1644 1801 1672 tunc

497 1702 598 1737 foret
632 1700 853 1748 culpabilis,
889 1701 1121 1748 blaspheme
1154 1699 1227 1735 sibi
1260 1709 1465 1734 assumens
1498 1696 1603 1744 quod
1628 1697 1711 1730 Deo
1746 1701 1802 1729 est
1818 1695 1857 1728 25

497 1759 721 1807 proprium.
758 1760 971 1795 Peccatum
1005 1766 1138 1794 autem
1171 1769 1253 1793 non
1286 1764 1342 1792 est
1365 1754 1440 1790 nisi
1473 1753 1675 1802 equivoce.
1710 1752 1801 1787 Ideo

497 1825 657 1865 oportet
689 1817 908 1852 secundum
933 1816 1135 1864 quandam
1170 1813 1377 1862 penuriam
1415 1813 1577 1848 modum
1610 1807 1800 1858 loquendi

498 1875 536 1910 in
576 1874 651 1910 ista
692 1873 859 1910 materia
898 1882 1128 1921 acceptare;
1164 1885 1256 1908 nam
1296 1869 1406 1919 loqui
1447 1871 1494 1906 de
1532 1876 1699 1916 peccato
1745 1873 1801 1902 est

497 1931 626 1968 simile
649 1931 849 1968 locucioni
882 1931 921 1967 in
956 1930 1122 1967 materia
1155 1928 1442 1973 insolubilium,
1477 1939 1566 1963 cum
1591 1932 1800 1974 peccatum

498 1990 546 2026 sit
580 1989 792 2025 insolubile
825 1988 1056 2025 maximum.
1820 1984 1860 2016 30

557 2048 759 2091 Quantum
793 2048 843 2083 ad
874 2048 1092 2083 secundum
1126 2052 1404 2093 argumentum
1437 2041 1576 2090 negavi
1599 2039 1801 2088 quondam

500 2114 766 2153 assumptum,
813 2105 1071 2141 concedendo
1111 2104 1218 2152 quod
1262 2109 1450 2150 peccator
1494 2112 1537 2136 ex
1581 2110 1652 2134 sua
1699 2096 1804 2132 mala

501 2163 788 2199 consuetudine
819 2172 855 2199 et
883 2162 1035 2210 peccati
1067 2160 1303 2198 detencione
1331 2157 1594 2195 necessitatur
1622 2165 1801 2203 peccare,

501 2222 567 2256 sed
607 2229 743 2257 tamen
776 2223 880 2257 Deus
918 2232 998 2256 non
1036 2220 1118 2255 vult
1162 2218 1292 2266 ipsum
1338 2227 1504 2264 peccare
1548 2226 1620 2250 nec
1665 2225 1687 2248 3
1720 2213 1803 2247 Deo

501 2278 776 2324 necessitatur,
811 2290 883 2314 nec
913 2279 1017 2314 Deus
1049 2276 1180 2324 ipsum
1214 2274 1426 2311 necessitat
1458 2274 1506 2309 ad
1540 2271 1858 2319 peccandum,35

502 2345 807 2384 verumptamen
841 2337 944 2372 Deus
977 2335 1107 2383 ipsum
1141 2332 1354 2370 necessitat
1387 2332 1437 2367 ad
1471 2342 1555 2366 esse
1587 2327 1801 2377 positivum

504 2395 609 2442 quod
626 2393 857 2442 produxerit
873 2401 1102 2441 peccatum:
1119 2399 1327 2439 peccatum
1345 2389 1449 2425 enim
1466 2388 1709 2423 intellectum
1727 2384 1804 2419 for-

505 2451 661 2487 maliter
694 2464 773 2487 non
814 2460 870 2487 est
903 2450 1055 2498 aliquid
1088 2448 1316 2497 positivum.
1351 2459 1439 2482 cum
1473 2443 1664 2481 ⁴Iohannis
1697 2445 1746 2486 10,
1783 2441 1799 2476 3

503 2521 591 2545 vere
636 2509 731 2545 dicit
772 2508 1042 2556 Evangelista:
1095 2506 1230 2543 Omnia
1270 2518 1344 2554 per
1387 2504 1508 2552 ipsum
1542 2503 1656 2550 facta
1700 2506 1807 2538 sunt:

504 2575 713 2614 peccatum
756 2579 837 2603 non
881 2565 1098 2602 includitur
1143 2565 1211 2600 sed
1263 2561 1495 2606 excluditur,
1539 2572 1628 2595 cum
1674 2557 1802 2604 ipsum
1818 2570 1863 2601 40

573 2707 597 2726 2.
619 2699 713 2727 Coa:
742 2704 806 2726 eius
824 2699 922 2726 twice.
1024 2707 1048 2732 7.
1071 2697 1165 2725 cmi:
1194 2696 1236 2723 sic
1257 2697 1350 2723 deest.
1460 2693 1496 2721 13.
1519 2693 1614 2719 Cod.:
1643 2691 1805 2717 solvan-ent.

506 2743 546 2767 ¹1-
569 2735 754 2767 inediziteqil;
781 2735 865 2761 cod.:
894 2739 975 2763 mee:
1004 2733 1114 2760 rectius
1136 2733 1200 2759 11100
1222 2742 1251 2756 z
1273 2732 1382 2758 inesse.

576 2819 628 2851 31.
657 2819 708 2849 Ct'.
728 2818 946 2859 Trialogum,
975 2827 1040 2858 pag
1078 2826 1148 2856 141,
1174 2825 1244 2855 ¹42·
