1944 3323
169 176 246 213 360

176 305 223 335 yet
245 301 312 334 they
335 300 423 327 claim

179 343 283 370 power
306 335 424 370 beyond

193 368 324 397 Christ's
345 369 403 397 aud

207 405 255 432 the
277 405 395 440 Pope's.

165 2331 252 2358 Merit
273 2340 326 2358 can
349 2333 420 2360 oulv

174 2366 208 2392 be
228 2361 412 2394 distribute-ti

156 2409 188 2427 as
204 2401 272 2428 (jod
292 2401 427 2428 ordains,

746 185 969 217 JOHANNIS
988 186 1170 218 WYCLIF
1191 187 1445 219 SERMONUM
1500 173 1651 231 [SERMO
1673 185 1762 213 XLII·

454 292 544 329 talis
578 292 729 328 domini
764 293 823 327 vel
857 293 1046 328 habentes
1080 305 1199 340 super
1233 293 1362 341 ipsum
1397 293 1626 342 specialiter
1651 305 1761 343 pote-

454 352 624 387 statem?
668 353 769 385 Nam
812 349 968 385 videtur
1001 352 1107 398 quod
1147 350 1222 398 ipsi
1263 353 1456 388 excedunt
1489 352 1691 389 Christum
1726 363 1762 390 et

455 421 599 457 papam
641 408 679 443 in
720 406 878 444 talibus.
927 408 1108 445 Christus
1152 421 1225 444 nec
1269 418 1399 456 potest
1444 409 1499 446 sic
1544 413 1763 448 concedere

452 466 526 502 nisi
566 465 725 502 sciverit
764 464 862 500 illud
903 478 986 502 esse
1030 467 1078 502 de
1122 467 1373 514 beneplacito
1418 467 1542 516 patris
1587 468 1646 504 sui
1690 481 1763 506 nec

453 532 583 572 potest
616 532 746 560 cartas
779 523 1008 559 huiusmodi
1047 523 1236 571 sigillare,
1277 537 1367 561 cum
1406 538 1498 574 sepe
1538 525 1615 562 sint
1652 527 1795 573 false‚5

452 583 519 618 sed
557 580 750 617 johannis
792 583 876 627 1110,
914 595 952 618 11
994 581 1090 617 dicit
1129 583 1230 630 quod
1272 583 1351 631 ipse
1395 594 1432 620 et
1478 586 1658 620 membra
1692 597 1763 622 sua

452 640 580 676 solum
615 639 716 687 quod
746 639 869 674 sciunt
901 641 1122 688 loquuntur,
1156 639 1339 677 diabolus
1364 651 1495 678 autem
1522 651 1558 678 et
1582 644 1763 679 membra

451 710 520 734 sua
554 696 764 744 scripturis
797 706 833 733 et
866 696 1004 745 sigillis
1029 697 1232 734 affirmant
1257 701 1364 747 quod
1389 700 1583 736 nesciunt.
1617 702 1763 737 Forma

451 764 584 792 autem
610 754 906 791 dominacionis
930 767 1068 792 eorum
1094 755 1133 791 in
1156 757 1285 793 verbis
1310 757 1391 794 suis
1414 770 1533 806 super
1557 758 1762 794 Christum

451 813 652 850 extollitur
685 812 724 848 in
758 814 833 849 hoc
866 815 973 862 quod
996 813 1176 850 Christus
1200 814 1266 862 qui
1292 824 1349 851 est
1372 819 1429 860 (ut
1453 820 1558 864 sepe)
1584 815 1763 853 minister

451 870 616 908 ecclesie
650 872 717 907 dat
749 871 1004 918 singulariter
1037 873 1145 919 quod
1177 872 1390 920 promittit,
1424 875 1492 910 sed
1525 873 1589 909 isti
1623 886 1764 911 conce-

451 931 549 965 dunt
582 928 790 977 pluraliter
823 931 930 977 quod
963 928 1019 965 sic
1053 929 1121 965 fiat
1154 929 1219 965 ubi
1254 939 1312 967 est
1345 944 1449 979 papa
1482 930 1549 980 qui
1581 944 1661 968 non
1695 934 1762 968 dat

451 986 728 1034 indulgencias
760 988 820 1023 vel
854 987 1135 1024 absoluciones
1169 1000 1190 1024 a
1225 1001 1327 1036 pena
1362 998 1398 1025 et
1432 990 1550 1037 culpa
1572 989 1647 1026 nisi
1671 1003 1763 1026 con-

451 1044 561 1081 fessis
585 1054 621 1081 et
645 1044 847 1091 contritis3
881 1045 945 1081 isti
969 1045 1009 1081 in
1033 1045 1113 1081 suis
1137 1046 1462 1083 concessionibus
1487 1047 1584 1083 illud
1610 1056 1762 1095 tacent;

450 1104 644 1140 excedunt
688 1102 823 1151 itaque
861 1116 1009 1151 papam
1052 1103 1093 1139 in
1131 1103 1329 1152 spirituali
1370 1105 1558 1153 suffragio
1599 1106 1763 1143 ecclesie

451 1160 659 1197 militantis
693 1169 731 1197 et
763 1164 821 1206 (ut
854 1161 990 1197 multis
1022 1161 1192 1207 videtur)
1226 1174 1269 1198 ex
1303 1162 1387 1199 istis
1420 1162 1631 1211 implicant
1654 1167 1762 1212 quod

450 1219 568 1266 plane
601 1218 863 1255 dominantur
895 1218 1084 1267 suffragio
1109 1220 1323 1267 temporali
1349 1221 1512 1257 ecclesie
1539 1221 1759 1259 militantis.

450 1276 489 1312 Si
535 1276 641 1313 enim
688 1285 818 1324 potest
863 1278 958 1314 dare
999 1289 1237 1325 quecunque
1281 1291 1404 1326 opera
1445 1279 1651 1316 meritoria
1691 1292 1761 1316 sua

448 1335 508 1370 vel
548 1334 626 1371 alia
670 1334 876 1371 militantis
917 1334 1095 1379 ecclesie,
1143 1348 1232 1371 cum
1274 1349 1397 1384 opera
1440 1336 1644 1373 meritoria
1683 1337 1761 1374 sint

450 1392 554 1428 facta
586 1393 636 1428 ad
670 1401 778 1428 extra
810 1392 850 1428 in
883 1393 1030 1440 gracia,
1063 1393 1219 1429 videtur
1253 1395 1360 1442 quod
1394 1406 1631 1443 quecunque
1664 1395 1760 1432 talia

449 1462 571 1497 opera
596 1450 800 1496 aurifabri,
837 1450 1049 1487 monetarii
1077 1452 1137 1487 vel
1170 1451 1441 1500 cuiuscunque
1474 1452 1638 1489 artificis
1673 1466 1759 1501 pre-

449 1507 545 1543 ciosi
580 1507 642 1544 cui
665 1508 864 1544 voluerint
889 1517 1055 1556 possunt
1081 1511 1302 1546 concedere
1327 1519 1363 1546 et
1388 1510 1444 1546 sic
1467 1523 1587 1558 super
1610 1511 1757 1547 talibus

448 1565 637 1613 operibus
672 1566 945 1602 dominantur.
992 1569 1079 1615 Ipsa
1120 1567 1224 1603 enim
1259 1577 1349 1604 sunt
1382 1580 1504 1616 opera
1538 1568 1757 1614 meritoria,

449 1623 541 1671 quia
574 1623 678 1660 facta
710 1622 750 1659 in
782 1623 916 1671 gracia
950 1634 992 1660 ut
1024 1637 1222 1673 suppono.
1257 1629 1337 1662 Nec
1369 1626 1473 1662 valet
1496 1626 1627 1663 dicere
1650 1628 1756 1675 quod

450 1682 590 1717 fratres
639 1683 864 1717 concedunt
904 1683 975 1718 hec
1014 1695 1137 1730 opera
1175 1697 1255 1720 non
1292 1685 1510 1720 secundum
1553 1685 1755 1721 racionem

448 1752 526 1786 qua
580 1748 672 1775 sunt
717 1740 821 1776 bona
866 1740 1106 1788 temporalia
1158 1743 1226 1778 sed
1279 1744 1498 1778 secundum
1552 1742 1755 1779 racionem

447 1810 526 1845 qua
565 1806 655 1833 sunt
696 1797 838 1833 merita
874 1800 956 1834 Deo
995 1799 1201 1846 placencia
1241 1801 1289 1835 ad
1331 1799 1620 1836 beatitudinem
1664 1814 1757 1837 con-

446 1856 712 1903 sequendam3
752 1855 844 1903 quia
886 1868 974 1891 cum
1014 1856 1156 1892 fratres
1195 1870 1275 1893 non
1316 1867 1407 1893 sunt
1446 1857 1545 1893 tanti
1580 1858 1756 1906 sophiste

447 1921 488 1948 ut
533 1913 754 1948 concedant
799 1914 906 1960 quod
952 1915 1047 1950 dare
1092 1927 1172 1950 non
1217 1924 1396 1962 possunt,
1448 1915 1604 1951 videtur
1648 1918 1755 1964 quod

447 1979 614 2017 possunt
660 1969 797 2006 omnia
841 1970 937 2007 talia
984 1971 1125 2008 merita
1169 1974 1387 2008 secundum
1435 1973 1637 2009 racionem
1678 1987 1755 2022 qua

448 2027 589 2064 merita
624 2027 868 2064 beatitudine
904 2028 1021 2075 digna
1055 2031 1102 2065 de
1136 2042 1313 2077 congruo
1347 2030 1451 2078 plebi
1485 2032 1598 2074 dare;
1633 2044 1755 2079 quare

446 2098 540 2133 ergo
572 2098 652 2121 non
685 2085 860 2133 spoliant
893 2099 1033 2123 omnes
1067 2087 1260 2135 prescitos
1294 2089 1341 2124 de
1375 2101 1495 2125 manu
1529 2089 1677 2125 diaboli
1718 2098 1755 2125 et

446 2142 639 2179 inducunt
679 2156 817 2179 omnes
856 2143 1008 2180 viantes
1047 2144 1086 2181 in
1126 2145 1314 2193 gaudium
1358 2146 1455 2182 celi?
1500 2148 1598 2183 Cum
1649 2147 1752 2183 enim

446 2201 592 2236 habent
626 2202 674 2237 ad
709 2201 775 2237 illa
809 2202 1037 2249 potenciam
1073 2206 1128 2248 (ut
1163 2203 1343 2250 fingunt),
1382 2204 1537 2240 videtui·
1570 2206 1676 2252 quod
1711 2218 1753 2240 ex

445 2258 534 2294 ocio
567 2258 657 2295 talis
691 2259 874 2306 potencie
907 2269 997 2295 sunt
1031 2261 1290 2308 dampnandi.

504 2318 551 2352 Et
586 2325 694 2363 patet
718 2329 857 2352 eorum
882 2318 1147 2365 blasphemia,
1180 2331 1269 2355 cum
1296 2319 1447 2367 fingunt
1471 2321 1576 2367 quod
1603 2320 1752 2355 fructus

445 2372 703 2420 dignissimos
749 2375 902 2411 homini
949 2388 1115 2423 operum
1163 2386 1331 2424 possunt
1371 2378 1466 2413 dare
1505 2378 1554 2413 ad
1595 2377 1750 2413 libitum

444 2433 510 2466 sed
543 2444 624 2467 non
649 2432 897 2468 materialem
923 2433 1193 2470 substanciam
1218 2434 1396 2481 ipsorum
1422 2447 1603 2482 operum.
1639 2437 1752 2471 Unde

444 2501 568 2536 quero
602 2490 871 2526 communiter
904 2492 952 2527 ab
987 2491 1042 2527 eis
1069 2491 1099 2527 si
1124 2492 1184 2528 vel
1207 2504 1249 2528 ex
1272 2504 1311 2528 se
1335 2494 1481 2529 habent
1504 2493 1564 2529 vel
1587 2492 1750 2540 speciali

1785 831 1820 851 lO

1784 1110 1818 1140 15

1778 1407 1820 1428 20

1774 1977 1814 2008 30

444 2546 550 2581 dono
584 2546 654 2582 Dei
688 2549 795 2594 quod
830 2557 996 2595 possunt
1028 2548 1123 2585 talia
1165 2549 1306 2586 merita
1344 2550 1399 2586 sic
1439 2550 1675 2586 distribuere
1713 2559 1750 2586 et
1765 2564 1809 2594 40

443 2603 719 2640 habitudinem
752 2615 1083 2654 consequentem3
1123 2607 1154 2643 si
1194 2607 1325 2655 primo
1359 2609 1493 2654 modo,
1534 2617 1627 2644 tunc
1659 2616 1749 2644 sunt

510 2734 534 2762 3.
550 2736 645 2763 Cod.:
667 2736 809 2764 Christus
825 2746 878 2764 nec
894 2746 965 2765 non.
1038 2739 1064 2765 R,
1081 2739 1175 2766 Cod.:
1197 2740 1338 2766 affirmat.
1414 2749 1452 2767 10.
1470 2740 1562 2768 Cod.:
1586 2741 1636 2776 qui
1654 2741 1746 2768 deest.

443 2777 479 2796 12.
502 2769 594 2797 Cod:
623 2771 673 2805 qui
695 2771 788 2798 deest.
868 2780 906 2799 21.
929 2772 1022 2799 Coa:
1051 2774 1212 2800 auret‘abri.
1286 2775 1326 2801 25.
1349 2774 1442 2802 Cod..·
1473 2784 1541 2802 nam
1565 2775 1747 2802 secundum.

441 2803 486 2830 33.
508 2803 602 2832 Coti:
630 2806 794 2832 materiale.
868 2806 913 2841 39.
936 2807 1030 2834 Cod.:
1059 2808 1081 2834 si
1105 2808 1197 2834 deest.
