1944 3323
174 224 309 251 SERMO
334 212 425 268 xLII}
662 225 834 258 TERTIA
864 226 987 257 PARs.
1701 222 1716 256 3
1726 232 1776 266 47

175 332 496 381 delinquente1n3
532 342 567 369 et
591 332 646 368 sic
678 332 831 369 desidia
864 333 1082 381 exequendi
1118 334 1242 380 legem
1268 334 1415 369 Christi
1452 335 1489 370 in

175 391 354 439 practica
401 400 458 427 est
504 403 624 427 causa
669 403 793 439 quare
837 400 1002 439 torpens
1049 391 1215 427 ecclesia
1261 391 1488 428 instituerat

174 449 272 485 tales
305 450 423 497 leges.
469 451 518 484 Et
551 460 595 485 ex
627 448 711 485 istis
744 448 900 485 videtur
936 448 1070 485 multis
1104 451 1211 498 quod
1246 449 1489 497 dampnacio

174 506 294 543 trium
335 506 618 555 episcoporum
658 505 697 542 in
731 506 873 555 Anglia
913 506 1112 543 adiunctis
1144 506 1283 554 viginti
1316 516 1490 556 quatuor

140 566 156 597 5
174 565 407 602 doctoribus
429 565 469 601 in
493 565 695 613 theologia
719 574 756 601 et
772 565 810 601 in
829 565 968 613 viginti
985 574 1158 614 quatuor
1173 565 1387 602 sentenciis
1408 578 1489 602 non
1528 574 1642 609 Falsity
1663 580 1693 601 01
1707 575 1762 613 ,ηις

173 623 302 659 earuit
334 622 500 659 omnino
535 622 777 672 calumpnia.
812 625 1044 671 Dampnant
1078 623 1184 660 enim
1209 633 1251 660 ut
1274 636 1488 660 erroneum
1516 609 1774 671 C⁰¹²d451¹3¹1¹1¹ss¹¹⁰¹¹³

173 690 210 718 et
253 690 466 730 opponunt
510 681 654 718 falsum
695 683 803 730 quod
840 682 964 718 sancti
1005 682 1242 719 instituentes
1281 682 1490 733 religiones
1540 679 1748 741 ’ῡέῑὲὲῑιὶιῖῖιὲᾒκθ

166 740 348 789 priuatas
385 751 629 788 quascunque
667 747 745 775 tam
779 741 1158 790 possessioimtorum
1192 752 1304 789 quam
1344 741 1488 776 mendi-
1705 735 1710 740 '

171 798 343 834 caucium
383 798 418 833 in
457 798 512 834 sic
544 798 774 834 instituendo
802 806 1076 848 peccaverunt.
1122 800 1225 834 Nam
1268 799 1489 835 secundum

120 868 156 888 ιο
171 857 334 892 beatum
358 856 673 904 Evangelistam:
708 856 751 892 Si
787 857 1004 893 dixerimus
1043 857 1144 905 quod
1176 864 1379 906 peccatum
1418 869 1490 892 non

172 915 369 962 habemus,
412 927 480 951 nos
524 915 627 964 ipsos
669 915 888 951 seducimus
927 922 962 951 et
1000 915 1144 951 veritas
1188 915 1224 950 in
1269 915 1376 951 nobis
1419 927 1490 950 non

173 980 241 1019 est,
274 972 368 1021 quia
401 976 457 1018 (ut
490 985 583 1021 sepe
617 974 748 1017 docet)
781 972 1009 1009 necessitati
1042 985 1179 1008 sumus
1212 982 1303 1021 post
1331 974 1488 1021 lapsum

85 1031 315 1086 Fotsaltem
357 1031 565 1068 venialiter
604 1043 772 1079 peccare
812 1031 1015 1067 continue.
1062 1032 1162 1067 Cum
1197 1044 1291 1079 ergo
1331 1031 1490 1079 religio-

79 1090 313 1144 270dsarche
336 1102 406 1137 pre
434 1088 438 1140 Ι
469 1089 564 1125 dicti
586 1102 668 1125 non
691 1098 804 1126 erant
827 1088 1068 1126 scienciores
1091 1089 1199 1126 dicto
1223 1089 1489 1137 Evangelista,

119 1146 328 1183 15videtur
361 1149 469 1196 quod
503 1147 542 1183 in
576 1147 709 1184 medio
742 1160 811 1184 sue
845 1147 973 1193 etatis,
1008 1149 1172 1196 quando
1204 1147 1295 1184 illos
1329 1147 1490 1184 ordines

171 1205 443 1251 instituerunt,
482 1205 692 1242 venialiter
731 1215 1012 1254 peccaverunt.
1059 1208 1148 1242 Non
1187 1206 1291 1242 enim
1332 1219 1488 1242 summe

172 1263 375 1300 meritorie
397 1264 567 1301 istorum
601 1264 762 1300 ordines
795 1264 1053 1301 instituerant
1077 1273 1114 1300 et
1138 1277 1208 1312 per
1239 1277 1490 1313 consequens

170 1335 250 1358 non
280 1322 446 1359 omnino
481 1322 564 1359 sine
598 1322 755 1359 defectu
796 1324 865 1359 sed
904 1322 1046 1359 melius
1086 1331 1122 1359 et
1162 1322 1393 1359 meritorius
1432 1322 1489 1358 in-

170 1380 335 1417 stituere
367 1390 598 1429 potuerunt,
645 1390 682 1416 et
721 1381 775 1417 ita
814 1381 855 1416 in
894 1381 949 1417 sic
988 1380 1236 1417 instituendo
1276 1389 1487 1429 peccatum

114 1449 154 1469 20
171 1439 225 1475 eis
263 1438 400 1485 infuit;
440 1439 556 1475 aliter
595 1438 701 1475 enim
743 1439 968 1487 attigissent
1001 1440 1170 1487 gradum
1202 1452 1282 1488 quo
1307 1439 1489 1476 Christus

172 1496 404 1545 religionem
440 1510 553 1534 suam
588 1496 760 1533 instituit
784 1506 820 1534 et
844 1510 984 1534 omnes
1008 1497 1293 1545 religiosarche
1317 1497 1486 1546 predicti

170 1567 269 1604 eque
308 1555 482 1603 perfecte
522 1555 786 1592 instituissent
825 1568 941 1592 suum
981 1555 1165 1592 ordinem
1207 1565 1243 1592 et
1282 1568 1353 1604 per
1394 1568 1488 1592 con-

172 1626 340 1662 sequens
373 1627 513 1650 omnes
547 1613 602 1650 hii
635 1614 797 1650 ordines
829 1613 997 1650 fuissent
1036 1626 1135 1663 eque
1168 1614 1347 1662 perfecti,
1381 1616 1488 1662 quod

175 1671 417 1708 contradicit
450 1672 534 1708 istis
566 1671 733 1720 privatis
763 1672 972 1709 ordinibus
998 1682 1034 1708 et
1057 1672 1260 1709 sentencie
1283 1673 1506 1708 communi.

118 1731 155 1762 25
178 1729 356 1767 ecclesie.
402 1732 483 1766 Nec
522 1730 687 1766 dubium
728 1730 825 1779 quin
863 1730 894 1766 si
934 1730 1030 1766 dicti
1069 1730 1354 1778 religiosarche
1393 1732 1487 1766 dum

179 1789 234 1825 sic
278 1787 534 1825 instituerant
579 1788 859 1825 defectibiliter
903 1790 975 1825 hos
1019 1788 1181 1825 ordines
1223 1798 1489 1837 peccaverunt

170 1856 212 1882 ut
244 1846 300 1883 sic
333 1846 550 1895 quicquam
591 1848 798 1895 operando
837 1856 1006 1895 peccato
1051 1846 1273 1892 venialiter,
1314 1856 1410 1884 tunc
1449 1847 1488 1883 in

170 1905 268 1941 illud
301 1907 508 1953 operando
542 1914 723 1953 peccato.

228 1964 456 1999 Secundum
482 1973 763 2011 argumentum
788 1963 959 2012 predicti
984 1964 1104 2000 catuli
1128 1972 1206 2000 stat
1229 1963 1269 1999 in
1302 1964 1397 2000 isto:
1433 1966 1488 2000 De
1523 1972 1589 1997 om·
1609 1975 1766 2005 opponent

111 2022 153 2053 30
169 2029 320 2070 quanto
345 2034 491 2069 sponsa
516 2021 665 2058 Christi
688 2023 808 2058 habet
831 2022 946 2070 plura
969 2021 1256 2070 promovencia
1289 2024 1339 2059 ad
1373 2035 1489 2058 suum
1537 2005 1749 2067 hffihlffnsslssssssb

171 2080 291 2115 linem
323 2080 385 2116 vel
418 2079 636 2127 dirigencia
663 2081 712 2116 ad
738 2081 922 2125 eundem,
958 2082 1005 2116 de
1029 2089 1142 2117 tanto
1164 2080 1245 2117 viat
1267 2080 1489 2128 perfeccius
1511 2083 1771 2144 addiiiihchiilnhclp

169 2150 303 2174 versus
335 2137 462 2183 illum,
496 2139 564 2174 sed
599 2151 642 2174 ex
671 2139 747 2175 hoc
770 2140 878 2187 quod
902 2138 990 2187 quis
1012 2138 1092 2175 viat
1115 2140 1336 2175 secundum
1361 2140 1489 2187 legem
1535 2149 1564 2171 to
1585 2145 1665 2179 good
1687 2144 1746 2172 life.

169 2195 317 2232 Christi
351 2204 388 2232 et
417 2197 521 2244 leges
545 2197 742 2233 humanas
767 2209 857 2233 cum
882 2197 968 2244 lege
992 2197 1063 2233 Dei
1087 2197 1338 2243 commixtas,
1370 2198 1489 2234 habet

170 2255 285 2302 plura
329 2254 618 2302 promovencia
664 2264 700 2291 et
746 2254 966 2303 dirigencia
1005 2268 1140 2292 versus
1185 2268 1301 2291 suum
1347 2256 1486 2300 finem;

113 2314 151 2345 35
169 2325 262 2360 ergo
297 2325 341 2348 ex
373 2313 449 2349 hoc
483 2312 703 2361 perfeccius
736 2313 816 2350 viat
849 2326 985 2350 versus
1019 2326 1135 2350 suum
1170 2313 1303 2350 finem.

237 2468 265 2493 ι).
287 2458 381 2485 (ζωὰς
410 2463 437 2485 et
459 2457 532 2493 sic„
585 2466 631 2485 20.
653 2458 749 2486 Coda
777 2459 820 2485 eis
841 2458 1015 2485 insinuatur
1035 2459 1128 2486 enim.
1201 2460 1247 2487 20.
1270 2459 1353 2487 Cod:
1382 2468 1487 2495 pecca-

168 2497 276 2520 verunt
296 2493 393 2520 twice.
456 2500 500 2529 27.
518 2492 613 2521 Cod.:
641 2498 673 2520 ut
694 2493 728 2520 si.
791 2501 838 2528 21).
860 2494 893 2520 In
916 2502 1030 2529 marg:
1059 2494 1238 2522 Secundum
1259 2500 1486 2530 argumentum.

240 2577 268 2609 3.
296 2576 347 2608 Cf.
377 2576 474 2608 Fasc.
502 2576 650 2617 zizann.‚
678 2587 755 2619 pag.
786 2576 862 2618 286,
889 2576 968 2620 498.
1071 2588 1103 2618 4.
1132 2577 1183 2609 Cf.
1212 2578 1310 2611 Fasc.
1337 2579 1485 2619 zizann.‚

168 2634 246 2666 pag.
269 2622 350 2655 286:
381 2624 580 2662 „Numerus
608 2624 861 2666 episcoporum
890 2624 1047 2663 dece1n'‘,
1073 2634 1152 2667 pag.
1175 2625 1255 2667 287:
1287 2625 1485 2664 „Numerus

169 2671 355 2702 doctorum
399 2669 603 2712 theologiae
645 2670 915 2713 septemdecim,
957 2672 1143 2702 doctorum
1186 2673 1271 2704 iuris
1314 2679 1483 2715 quatuor-

167 2715 279 2748 decim
382 2716 413 2748 .’'
559 2727 589 2758 7.
623 2716 676 2748 Cf.
712 2717 808 2749 Fasc.
846 2718 993 2756 zizann.,
1028 2728 1107 2760 pag.
1141 2717 1223 2750 281:
1264 2720 1350 2751 Item
1384 2719 1481 2761 quod

167 2763 275 2794 sancti
305 2763 526 2795 instituentes
553 2763 744 2805 religiones
765 2764 916 2806 privatas
935 2774 1168 2806 quascunque
1189 2773 1258 2796 tam
1277 2765 1478 2808 possessio-

167 2817 329 2840 natorum
362 2819 469 2852 quam
502 2809 784 2842 mendicancium
818 2810 853 2842 in
885 2811 935 2843 sic
978 2811 1194 2843 instituendo
1236 2819 1483 2853 peccaverunt.

172 2865 222 2886 10.
248 2855 326 2888 Joh.
354 2856 377 2894 1,
404 2856 436 2888 8.
