1944 3323
131 276 266 305 SERMO
288 266 414 324 xxm]
616 278 791 310 TERTIA
819 279 946 310 PARS.
1669 280 1741 315 197

132 387 347 424 recolendo
394 385 592 422 subtiliter
632 384 780 422 Christi
824 384 1066 433 passionem,
1122 393 1159 420 et
1207 384 1262 420 sic
1308 394 1453 432 quarto

132 444 369 494 simpliciter
409 445 621 481 comedere
662 456 823 480 carnem
859 452 895 480 et
929 443 1064 479 bibere
1098 442 1180 479 eius
1214 442 1452 491 sanguinem

133 509 191 550 (ut
231 505 348 540 docet
381 504 565 540 Salvator
596 502 788 538 Johannis
821 503 924 549 VIO‘).
966 502 1137 547 Quando
1178 500 1282 537 enim
1330 502 1454 540 homo

132 561 299 598 interior
338 561 412 597 ista
453 560 641 597 devocius
682 569 945 605 memoratur,
980 559 1244 608 spiritualiter
1276 558 1455 607 pascitur

99 621 249 668 §longe
298 619 453 656 laucius
509 631 629 667 quam
688 620 811 655 homo
869 618 1040 654 exterior
1095 626 1454 666 quantumcunque

132 679 286 715 lautum
340 677 534 715 cibarium
589 677 728 713 anxius
782 678 1054 717 comedendo;
1110 685 1147 712 et
1199 685 1294 713 tunc
1348 675 1454 711 intus

133 736 314 774 Christus
356 748 427 784 per
466 735 644 784 graciam
685 735 728 772 fit
769 735 852 772 eius
887 736 1128 780 membrum,
1164 734 1259 782 quia
1291 734 1356 783 qui
1385 735 1454 769 ad-

132 795 241 832 heret
272 795 357 831 Deo
391 807 488 831 unus
519 794 679 843 spiritus
711 802 777 830 est.

191 853 269 889 Sed
319 861 479 901 oportet
532 853 581 889 ad
636 852 788 888 dictum
843 851 1189 900 conglutivitatem
1245 851 1454 886 excludere

79 927 117 949 ιο
132 911 260 947 furfur
297 910 512 948 laxativum
555 920 591 947 et
631 909 845 947 subtilitati
877 909 1025 947 noticie
1059 908 1322 946 commiscere
1356 908 1456 945 cari-

133 978 256 1007 tatem
297 982 388 1007 cum
428 969 574 1006 timore
613 968 738 1015 filiali,
772 968 868 1017 quia
900 969 976 1005 hoc
1011 977 1068 1004 est
1101 980 1206 1016 aqua
1239 966 1456 1015 purissima

132 1027 336 1077 sapiencie
359 1041 438 1077 qua
472 1027 666 1075 redigitur
695 1028 754 1064 lex
787 1028 837 1064 ad
872 1028 1107 1063 mandatum
1134 1027 1181 1062 de
1215 1025 1455 1071 dileccione;

134 1095 170 1123 et
203 1095 467 1135 supportatur
499 1099 600 1122 onus
631 1085 778 1122 Christi
811 1094 854 1121 ut
888 1086 970 1121 leve
1005 1083 1455 1133 compendiosissimum

134 1154 171 1182 et
203 1145 393 1182 viaticum
428 1144 689 1181 utilissimum
722 1143 879 1180 viatori.

80 1208 116 1240 15
190 1205 238 1240 Et
277 1204 349 1240 hec
388 1202 498 1240 racio
538 1215 674 1252 quare,
715 1202 818 1238 sicut
855 1201 895 1238 in
939 1202 1023 1249 lege
1062 1201 1185 1238 veteri
1223 1200 1458 1237 festinanter

133 1263 332 1310 parabant
366 1262 517 1310 pascha
551 1262 630 1298 tale
663 1262 713 1298 ad
746 1273 857 1297 esum
892 1261 931 1297 in
963 1259 1136 1296 transitu
1177 1258 1299 1295 maris
1332 1257 1456 1304 rubri,

133 1320 188 1357 sic
221 1319 378 1357 mistice
413 1321 605 1356 debemus
638 1319 874 1356 festinanter
907 1331 1052 1367 parare
1085 1317 1200 1354 nobis
1234 1318 1309 1353 hoc
1342 1316 1457 1365 spiri-

132 1378 294 1416 tualiter
327 1377 521 1423 edulium,
557 1380 652 1414 dum
675 1377 830 1414 viamus
864 1379 913 1414 ad
946 1376 1134 1426 patriam.
1169 1378 1217 1412 Et
1241 1377 1313 1412 hec
1346 1375 1456 1412 racio

134 1450 258 1486 quare
303 1438 379 1474 hoc
426 1445 724 1474 sacramentum
771 1445 939 1472 vocatur
984 1435 1190 1472 viaticum.
1243 1434 1283 1471 Si
1322 1443 1456 1470 autem

78 1510 118 1532 20
135 1497 211 1532 hoc
261 1504 560 1532 sacramentum
612 1494 798 1531 sensibile
856 1494 1027 1530 faciliter
1082 1503 1118 1530 et
1170 1492 1457 1541 compendiose

136 1555 283 1590 habere
330 1553 531 1602 possimus
581 1552 817 1590 memoriale
866 1552 1053 1597 mentale,
1099 1553 1208 1600 quod
1254 1560 1310 1588 est
1349 1550 1457 1586 suffi-
1481 1557 1548 1585 The
1570 1563 1743 1596 sacrament

137 1611 311 1649 ciencius
345 1621 382 1648 et
406 1611 733 1660 compendiosius
767 1623 886 1659 quam
921 1609 1110 1646 sensibile
1144 1618 1456 1654 sacramentum,
1476 1597 1748 1657 ἱζξξῗζξῇῃῑζῖᾞζ

137 1679 174 1707 et
207 1670 263 1707 ita
295 1679 380 1707 tota
413 1670 491 1706 ista
524 1669 694 1718 epistola
719 1668 831 1706 Pauli
865 1669 1001 1705 reduci
1035 1677 1167 1717 potest
1201 1670 1250 1704 ad
1284 1668 1456 1704 formam
1492 1660 1731 1732 Ῑξξζέξῐξςῗὸἐῑῑᾈΰ

136 1728 412 1777 sillogisticam
437 1728 477 1764 in
501 1729 605 1764 hunc
631 1729 816 1764 modum:
852 1740 941 1763 cum
973 1739 1113 1763 omnes
1136 1727 1289 1763 viantes
1313 1727 1459 1762 debent
1503 1716 1720 1771 11‘1L3Jewsf0f

80 1791 118 1823 25
136 1799 355 1836 preparare
400 1796 437 1823 et
482 1787 694 1823 comedere
739 1799 886 1834 agnum
935 1786 1153 1834 pascalem,
1200 1786 1249 1821 ad
1296 1797 1456 1820 sensum
1491 1767 1726 1795 tl1e1rEx0dus.

136 1844 339 1881 misticum
386 1846 531 1882 debent
570 1857 789 1893 expurgare
828 1853 939 1881 vetus
978 1844 1233 1889 fermentum,
1275 1852 1317 1878 ut
1362 1841 1458 1878 dicit

136 1904 265 1940 maior
288 1912 436 1950 textus3
470 1904 538 1940 sed
573 1916 663 1940 cum
688 1902 870 1940 Christus
904 1902 992 1939 finis
1020 1901 1149 1938 tocius
1182 1901 1298 1937 huius
1332 1901 1458 1949 figure

135 1961 185 1998 sit
229 1962 362 1999 taliter
413 1961 662 2005 immolatus,
714 1960 896 2010 sequitur
940 1959 1065 1997 tercio
1111 1961 1219 2009 quod
1264 1961 1456 1996 debemus

137 2019 372 2069 diligencius
425 2022 475 2057 ad
526 2032 686 2056 sensum
738 2019 961 2067 expositum
1019 2018 1186 2067 epulari.
1249 2020 1297 2054 Et
1347 2026 1458 2066 patet

79 2081 120 2115 30
137 2078 392 2127 syllogismus
426 2091 516 2115 cum
551 2078 631 2115 suis
666 2077 870 2126 premissis
905 2090 948 2114 ex
980 2089 1098 2114 sensu
1130 2076 1328 2125 Apostoli.

610 2215 805 2256 SERMO
839 2215 985 2256 XXVI.

201 2313 323 2348 Omne
374 2312 475 2361 quod
526 2318 657 2347 natum
710 2318 766 2347 est
827 2322 878 2347 ex
929 2311 1014 2347 Deo
1079 2310 1193 2346 vincit
1255 2311 1452 2346 mundum.

138 2373 172 2407 Ia
205 2371 294 2407 Joh.
318 2371 386 2415 VO,
420 2382 459 2415 4.

195 2431 341 2465 Beatus
375 2427 447 2464 iste
469 2428 672 2464 Johannes
705 2437 884 2464 tractans
907 2426 1135 2476 specialiter
1159 2428 1207 2463 de
1231 2427 1452 2464 dileccione
1475 2429 1542 2457 The
1564 2439 1629 2458 new
1652 2431 1742 2458 birth-

80 2491 121 2524 35
138 2487 209 2524 Dei
256 2496 293 2523 et
336 2485 508 2534 proximi
555 2487 622 2522 dat
665 2486 706 2522 in
750 2486 919 2534 epistola
964 2485 1040 2521 ista
1085 2484 1327 2533 principium
1373 2498 1453 2533 quo

136 2546 288 2582 foveret
326 2544 402 2581 ista
442 2543 611 2580 dileccio
645 2553 682 2580 et
716 2553 895 2581 removet
928 2544 1183 2580 obstaculum
1217 2556 1297 2592 quo
1331 2543 1453 2580 extin—

136 2612 324 2652 gueretur
356 2602 577 2651 potissime.
614 2602 813 2638 premittit
837 2615 930 2650 ergo
953 2601 1204 2638 nativitatem
1229 2614 1307 2650 qua
1332 2603 1453 2638 homo

138 2674 181 2699 ex
214 2664 298 2698 Deo
336 2660 514 2698 nascitur
552 2660 766 2707 virtuosus,
807 2669 843 2696 et
882 2660 950 2696 illa
989 2659 1177 2696 nativitas
1217 2659 1454 2708 exprimitur

208 2784 248 2812 16.
266 2784 361 2812 Cod.:
378 2783 538 2819 pascham.
596 2783 634 2810 18.
653 2782 781 2817 patriam
798 2783 892 2809 deest.
908 2782 1036 2810 Addidi.
1088 2781 1131 2818 37.
1148 2783 1243 2810 Cod.:
1261 2782 1450 2818 postissime.

207 2867 239 2900 8.
266 2868 288 2900 Ι.
316 2868 397 2900 Cor.
416 2867 473 2908 VI,
505 2877 555 2909 17.
676 2866 728 2898 31.
757 2866 941 2898 Dominica
968 2867 1080 2909 prima
1107 2874 1188 2909 post
1215 2865 1360 2898 Pascha.
1399 2865 1450 2898 Cf.

139 2913 298 2958 Wyclif's
325 2916 504 2954 Sermons‚
531 2913 584 2945 ed.
613 2912 657 2956 by
684 2913 831 2953 Arnold,
859 2913 897 2953 11,
925 2923 1002 2956 pag.
1032 2911 1225 2957 289—291.
