1944 3323
149 586 206 612 aud
230 586 291 613 [but
314 586 342 613 in

160 621 251 653 itsclf,
273 621 332 648 and

160 655 342 690 absolutely,

129 1455 186 1483 and
210 1455 336 1482 because
358 1455 378 1482 it

126 1491 152 1518 is
172 1491 219 1517 the
240 1499 330 1517 cause
350 1490 383 1517 of

187 1525 319 1552 Christ's

158 1559 346 1588 crucifixion.

148 2436 173 2463 3.
194 2437 218 2463 It
238 2436 264 2464 is
285 2441 364 2463 most

123 2471 237 2498 hurtsul
258 2476 289 2498 to
311 2480 390 2499 mun.

696 293 918 325 J()HANNIS
937 292 1119 324 WYcLIF
1138 291 1396 323 SERMONUM
1511 275 1662 333 [SERMO
1683 287 1704 315 I-

401 399 567 447 cipalius
602 398 726 446 magis
763 399 922 434 malum.
967 399 1079 433 Unde
1112 399 1204 444 Sap.
1229 398 1313 441 XIs',
1350 397 1420 432 25:
1456 397 1563 432 Nihil
1595 397 1710 433 odisti

401 469 532 494 eorum
572 469 641 505 que
667 456 814 505 fecisti,
856 457 960 503 quod
1005 454 1306 501 intelligendum
1347 462 1403 490 est
1435 453 1510 490 nisi
1544 463 1707 503 propter

402 523 611 563 peccatum
648 515 754 562 quod
789 516 894 549 Deus
926 525 1005 549 non
1039 511 1142 548 fecit.

460 573 567 613 ltem,
602 571 732 608 omnis
766 579 947 607 creatura
980 578 1110 618 potest
1143 570 1300 618 placere
1335 570 1417 605 Deo
1456 569 1540 606 sine
1573 569 1709 618 displi-

403 630 550 675 cencia,
599 642 691 677 ergo
731 630 837 677 quod
878 630 982 664 Deus
1021 626 1130 663 odiat
1171 626 1347 675 aliquam
1387 635 1610 664 creaturam
1649 628 1741 664 ve15

402 688 509 736 quod
543 687 629 735 ipsa
661 686 734 722 sibi
768 686 976 734 displiceat
1010 694 1066 722 est
1099 685 1228 721 solum
1262 697 1332 732 per
1363 685 1561 722 accidens.
1608 687 1709 722 Cum

403 757 495 792 ergo
534 756 651 781 omne
691 756 761 792 per
801 743 986 781 accidens
1020 753 1076 779 est
1109 742 1327 779 seducibile
1360 744 1409 779 ad
1443 742 1607 792 aliquod
1640 756 1710 791 per

402 815 454 847 se,
488 802 666 851 sequitur
700 803 806 849 quod
841 801 1099 849 displicencia
1132 800 1218 848 ipsa
1250 801 1310 837 vel
1342 800 1479 837 odium
1513 801 1562 837 sit
1595 802 1710 838 redu—

403 859 519 896 cibile
543 861 592 896 ad
616 859 779 907 aliquod
803 872 873 907 pet
896 872 936 895 se
961 861 1044 895 Deo
1075 858 1313 907 displicibile
1337 860 1444 907 quod
1474 872 1555 895 non
1577 868 1709 907 potest

403 918 495 965 fingi
524 917 598 954 nisi
628 926 852 966 peccatum.
887 920 1019 965 Ipsum
1050 916 1155 953 enim
1183 928 1264 952 non
1296 925 1427 965 potest
1459 916 1710 954 reconciliari
1729 931 1768 952 10

404 978 487 1012 Deo
521 987 563 1012 ex
596 988 665 1011 sua
699 975 885 1023 potencia
917 975 1113 1021 absoluta,
1153 975 1221 1011 sed
1261 974 1490 1023 quicunque
1528 975 1710 1013 diabolus

402 1034 462 1070 vel
503 1042 704 1081 peccator,
752 1046 840 1069 cum
887 1042 1017 1081 potest
1061 1045 1141 1069 non
1186 1044 1371 1080 peccasse
1411 1035 1467 1079 (ut
1507 1034 1710 1082 quondam

403 1091 561 1140 potuit),
595 1099 725 1139 potest
758 1090 979 1127 beatificari
1012 1099 1047 1127 et
1081 1103 1103 1127 a
1136 1092 1219 1127 Deo
1253 1090 1362 1138 diligi
1396 1099 1433 1127 et
1466 1091 1712 1129 beatitudine

404 1149 485 1185 sine
509 1148 621 1195 odi03
655 1158 863 1197 peccatum
894 1157 1026 1185 autem
1060 1161 1140 1185 non
1173 1157 1304 1197 potest
1337 1148 1557 1185 beatificari
1591 1149 1712 1187 beati-

404 1206 542 1243 tudine
587 1219 660 1243 nec
705 1207 832 1243 celum
877 1206 1039 1252 intrare,
1085 1219 1175 1243 cum
1222 1208 1326 1243 Deus
1370 1219 1451 1243 non
1495 1208 1613 1244 habet
1658 1207 1769 1244 itax5

404 1264 616 1313 specialem
651 1264 825 1301 amicum
850 1263 889 1301 in
913 1266 1062 1300 mundo
1085 1265 1146 1301 vel
1168 1264 1414 1301 beatitudine
1436 1265 1531 1313 quin
1554 1274 1713 1314 reperto

404 1323 443 1358 in
482 1322 568 1370 ipso
608 1322 773 1358 crimine
811 1321 945 1358 statim
986 1322 1117 1370 ipsum
1151 1323 1362 1370 expelleret
1394 1322 1470 1359 nisi
1502 1323 1712 1372 resipuerit

405 1389 442 1417 et
476 1380 769 1428 dampnacione
802 1389 994 1428 perpetua
1029 1380 1237 1417 cruciaret.

462 1440 572 1483 Item,
607 1437 1013 1486 proporcionabilitei
1045 1447 1087 1474 ut
1120 1437 1271 1487 aliquid
1312 1447 1368 1475 est
1402 1438 1527 1486 magis
1561 1439 1710 1476 malum
1731 1477 1753 1508 F

404 1504 461 1532 est
494 1495 619 1543 magis
652 1498 735 1532 Deo
768 1495 929 1542 odibile
963 1498 1030 1532 sed
1064 1505 1275 1544 peccatum
1308 1505 1365 1533 est
1404 1496 1574 1533 maxime
1607 1510 1688 1534 ma-
1705 1493 1710 1550 Ι
1731 1477 1811 1554 ξ3811ἀ

403 1553 500 1597 lum
540 1553 633 1601 quia
672 1553 831 1590 malicia
870 1554 908 1590 in
948 1555 1163 1600 abstracto,
1203 1566 1296 1602 ergo
1335 1562 1392 1591 est
1425 1554 1595 1591 maxime
1628 1557 1718 1595 Deo

404 1610 564 1648 odibile.
624 1613 664 1647 In
715 1611 825 1647 cuius
872 1611 1027 1659 signum
1073 1614 1178 1649 Deus
1223 1620 1336 1660 pater
1379 1611 1578 1649 ordinavit
1623 1625 1713 1649 cum

404 1677 572 1717 peccato
596 1668 721 1705 filium
739 1669 947 1718 proprium
965 1670 1142 1717 crucifigi
1158 1669 1265 1706 iuxta
1282 1670 1378 1706 illud
1395 1669 1508 1715 (Isaie
1524 1672 1642 1717 L1110‚
1656 1671 1712 1716 8):

405 1727 574 1776 Propter
600 1727 724 1763 scelus
753 1728 892 1776 populi
921 1727 995 1763 mei
1019 1727 1199 1777 percussi
1228 1740 1324 1764 eum.
1360 1728 1458 1763 Illud
1492 1740 1586 1776 ergo
1610 1730 1714 1765 Deus

406 1784 490 1821 odit
529 1784 700 1821 maxime
739 1793 904 1832 propter
942 1787 1048 1833 quod
1094 1786 1378 1821 destruendum
1423 1785 1549 1821 filium
1595 1786 1714 1823 dilec-
1732 1790 1770 1822 25

405 1841 604 1878 tissimum
638 1842 846 1890 crucifigit.
882 1844 997 1879 Unde
1029 1842 1059 1879 si
1089 1844 1166 1879 tale
1200 1851 1408 1890 peccatum
1438 1842 1539 1879 foret
1563 1843 1714 1892 aliquid

406 1899 633 1948 positivum,
680 1900 918 1937 christianus
956 1913 1037 1937 non
1077 1902 1259 1937 evaderet
1302 1900 1545 1938 sentenciam
1589 1901 1715 1938 Mani-

406 1958 610 2003 cheorum,
628 1957 723 2006 quin
746 1957 876 2006 ipsum
900 1958 949 1994 sit
972 1960 1066 1994 deus
1091 1958 1232 2004 malus⁷
1249 1960 1332 1995 Deo
1349 1959 1454 1995 bono
1477 1958 1714 2006 contrarius,

407 2023 444 2052 et
481 2014 554 2052 sibi
593 2014 632 2050 in
669 2015 814 2052 virtute
854 2028 899 2052 ac
938 2015 1124 2064 potencia
1163 2025 1384 2053 coeternus,
1436 2018 1541 2053 Deus
1580 2026 1713 2054 autem

407 2074 534 2109 bonus
571 2086 653 2110 non
692 2082 823 2121 potest
860 2073 991 2122 ipsum
1031 2083 1240 2122 peccatum
1279 2073 1545 2122 inpenitencie
1586 2075 1715 2112 finalis
1732 2078 1773 2111 30

407 2131 628 2177 destruete3
680 2139 888 2179 peccatum
941 2131 1066 2168 eciam
1118 2133 1236 2169 habet
1288 2133 1391 2180 leges
1441 2145 1531 2170 suas
1576 2142 1716 2170 contra

408 2201 505 2237 quas
529 2191 634 2225 Deus
657 2190 784 2225 bonus
805 2202 886 2226 non
910 2190 1056 2237 poterit
1080 2190 1322 2238 dispensare,
1348 2190 1478 2238 ipsum
1504 2199 1714 2238 peccatum

407 2255 572 2294 propter
609 2259 721 2283 suam
763 2246 1026 2284 eminenciam
1067 2261 1146 2284 non
1186 2248 1274 2296 plus
1307 2250 1390 2285 Deo
1430 2249 1535 2285 bono
1568 2248 1715 2297 poterit

408 2303 570 2341 obedire
609 2317 727 2353 quam
768 2304 851 2353 ipse
889 2305 977 2342 sibi.
1011 2307 1100 2342 Non
1133 2318 1226 2353 ergo
1260 2305 1404 2342 mirum
1440 2306 1469 2342 si
1503 2306 1633 2354 ipsum
1667 2306 1715 2343 sit

408 2364 492 2399 Deo
525 2362 630 2399 bono
664 2375 819 2400 summe
852 2363 1012 2400 odibile.
1733 2368 1771 2400 35

466 2421 609 2466 Quoad
638 2420 819 2467 tercium,
850 2420 1000 2458 scilicet
1024 2422 1129 2469 quod
1163 2430 1369 2469 peccatum
1396 2434 1550 2459 summe
1573 2431 1716 2459 noceat

408 2490 479 2513 suo
517 2477 709 2524 subiecto,
748 2478 862 2515 facile
894 2487 951 2516 est
982 2478 1127 2523 videre,
1162 2491 1207 2515 eo
1241 2481 1348 2527 quod
1380 2479 1626 2528 impossibile
1659 2489 1717 2516 est

408 2535 621 2583 quicquam
663 2536 951 2585 dampnificare
990 2536 1193 2573 hominem
1233 2537 1306 2573 nisi
1351 2537 1467 2574 fuerit
1505 2546 1714 2586 peccatum

408 2593 616 2640 proprium
659 2594 720 2631 vel
764 2607 832 2642 per
876 2594 1021 2642 ipsum,
1074 2607 1167 2642 ergo
1212 2603 1421 2642 peccatum
1467 2587 1648 2632 maxime*
1680 2604 1716 2632 et

409 2662 478 2698 per
517 2663 557 2687 se
595 2660 711 2688 nocet
750 2652 915 2689 homini.
956 2652 995 2689 Si
1036 2665 1128 2700 ergo
1168 2661 1375 2700 peccatum
1416 2653 1517 2690 foret
1549 2653 1774 2701 aliquid‚40

409 2707 653 2754 pertinenter
686 2709 758 2745 sibi
792 2709 867 2746 dici
902 2710 1047 2758 poterit
1080 2711 1187 2758 quod
1220 2719 1277 2746 est
1309 2723 1464 2747 summe
1501 2710 1714 2758 ingratum,

480 2884 499 2902 1
520 2876 552 2902 Iu
575 2884 687 2910 manga
716 2876 743 2903 b
888 2878 923 2905 13.
946 2878 1038 2905 eod:
1069 2878 1296 2907 beatitudinem.
1440 2887 1480 2914 19.
1501 2879 1533 2906 In
1555 2886 1667 2913 marg:
1689 2887 1713 2905 c.

410 2910 450 2936 2'.⁴
475 2910 926 2938 (od.·111.(]·‹›1=exi.‘÷r}.
951 2912 982 2939 ln
1005 2920 1117 2947 marg:
1139 2911 1164 2940 3.
