1944 3323
106 246 181 282 528

101 368 245 396 Christus
266 366 382 394 excellit
402 373 510 393 omnes
531 363 690 400 pontifices
713 372 769 399 177.

102 420 129 422 -
151 419 184 422 -
205 402 372 441 prophetas
393 405 421 428 et
441 400 566 435 angelos
587 398 696 428 52-55.

102 438 217 466 Christi
239 435 464 473 preeminencia
484 435 528 463 50.

101 472 244 500 Christus
265 475 356 507 caput
375 468 558 498 universalis
578 468 703 496 ecclesie
724 468 773 501 64.

102 523 136 527 -
153 515 235 569 lpapa
255 510 360 533 noster
380 506 443 539 146.

103 558 130 562 —
174 550 252 569 onus
272 545 378 576 pastor
396 547 460 575 207.

103 592 131 596 —
153 576 250 603 voluit
269 575 428 603 ecclesiam
450 574 561 602 habere
581 572 724 600 fiduciam
746 571 775 598 in
797 571 866 606 ipso
885 568 928 597 23.

101 627 134 631 -—
155 611 206 638 dat
225 610 436 645 indulgencias
458 609 557 636 solum
579 607 720 635 contritis
742 604 807 633 360.

104 662 131 665 ἡ
154 645 269 672 iuvavit
289 649 390 679 patres
410 644 521 671 veteris
541 641 716 670 testamenti
738 640 790 668 125.

103 680 264 707 Adventus
286 679 400 707 Christi
422 687 438 705 a
458 677 587 713 singulis
608 685 643 704 ex
669 675 815 703 ectandus
836 673 876 702 35.

102 716 193 743 Solus
214 714 357 742 Christus
378 713 550 740 audiendus
570 716 616 739 est
636 719 644 738 1
665 720 693 744 4.

103 749 247 777 Christus
266 757 327 776 non
349 748 449 775 deficit
469 751 546 775 recte
567 745 761 774 currentibus
782 743 836 771 125.

106 800 134 804 -
156 793 241 811 exem
269 785 313 811 lar
334 791 453 810 summe
474 781 621 809 modestie
642 789 696 814 117.

106 819 232 881 gnomo
258 827 276 846 0
288 818 435 846 debemus
445 816 557 844 imitari
567 815 727 843 Christum
738 814 797 845 162,
808 811 930 841 206-8,

137 853 268 881 ereditas
295 852 410 880 Christi
442 856 488 879 est
517 850 670 878 infinitum
697 849 814 876 cercior
839 855 930 883 quam

138 888 291 916 hereditas
311 887 529 922 temporalium
551 885 610 913 167.

105 922 247 951 Christus
269 930 328 950 non
344 921 530 949 mendicavit
551 919 697 953 108-110,
721 925 780 953 129,
803 916 854 951 151,
876 916 931 950 152,

138 965 199 993 201,
219 956 282 991 338,
304 956 371 991 340.

105 992 249 1020 Christus
269 1000 329 1019 non
352 989 632 1018 excommunicavit
652 988 710 1023 159.

106 1027 249 1055 Christus
271 1027 370 1054 renuit
389 1025 583 1053 dotacionem
605 1022 648 1058 37.

106 1077 139 1081 —-
159 1061 257 1089 noluit
277 1061 358 1096 quod
381 1059 524 1095 discipuli
540 1059 768 1086 inc-arcerentur
788 1056 933 1083 claustra-

138 1096 206 1124 liter
224 1094 372 1124 230—231.

104 1147 133 1151 —
157 1136 185 1158 61
196 1129 533 1166 apostolinonfuerunt
544 1123 903 1162 dereligioneprivata23
926 1144 931 1150 .

104 1182 136 1185 fi
155 1165 291 1193 obedivit
306 1165 440 1199 diabolo,
461 1161 619 1198 quomodo
634 1160 901 1198 intelligitur⁴467l
926 1180 931 1185 .

106 1200 243 1228 Historia
262 1201 299 1227 de
320 1204 418 1226 morte
443 1202 471 1225 et
500 1196 727 1225 resurreccione
749 1194 863 1222 Christi
889 1198 933 1221 cst

143 1235 232 1262 nobis
252 1235 410 1262 fructuosa
429 1231 485 1260 331.

104 1270 243 1297 Verbum
265 1268 379 1297 Christi
401 1267 515 1295 habitet
534 1266 565 1293 in
585 1265 741 1293 viantibus
763 1272 818 1299 1¹9·

107 1304 326 1332 Beneficiencia
360 1301 475 1331 Christi
513 1305 558 1328 est
596 1300 723 1328 bonitati
754 1299 808 1326 [lei
840 1297 933 1325 ascri-

143 1339 240 1366 benda
259 1347 302 1372 41.

105 1374 295 1401 Excellencia
315 1373 468 1400 donorum
490 1369 605 1398 Christi
626 1368 688 1405 395.

106 1407 352 1470 UtJrugn'Chiiisti
379 1406 547 1443 promissio
572 1405 629 1433 tuit
655 1404 734 1432 facta
762 1402 934 1439 specialiter

161 1452 177 1470 u
204 1452 247 1470 615
269 1451 289 1470 1.
329 1451 371 1475 14.

109 1477 284 1505 Christiana
301 1465 411 1511 'religio
432 1484 449 1502 a
468 1475 533 1502 Deo
554 1473 724 1509 inspiratur
743 1471 809 1506 248.

107 1512 291 1540 Communis
312 1511 479 1539 christiana
501 1509 607 1544 religio
628 1508 742 1543 obligat
756 1515 864 1534 omnes
880 1506 934 1534 ho-

142 1547 250 1580 mines,
271 1547 366 1574 eciam
390 1547 493 1573 beatos
513 1544 542 1571 in
564 1543 662 1579 patria
682 1551 747 1577 247.

105 1598 138 1602 -
158 1598 191 1601 -
210 1597 242 1601 -
272 1586 317 1608 cst
338 1580 444 1614 religio
464 1587 556 1615 quam
577 1578 721 1606 Christus
747 1581 774 1604 et
802 1575 932 1612 apostoli

141 1617 344 1644 observarunt
364 1615 417 1643 236

105 1668 137 1671 —
157 1667 190 1670 ——
211 1666 239 1671 ——
263 1652 376 1686 obligat
397 1649 434 1677 ad
455 1647 688 1676 observanciam
717 1646 933 1674 mandatorum

141 1686 256 1713 Christi
278 1684 338 1720 233,
359 1684 422 1718 234.

104 1737 135 1741 -
155 1736 188 1741 —
207 1736 239 1740 —
260 1720 393 1748 decrevit
430 1727 446 1746 a
483 1723 622 1753 tempore
661 1724 721 1752 quo
761 1715 934 1743 introducte

145 1760 216 1783 sunt
237 1760 316 1782 secte
338 1763 392 1788 114.

110 1790 277 1819 Christiani
299 1788 458 1825 quomodo
480 1787 590 1814 debent
609 1785 639 1813 in
656 1784 869 1821 predicacione
884 1788 935 1810 aut

141 1829 245 1882 sa'izicta
265 1823 504 1852 conversacione
520 1821 691 1849 diffundere
706 1820 802 1854 legem
819 1818 933 1846 Christi

141 1867 197 1887 21..

105 1911 135 1913 —
160 1894 318 1929 quomodo
357 1893 467 1920 debent

145 1928 300 1964 2‘55—473-

110 1980 139 1983 —
163 1964 273 1991 debent
294 1963 357 1990 Deo
379 1961 504 1988 obedire
526 1961 580 1991 152,
603 1958 656 1987 153.

106 2014 138 2018 --
161 1999 271 2025 debent
301 2002 406 2032 aptare
438 1997 570 2023 formam
607 2002 692 2021 suam
727 1993 934 2028 exemplarem

142 2033 178 2060 ad
200 2031 459 2060 conformandum
484 2031 577 2058 vitam
607 2037 691 2056 suam
715 2028 813 2063 prime
835 2028 935 2063 regule

144 2068 205 2101 181.

109 2102 304 2130 Christianus
325 2101 410 2128 daret
429 2101 530 2127 locum
553 2099 595 2126 ire
617 2096 674 2126 103.

107 2152 140 2157 a-
161 2145 220 2164 non
243 2136 335 2163 nimis
356 2136 508 2163 insisteret
529 2134 609 2161 circa
629 2132 806 2167 questiones
821 2131 935 2158 mathe—

144 2172 271 2198 maticas
291 2169 335 2198 83.

111 2206 195 2233 Multi
218 2210 287 2233 sunt
308 2205 522 2232 nominetenus
543 2201 700 2230 christiani
723 2200 787 2235 376.

109 2241 368 2268 Christianismus
393 2238 541 2266 dividitur
567 2238 595 2265 in
624 2237 773 2272 populum
800 2234 934 2263 fidelium

146 2279 174 2302 ct
195 2275 332 2310 privatos
353 2274 478 2300 ordines
499 2273 543 2300 65.

111 2310 252 2337 (lii-culus
272 2309 441 2345 quadratus
460 2308 496 2335 51.

109 2345 251 2371 Clemens
267 2352 346 2379 papa
358 2342 532 2370 mendicare
545 2349 696 2377 pauperes
708 2338 863 2375 prohibuit
881 2346 934 2366 110.

111 2379 190 2406 Cleri
213 2383 310 2405 status
331 2377 382 2413 qui
405 2381 476 2404 sunt
496 2375 673 2403 destruendi
693 2375 788 2408 45415.

108 2413 218 2441 Clerici
234 2412 395 2440 inferiores
412 2411 646 2449 suntprincipes
656 2414 684 2437 et
695 2407 934 2444 potestates482.

106 2464 136 2468 —
154 2448 264 2475 debent
277 2447 433 2474 intendere
445 2443 881 2476 11151111111111151116661651616,
896 2450 934 2477 17.

109 2499 142 2502 -
162 2487 189 2509 61
227 2482 333 2517 prelati
374 2481 481 2508 cesarii
519 2480 654 2507 abiciunt
691 2479 787 2513 legem
820 2477 935 2504 Christi

145 2525 213 2544 611111
235 2525 289 2543 51111
310 2515 455 2551 pauperie
477 2514 536 2542 163.

114 2551 303 2578 Clericorum
325 2551 413 2585 culpe
434 2549 498 2585 397.

113 2585 248 2613 Clericos
278 2586 383 2612 dotare
412 2583 635 2618 temporalibus
661 2582 730 2618 plus
757 2585 934 2616 suspectum

144 2625 189 2647 651
209 2628 301 2656 quam
322 2619 497 2646 cohabitare
518 2626 587 2645 cum
609 2616 783 2645 fornicariis
804 2615 863 2651 167.

113 2655 156 2682 1)6
176 2654 439 2682 commessacione
459 2653 523 2686 416.

112 2689 319 2717 Commonere
339 2692 461 2715 nosmet
480 2688 565 2723 ipsos
587 2686 734 2714 debemus
756 2692 813 2713 120.

111 2724 221 2751 Utrum
252 2722 496 2750 communicacio
525 2722 554 2748 in
587 2721 752 2748 hereditate
779 2719 879 2746 celesti
909 2723 936 2746 et

146 2758 227 2785 racio
248 2758 347 2785 meiiti
368 2756 610 2795 correspondent
629 2754 713 2788 3—0,
735 2754 779 2782 65.

111 2792 348 2827 Compaciencia
369 2791 602 2819 necesS1tatibus
623 2795 799 2817 sanctorum
821 2787 866 2823 95.

107 2827 156 2855 Ad
178 2826 437 2862 compacienciam
459 2825 623 2860 requiritur
643 2824 809 2860 prudencia
829 2822 892 2856 324.

109 2862 153 2890 1)6
173 2861 391 2897 compassione
412 2859 623 2888 misericordie
645 2858 813 2894 spiritualis
834 2857 897 2891 324.

524 1889 723 1926 spiritualiter
778 1888 935 1915 ambulare

750 249 994 282 GENERAL
1018 248 1189 281 INDEX.

998 360 1263 396 Concupiscencia
1284 358 1349 387 365.

999 395 1206 424 Condiciones
1234 394 1404 422 laudabiles
1430 392 1599 421 secundum
1629 400 1705 427 quas
1738 390 1826 418 debe-

1034 439 1103 457 mus
1123 430 1153 457 in
1175 430 1276 457 seculo
1297 428 1474 456 conversari
1496 435 1542 463 97.

1000 465 1043 492 De
1063 465 1256 492 confessione
1277 471 1291 491 2
1315 486 1322 498 ,
1342 463 1387 498 28,
1410 463 1532 499 67-69,

1000 499 1163 529 Confessio
1184 507 1293 534 genera
1309 499 1334 526 is
1355 499 1402 534 67.

999 550 1032 554 —
1053 534 1233 561 auricularis
1254 533 1301 568 67.

1001 569 1044 596 De
1064 568 1258 596 confessione
1278 567 1409 603 generali
1430 567 1508 595 facta
1528 565 1584 593 soli
1604 565 1668 593 Deo
1694 564 1829 600 loquitur

1036 603 1195 639 Scriptura
1217 608 1320 630 sancta
1340 603 1386 638 67.

1002 638 1165 666 Confessio
1185 637 1366 664 auricularis
1386 641 1431 664 est
1450 635 1607 663 institucio
1635 633 1754 670 papalis
1781 634 1827 669 67.

1002 689 1032 692 -
1054 681 1112 711 que
1134 672 1356 708 blasphemiam
1380 675 1459 707 sapit
1479 669 1541 698 358.

1002 707 1068 735 Nisi
1090 707 1250 734 confessus
1263 705 1528 741 601111111151116111,
1550 712 1640 732 nemo
1656 702 1827 740 potenciam

1037 742 1127 769 habet
1147 741 1324 769 absolvendi
1347 749 1391 777 27.

1002 776 1073 804 Non
1107 777 1245 803 absolute
1277 775 1430 804 confessio
1469 773 1619 802 sacerdoti
1652 772 1827 808 requiritur,

1037 811 1105 839 licet
1124 812 1309 847 quandoque
1330 810 1449 846 proficit
1469 809 1518 837 68.

1004 845 1072 908 gne
1091 845 1129 873 ad
1150 846 1377 873 confessionem
1399 844 1597 880 requiruntur
1617 842 1666 870 68.

1031 880 1168 908 onfessio
1190 880 1278 907 debet
1298 880 1360 907 11611
1382 879 1411 906 111
1432 879 1564 914 Anglico
1585 885 1646 905 222.

1003 915 1047 943 De
1068 915 1323 942 contencionibus
1342 914 1401 948 415.

1004 950 1047 977 De
1067 950 1254 977 contricione
1275 950 1322 983 26,
1344 956 1388 985 27,
1410 948 1457 981 68,
1479 949 1528 983 (n).

1004 985 1189 1012 Miraculosa
1210 984 1372 1011 conversio
1392 983 1551 1018 gentilium
1573 983 1623 1016 64,
1644 981 1688 1009 65.

1004 1020 1134 1047 Fructus
1156 1018 1324 1054 spiritualis
1344 1017 1593 1046 conversacionis
1611 1016 1706 1051 41819.

1394 1125 1444 1156 D.

1004 1194 1130 1221 Decime
1151 1197 1220 1220 sunt
1239 1193 1414 1228 elemosyne
1433 1189 1587 1226 471—473.

1004 1229 1128 1264 Septem
1150 1228 1301 1255 maneries
1321 1227 1487 1254 demonum
1509 1226 1574 1253 260.

1005 1263 1170 1325 Carnalia5
1186 1262 1337 1290 desideria
1374 1261 1505 1289 militant
1542 1264 1648 1287 contra
1694 1259 1828 1286 animam

1039 1305 1153 1331 214-21
1175 1318 1180 1323 .

1004 1333 1087 1360 Deus
1108 1331 1241 1359 maxime
1261 1329 1484 1358 desiderandus
1504 1337 1549 1362 24.

1005 1368 1157 1404 Spernere
1177 1367 1274 1394 Deum
1297 1365 1515 1400 gravissimum
1538 1363 1593 1399 157.

1005 1402 1087 1429 Deus
1106 1409 1167 1428 non
1189 1405 1289 1436 potest
1309 1399 1449 1427 frustrari
1471 1399 1500 1426 in
1528 1406 1583 1425 suo
1605 1397 1765 1433 proposito
1787 1396 1827 1424 35.

1004 1437 1147 1479 —uhabet
1166 1434 1432 1463 distinctissimam
1454 1432 1598 1460 noticiam
1627 1431 1827 1468 singularium

1039 1479 1104 1501 5-0.

1004 1520 1037 1525 ——
1056 1491 1183 1533 (beatur
1203 1505 1284 1532 lleus
1305 1513 1318 1531 s
1344 1504 1367 1531 ei
1390 1503 1426 1531 15.

1004 1556 1033 1560 ——
1057 1541 1140 1568 dedit
1159 1539 1276 1567 homini
1298 1513 1427 1566 ligerum
1449 1537 1609 1564 arbitrium
1630 1543 1695 1573 229.

1004 1591 1036 1595 -
1057 1576 1126 1603 t'ecit
1146 1575 1235 1604 mala,
1279 1582 1313 1601 ue
1333 1573 1396 1601 226.

1005 1626 1036 1630 -
1058 1618 1118 1637 non
1141 1610 1288 1645 permittit
1309 1608 1371 1636 lieri
1393 1607 1507 1634 malum
1529 1606 1679 1641 culpabile
1694 1605 1747 1633 226
1762 1613 1827 1639 227.

969 1652 970 1663 ¹
1007 1645 1175 1683 Quodlibet
1195 1644 1275 1679 quod
1295 1644 1374 1670 Deus
1396 1642 1447 1669 dat
1468 1641 1584 1668 homini
1605 1644 1705 1675 potest
1727 1639 1827 1667 vocari

1042 1688 1141 1707 “racia
1164 1688 1178 1704 1Δ
1195 1680 1219 1707 5.

1005 1701 1147 1776 Ngnbest
1166 1688 1220 1772 §ei
1250 1712 1320 1740 boui
1348 1719 1475 1739 onerare
1503 1710 1635 1746 prelatos
1658 1708 1830 1745 possessio-

1041 1757 1070 1776 ni
1098 1758 1132 1776 115
1152 1756 1195 1776 2..

1007 1783 1174 1819 Quomodo
1195 1783 1342 1810 debemus
1368 1781 1477 1809 instrui
1508 1784 1539 1807 ut
1565 1779 1664 1807 debite
1685 1779 1748 1806 Deo
1769 1787 1830 1806 ser-

1040 1819 1160 1846 viamus
1181 1818 1243 1854 78-
1256 1819 1303 1844 So.

1006 1854 1154 1881 Diabolus
1175 1853 1255 1880 unde
1276 1858 1387 1879 nomen
1409 1850 1498 1877 habet
1517 1857 1584 1884 477,

1005 1904 1037 1908 -—
1058 1893 1085 1915 et
1106 1887 1331 1923 predestinatos
1350 1889 1477 1919 temptat
1498 1882 1564 1918 309.

1006 1923 1078 1950 Dies
1098 1922 1221 1950 Domini
1245 1931 1285 1956 19.

1006 1957 1174 2019 1)1511063610
1213 1957 1291 1984 111161
1323 1954 1501 1989 dignitatem
1535 1957 1563 1979 et
1589 1951 1830 1987 condignitatcm

1041 1993 1096 2022 215.
1137 1993 1177 2019 16.

1006 2027 1049 2054 De
1071 2026 1239 2054 dileccione
1260 2025 1313 2052 Dei
1336 2031 1397 2059 197.
1455 2057 1483 2060 .-

1006 2062 1175 2089 Ambulare
1195 2061 1225 2088 in
1247 2058 1412 2087 dileccione
1433 2060 1496 2084 100.

1007 2096 1174 2124 Caritativa
1194 2094 1320 2122 dileccio
1342 2093 1404 2122 106,
1426 2095 1484 2119 107.

1007 2131 1101 2159 Siffna
1121 2129 1276 2158 caritative
1298 2127 1475 2155 dileccionis
1496 2124 1644 2154 301-303.

1006 2151 1140 2192 Dileccio
1161 2165 1225 2192 sine
1246 2162 1445 2190 simulacione
1466 2170 1508 2191 (11.

1006 2201 1160 2227 Debemus
1180 2199 1360 2226 tribulantes
1381 2204 1437 2223 nos
1458 2192 1581 2230 diligere
1603 2203 1651 2229 94.

1007 2235 1160 2261 Debemus
1176 2235 1298 2261 fratrem
1315 2236 1454 2259 nostrum
1465 2230 1616 2265 complete
1626 2228 1751 2264 diligere
1762 2229 1830 2263 296.

1006 2270 1051 2297 1)6
1072 2268 1319 2296 dissensionibus
1339 2266 1397 2301 415.

1006 2304 1050 2331 De
1070 2303 1290 2331 distribucione
1311 2301 1389 2328 iusta
1409 2299 1466 2327 321.

1006 2339 1126 2366 Ditacio
1147 2336 1315 2376 spiritualis
1336 2343 1406 2370 449.

1008 2374 1049 2400 1)6
1070 2373 1191 2400 diviciis
1212 2372 1278 2406 450,
1300 2371 1357 2404 ι151.

971 2423 972 2426 =
1007 2408 1128 2436 Servire
1150 2407 1285 2434 Domino
1307 2404 1351 2440 93.

1007 2443 1094 2470 Dona
1115 2441 1251 2477 Spiritus
1272 2441 1303 2469 S.
1325 2439 1389 2475 378,
1412 2437 1476 2474 379.

1007 2478 1050 2504 De
1071 2477 1161 2504 donis
1181 2474 1344 2503 Trinitatis
1365 2475 1409 2501 82.

1007 2512 1050 2538 1)6
1071 2511 1232 2538 dotacione
1252 2517 1372 2536 cesarea
1393 2508 1438 2541 26,
1460 2515 1519 2534 201.

1007 2546 1115 2573 Utrum
1148 2545 1235 2572 liceat
1260 2543 1447 2571 secularibus
1473 2540 1607 2569 dominis
1638 2540 1831 2568 dotacionem

1042 2584 1195 2616 receptam
1217 2579 1373 2606 destruere
1393 2576 1515 2611 36-40.

1396 2673 1444 2704 Ε.

1007 2719 1050 2745 De
1071 2717 1213 2745 ebrietate
1235 2716 1300 2750 416.

1006 2753 1051 2780 De
1070 2752 1205 2780 Ecclesia
1225 2750 1293 2784 434,
1314 2749 1376 2784 435.

1006 2787 1141 2815 Ecclesia
1151 2786 1282 2813 sumitur
1292 2784 1469 2820 111-0111111216
1479 2782 1755 2818 predestinatorum
1766 2778 1830 2813 435.

1008 2821 1141 2849 heclesia
1163 2821 1298 2847 militans
1319 2819 1466 2847 dividitur
1494 2818 1522 2845 in
1550 2817 1663 2844 clerum
1685 2819 1712 2842 et
1732 2823 1830 2850 popu-

1043 2857 1105 2883 lum
1125 2855 1188 2890 452,
1209 2854 1272 2889 453.
