1944 3323
130 270 265 299 SERMO
288 259 400 317 xxv]
615 270 795 303 TERTIA
823 270 950 302 PARS.

129 392 205 428 que
243 379 528 428 syllogizantur
567 377 787 425 syllogismi
834 375 1081 425 expositorii‚
1121 374 1214 424 quia
1253 374 1314 411 vel
1359 383 1452 411 sunt

129 447 270 474 contra
294 438 413 474 fidem
437 436 633 484 scripture
655 435 715 472 vel
740 447 783 471 ex
807 435 969 471 racione
992 432 1233 470 diversitatis
1257 432 1451 480 signanda

129 505 220 533 sunt
242 495 423 533 vilissimi
446 493 720 543 paralogismi.
746 493 811 530 Sic
835 492 939 529 enim
961 491 1252 529 conveniebant
1269 490 1451 527 Christus

130 563 167 590 et
190 554 371 603 Baptista
403 565 524 601 preco
557 564 650 588 suus
681 551 721 588 in
750 551 968 597 sentencia,
992 551 1155 599 quando
1178 549 1333 598 primus
1357 548 1453 584 dixit

98 614 239 660 §quod
271 612 450 661 Baptista
472 610 557 660 fuit
588 610 727 646 Helias
759 618 796 646 et
829 610 1047 658 propheta3
1083 609 1282 644 secundus
1317 616 1451 643 autem

130 670 288 718 negavit
332 671 382 706 ad
424 681 586 706 sensum
632 667 871 716 equivocum
918 668 1027 715 quod
1066 666 1174 702 Elias
1219 666 1348 702 fuerat
1392 665 1454 701 vel

131 729 343 777 propheta,
390 736 428 764 et
472 726 528 763 ita
570 730 629 773 (ut
669 726 821 762 dictum
863 734 919 762 est
959 725 1102 761 diffuse
1140 723 1251 769 alibi)
1290 735 1334 760 ex
1372 736 1453 759 uno

130 787 256 823 latere
290 787 467 823 cavenda
502 793 559 821 est
591 784 791 832 ydolatria
825 792 861 820 et
894 796 937 820 ex
971 783 1049 820 alia
1082 783 1318 819 detestanda
1350 782 1454 818 blas-

131 844 307 893 phemia,
342 843 454 880 cuius
487 842 706 879 testificans
739 842 967 879 declaracio
1002 850 1059 878 est
1091 840 1305 889 scriptura.

76 921 115 943 10
189 902 378 951 Sequitur
427 910 561 938 autem
612 901 652 937 in
701 909 810 937 textu
853 899 1060 949 Apostoli:
1105 899 1258 935 Etenim
1305 898 1453 947 pascha

129 969 303 998 nostrum
319 961 568 1012 ymmolatus
599 966 654 995 est
682 959 873 995 Christus.
910 957 1102 1004 Quamvis
1134 965 1268 994 autem
1304 957 1453 1004 pascha

128 1019 187 1056 vel
221 1031 340 1068 pasce
363 1018 521 1055 dicatur
545 1017 749 1066 equivoce‚
774 1026 911 1053 tamen
939 1016 980 1052 in
1012 1014 1223 1064 proposito
1257 1014 1454 1063 accipitur

129 1090 202 1126 pro
247 1089 364 1126 agno,
412 1077 494 1113 filio
538 1075 610 1112 Dei
655 1075 907 1123 infiguratus.
962 1076 1077 1111 Unde
1121 1073 1223 1110 sicut
1269 1072 1452 1110 Christus

128 1137 252 1173 semel
275 1148 348 1184 pro
371 1147 531 1183 semper
553 1133 716 1171 intravit
739 1134 779 1169 in
802 1142 941 1170 sancta
969 1145 1042 1169 nec
1073 1141 1131 1169 est
1154 1131 1237 1168 eius
1266 1131 1454 1168 introicio

77 1202 114 1235 15
130 1195 349 1243 repetenda
381 1197 439 1238 (ut
471 1202 582 1242 patet
614 1194 868 1229 Hebreorum
903 1193 1003 1237 IX0)‚
1038 1190 1094 1227 sic
1128 1199 1185 1227 est
1219 1191 1267 1226 de
1298 1202 1455 1237 ymmo-

130 1252 287 1289 lacione
326 1251 443 1288 huius
475 1251 566 1299 agni
600 1251 671 1287 Dei
706 1249 878 1286 fideliter
910 1249 1184 1286 senciendum.
1232 1250 1319 1296 Ipse
1360 1260 1454 1296 ergo

131 1311 278 1348 dicitur
321 1309 623 1347 autonomatice
672 1309 820 1358 pascha
871 1315 1060 1355 nostrum,
1106 1316 1143 1344 et
1190 1306 1284 1343 licet
1330 1318 1456 1354 agnus

132 1369 332 1418 paschalis
356 1368 396 1405 in
418 1377 563 1404 natura
586 1380 658 1404 sua
679 1367 923 1415 precellebat
946 1374 1245 1403 sacramentum
1272 1373 1455 1401 nostrum

133 1429 242 1476 quod
275 1426 498 1475 accipimus
532 1426 571 1462 in
608 1424 848 1462 memoriam
882 1424 964 1461 veri
998 1423 1104 1476 agni,
1138 1432 1275 1460 tamen
1309 1423 1454 1471 figura-

76 1486 223 1527 2oliter
247 1487 356 1522 etad
388 1497 548 1521 sensum
580 1483 783 1520 misticum
808 1484 884 1519 hoc
917 1490 1216 1519 sacramentum
1252 1481 1454 1518 misticum

133 1544 286 1581 excedit
331 1551 585 1580 sacramenta
632 1541 775 1579 veteris
823 1540 1066 1577 testamenti.
1121 1541 1293 1588 Oportet
1348 1539 1455 1576 enim

134 1602 302 1651 figuram
350 1603 486 1638 datam
532 1600 621 1636 rudi
672 1600 825 1648 populo
875 1600 926 1636 ad
977 1599 1221 1636 credendum
1267 1597 1452 1634 Messiam

131 1669 343 1697 venturum
378 1671 463 1696 esse
496 1658 624 1706 magis
657 1657 886 1695 sensibilem
921 1666 957 1693 et
981 1656 1219 1694 naturaliter
1241 1657 1330 1704 plus
1364 1669 1456 1704 pro-

134 1719 327 1768 pinquam
361 1730 433 1754 suo
468 1717 639 1765 figurato
674 1729 796 1765 quam
830 1724 991 1764 oportet
1026 1714 1262 1751 memoriale
1297 1714 1337 1750 in
1370 1715 1456 1762 lege

75 1786 116 1819 25
132 1776 265 1826 gracie
303 1778 411 1825 quod
451 1775 502 1811 sit
534 1784 835 1812 sacramentum
877 1786 1108 1810 memorans
1147 1773 1252 1809 idern
1295 1785 1454 1821 corpus.

132 1838 222 1872 Non
254 1834 359 1871 enim
394 1842 452 1870 est
474 1834 553 1870 tale
587 1832 823 1870 memoriale
855 1831 1202 1868 sacramentaliter
1226 1843 1457 1867 memorans

133 1906 280 1942 corpus
319 1891 467 1930 Christi
513 1891 609 1940 quin
654 1891 704 1928 sit
747 1903 838 1927 vere
883 1899 920 1926 et
959 1890 1121 1927 realiter
1164 1889 1270 1925 idem
1311 1902 1456 1937 corpus

134 1950 296 1997 Christi,
342 1951 411 1987 sed
455 1951 621 1986 modum
669 1962 748 1999 quo
803 1957 862 1986 est
905 1961 1051 1997 corpus
1099 1947 1249 1984 Christi
1295 1956 1457 1996 oportet

135 2010 293 2046 fidelem
349 2009 570 2045 attendere.
624 2011 727 2044 Nam
778 2007 874 2044 unio
925 2007 992 2043 illa
1043 2006 1348 2043 sacramentalis
1400 2014 1457 2042 est

77 2076 120 2108 30
135 2067 308 2105 maxima
327 2067 428 2104 citra
450 2066 719 2115 ypostaticam
742 2066 954 2111 unionem3
979 2064 1082 2101 sicut
1105 2065 1210 2101 enim
1234 2065 1455 2101 secundum

135 2127 291 2173 regulas
324 2124 536 2173 Augustini
575 2124 730 2161 mistice
764 2133 801 2161 et
833 2137 915 2161 non
949 2122 1215 2172 corporaliter
1248 2122 1454 2159 Christum

135 2183 400 2229 comedimus,
440 2183 496 2219 sic
535 2184 612 2220 hoc
657 2191 957 2220 sacramentum
1002 2180 1352 2218 sacramentaliter
1397 2189 1455 2217 est

134 2243 202 2279 sed
253 2255 333 2278 non
377 2241 605 2290 ydemptice
656 2254 815 2290 corpus.
869 2243 958 2277 Non
1009 2239 1115 2277 enim
1170 2239 1267 2275 dixit
1298 2238 1456 2276 Veritas

134 2301 246 2337 illum
288 2313 434 2348 agnum
473 2300 676 2348 pascalem
719 2312 803 2336 esse
844 2311 990 2347 corpus
1023 2311 1139 2335 suum
1174 2297 1276 2334 sicut
1309 2310 1454 2346 panem

78 2358 254 2400 35istum
289 2358 385 2394 dixit
418 2370 502 2394 esse
536 2370 681 2406 corpus
714 2371 844 2403 suum,
879 2366 916 2393 et
946 2358 1017 2393 hec
1041 2365 1099 2393 est
1121 2355 1323 2392 sufficiens
1346 2355 1456 2392 racio

134 2416 375 2453 diversitatis
399 2428 522 2464 quare
556 2417 778 2452 secundum
802 2417 994 2452 debemus
1018 2416 1239 2452 concedere
1272 2415 1341 2450 sed
1373 2427 1455 2450 non

134 2475 323 2524 primum.
377 2475 469 2510 Ideo
508 2483 745 2522 argumenta
783 2473 1013 2522 ydiotarum
1055 2486 1076 2510 a
1111 2472 1232 2509 simili
1265 2472 1456 2508 deficiunt

134 2533 174 2570 in
208 2534 282 2570 hac
314 2541 442 2581 parte.

202 2655 227 2684 3.
250 2656 344 2684 Cod.:
367 2656 517 2684 vilissime
538 2656 757 2691 perlogissimi.
858 2655 900 2684 23.
923 2655 1019 2683 Cod.:
1042 2655 1197 2683 sensibile.
1297 2653 1336 2682 31.
1359 2654 1454 2681 Cod.:

134 2692 317 2726 Angustiiie.
392 2690 435 2720 32.
459 2690 554 2718 Cod.:
576 2691 786 2718 comedemus.

203 2774 235 2805 4.
263 2764 383 2796 Matth.
411 2764 469 2804 XI,
493 2774 548 2803 ¹43
575 2763 653 2795 Joh.
680 2764 703 2804 1,
731 2775 783 2795 21.
894 2774 941 2795 ιο.
971 2764 993 2796 Ι.
1022 2764 1101 2795 Cor.
1121 2764 1161 2802 V,
1190 2773 1221 2805 7.
1341 2762 1394 2794 31.
1421 2764 1455 2793 S.

135 2813 224 2853 Aug.
251 2811 307 2843 111.
341 2811 390 2842 De
417 2811 583 2842 Doctrina
609 2809 807 2842 Christiana
836 2810 928 2853 Opp.
956 2818 1039 2842 tom.
1067 2811 1122 2850 III,
1151 2810 1204 2841 52.
1235 2809 1343 2851 Epist.
1372 2809 1454 2839 XIV

136 2857 178 2888 ad
201 2857 421 2889 Bonisacium
448 2857 539 2899 Opp.
561 2864 646 2888 tom.
667 2856 707 2889 11.
727 2856 789 2899 Ep.
811 2857 963 2895 XCVIII,
982 2867 1012 2899 o.
1042 2857 1092 2888 Cf.
1113 2857 1227 2888 Serm.
1252 2865 1310 2886 sec
1352 2865 1456 2897 pars..

137 2913 215 2946 pag.
240 2903 319 2945 453.

1256 2960 1324 2992 13³⁶

1664 259 1737 306 195

1479 907 1546 934 Oui·
1565 908 1685 943 symbol
1707 909 1733 936 is

1477 942 1605 970 inferior
1625 948 1655 970 to
1676 944 1740 971 that

1469 978 1503 1005 of
1515 978 1563 1005 llic
1580 978 1617 1004 O.
1631 978 1668 1006 Τ.
1686 979 1743 1005 ltlie

1485 1013 1608 1048 paschal
1631 1014 1733 1046 lambi,

1546 1049 1597 1075 but
1618 1057 1676 1075 our

1522 1088 1695 1111 sacrament

1490 1119 1589 1146 excels
1612 1119 1674 1145 that
1696 1119 1726 1145 in

1505 1153 1714 1188 significance.

1574 2189 1641 2217 The

1506 2225 1707 2264 sacramenta}

1501 2268 1594 2286 nnion
1617 2268 1642 2287 is
1665 2264 1716 2286 not

1516 2295 1700 2330 liyposlatic.
