1944 3323
136 248 215 284 442

152 535 218 561 The
241 535 379 569 pre-lates*

149 570 286 596 doctrint¹
308 570 390 596 leads

179 613 213 630 us
234 610 263 630 to
287 605 372 630 malie

155 639 287 665 Christ's
309 638 391 673 body

155 674 203 700 llic
224 673 338 707 subjeci
360 674 395 700 01·

172 709 207 734 all
232 709 321 735 kinds
343 708 376 734 of

188 744 351 770 accidcnts.

139 1403 206 1430 The
220 1402 413 1435 three-things

147 1439 243 1465 which
267 1440 353 1466 malie
375 1448 414 1473 up

147 1474 194 1499 the
218 1479 406 1503 sacrament:

205 1509 253 1535 the
275 1509 353 1540 host,

154 1543 286 1570 Christ's
311 1544 401 1573 bodv,

172 1579 220 1604 the
242 1579 333 1605 anion
357 1575 391 1605 ‹1‘1'

178 1615 225 1640 the
247 1614 384 1640 Cliurch.

719 244 941 275 JOHANNIS
962 244 1143 275 WYCLIF
1161 244 1415 275 SERMONUM
1508 229 1660 286 [SERMO
1682 240 1729 267 LI-

481 351 686 392 Similiter,
720 351 749 386 si
784 350 934 398 aliquid
968 350 1152 386 accidens
1187 350 1270 386 sine
1303 349 1482 385 subiecto
1515 350 1562 384 sit
1587 362 1731 396 corpus

424 410 584 449 Christi,
629 409 809 457 sequitur
841 410 947 456 quod
988 408 1163 456 quelibet
1202 421 1293 455 pars
1332 407 1437 443 illius
1476 407 1524 442 sit
1563 407 1602 442 in
1641 409 1732 442 sub-

424 469 538 507 iecto,
574 467 667 515 quia
701 467 739 502 in
773 479 942 514 corpore
967 465 1112 501 Christi
1137 467 1245 514 quod
1270 475 1325 502 est
1359 465 1603 509 subiectum3
1637 477 1729 500 nam

423 539 492 573 per
525 526 644 561 talem
678 524 941 571 sillogismum
977 523 1261 571 expositorium
1296 523 1486 559 inferrent
1528 522 1731 570 potissime

423 585 531 631 quod
576 582 760 618 accidens
804 581 887 618 sine
931 581 1111 617 subiecto
1156 581 1204 617 sit
1250 594 1396 629 corpus
1436 580 1597 621 Christi,
1639 580 1763 628 quia5

425 642 519 677 illud
559 648 870 684 sacramentum,
911 649 948 676 et
986 639 1083 675 illud
1118 648 1174 675 est
1207 639 1390 675 accidens
1423 638 1506 674 sine
1539 638 1731 674 subiecto.

426 702 497 735 l‘er
530 698 634 734 idem
670 706 802 734 autem
837 705 1070 746 sequeretur
1103 698 1210 745 quod
1244 697 1460 745 quantitas,
1491 696 1662 744 qualitas
1696 705 1732 731 et

425 766 556 793 cetera
596 756 824 792 accidencia
865 755 1058 804 parcialia
1102 764 1192 791 sunt
1236 755 1275 790 in
1319 755 1511 799 subiecto,
1558 753 1651 802 quia
1695 753 1734 789 in

425 828 497 851 suo
542 823 640 860 toto,
680 815 786 862 quod
833 823 889 850 est
929 826 1074 861 corpus
1115 812 1262 850 Christi
1301 822 1337 849 et
1377 825 1448 860 per
1487 824 1734 859 consequens

426 873 662 909 subiectum.
710 874 790 908 Nec
831 873 950 908 credo
990 872 1097 919 quod
1138 870 1266 906 fidelis
1307 870 1451 918 aliquis
1490 871 1539 906 ad
1578 878 1791 905 tantum10

427 930 597 967 insaniet
636 931 743 978 quod
789 938 904 977 neget
950 929 1047 965 illud
1092 937 1370 964 consecratum
1412 941 1433 964 a
1473 927 1655 963 fidelibus
1696 927 1733 962 in

428 1002 548 1025 manu
581 987 800 1036 presbyteri
834 999 916 1024 esse
949 995 1260 1031 sacramentum,
1295 995 1337 1021 ut
1360 995 1469 1034 patet
1492 998 1535 1021 ex
1560 985 1733 1032 descrip-

427 1047 541 1083 cione
573 1045 815 1082 sacramenti
849 1054 885 1081 et
918 1045 1150 1081 testimonio
1188 1053 1419 1080 sanctorum
1461 1052 1498 1080 et
1537 1056 1734 1092 paparum

427 1104 618 1141 concordi
653 1117 741 1140 cum
776 1102 1066 1140 testificacione
1100 1102 1266 1139 ecclesie
1300 1101 1496 1138 cantantis
1531 1102 1637 1149 quod

700 1163 845 1198 Fracto
879 1162 1029 1197 demum
1062 1168 1306 1197 sacramento
1756 1161 1791 1192 15

703 1221 789 1255 Non
826 1220 980 1255 vacilles
1011 1220 1079 1255 sed
1109 1226 1295 1255 memento
1328 1226 1400 1254 ete.

486 1280 561 1314 Sed
598 1272 659 1313 isti
693 1287 853 1325 satrape
886 1276 925 1312 in
947 1278 1187 1313 Terremotu
1219 1289 1288 1312 sue
1320 1275 1461 1323 synodi
1484 1275 1733 1311 vacillarunt.

429 1339 607 1373 Concors
651 1349 743 1383 ergo
788 1336 918 1382 legum
964 1347 1160 1382 paparum
1207 1333 1410 1370 sentencia
1453 1341 1510 1368 est
1552 1334 1658 1380 quod
1698 1333 1737 1367 in

430 1395 505 1430 isto
538 1402 791 1430 sacramento
825 1402 881 1429 est
916 1394 1010 1428 dare
1043 1392 1131 1437 tria,
1173 1391 1323 1428 scilicet
1361 1399 1659 1427 sacramentum
1700 1399 1736 1426 et

430 1465 509 1487 non
544 1465 624 1488 rem
659 1460 700 1487 ut
735 1460 791 1487 est
825 1451 920 1486 illud
955 1450 1140 1486 sensibile
1173 1457 1483 1491 sacramentum,
1518 1457 1554 1484 et
1586 1460 1668 1484 rem
1700 1457 1736 1483 et
1754 1458 1794 1479 20

430 1518 727 1546 sacramentum
769 1518 810 1545 ut
851 1518 908 1544 est
949 1521 1094 1556 corpus
1129 1507 1390 1552 dominicum,
1426 1515 1462 1542 et
1495 1505 1620 1542 tercio
1653 1518 1734 1541 rem
1764 1542 1777 1548 ⁷,

431 1577 467 1604 et
501 1580 581 1604 non
613 1576 911 1604 sacramentum
941 1562 945 1619 l
975 1574 1016 1601 ut
1050 1575 1105 1602 est
1138 1565 1232 1601 unio
1258 1566 1531 1601 membrorum
1558 1563 1735 1600 ecclesie.
1755 1542 1838 1630 ἓξ,

432 1627 647 1671 Quomodo
687 1638 779 1673 ergo
820 1625 920 1661 foret
960 1625 1034 1660 hoc
1073 1632 1368 1660 sacramentum
1409 1622 1565 1670 signum
1600 1621 1738 1658 efficax

430 1683 579 1720 amoris
613 1683 722 1731 pacis
757 1692 793 1719 et
825 1682 983 1718 unionis
1017 1681 1180 1718 ecclesie
1210 1680 1471 1721 inductivum,
1506 1692 1595 1716 curn
1620 1692 1738 1727 super

430 1742 517 1789 ipso
557 1750 593 1777 et
632 1740 791 1778 Christo
833 1749 922 1776 sunt
961 1749 1019 1776 tot
1060 1739 1268 1775 mendacia
1307 1738 1534 1775 cumulata?
1578 1737 1793 1773 Mentiri25

430 1799 627 1848 siquidem
668 1812 787 1847 super
819 1797 991 1846 simplici
1026 1797 1245 1834 christiano
1279 1806 1335 1833 est
1369 1808 1558 1843 magnum
1599 1807 1737 1843 pecca-

430 1867 528 1903 tum,
564 1866 715 1905 quanto
750 1856 874 1904 magis
908 1855 1066 1891 mentiri
1105 1865 1186 1891 tam
1230 1853 1503 1902 multipliciter
1541 1865 1658 1900 super
1698 1865 1738 1888 re

431 1925 511 1952 tam
546 1914 776 1955 venerabili,
817 1913 917 1950 sicut
958 1922 1014 1949 est
1048 1913 1229 1949 Christus
1269 1925 1357 1948 cum
1392 1924 1463 1947 suo
1497 1923 1667 1958 corpore
1702 1919 1737 1946 et

432 1983 639 2021 tamquam
683 1973 802 2008 fidem
836 1972 933 2007 illud
968 1971 1222 2007 mendacium
1257 1979 1337 2006 tam
1372 1968 1648 2005 universaliter
1679 1981 1737 2004 se-

434 2031 612 2067 minare?
658 2031 839 2066 Membra
885 2039 1016 2066 autem
1065 2028 1229 2064 ecclesie
1274 2029 1419 2063 debent
1463 2025 1795 2074 compaginatisso

432 2091 481 2126 ad
515 2088 683 2124 invicem
718 2087 756 2123 in
789 2100 868 2123 uno
901 2086 1075 2134 simplici
1113 2086 1271 2122 vinculo
1310 2084 1501 2128 veritatis,
1543 2084 1597 2120 sic
1631 2085 1737 2132 quod

433 2147 510 2183 sint
558 2159 680 2182 unum
727 2158 873 2193 corpus
913 2144 1058 2181 Christi
1099 2143 1300 2180 misticum
1341 2156 1421 2179 non
1462 2155 1504 2178 ex
1551 2141 1739 2178 membris

434 2204 583 2241 diaboli
624 2203 690 2252 qui
734 2213 790 2239 est
831 2211 944 2251 pater
984 2201 1181 2238 mendacii
1220 2202 1504 2249 stragulatum
1551 2209 1587 2235 et
1626 2200 1740 2235 debet

434 2264 483 2299 ad
528 2262 777 2298 conformem
824 2274 983 2297 sensum
1031 2259 1197 2296 ecclesia
1246 2271 1329 2295 esse
1377 2271 1455 2294 una
1501 2257 1636 2293 anima
1679 2257 1740 2292 vel

434 2333 536 2356 unus
581 2319 757 2367 spiritus,
798 2318 891 2367 quia
930 2321 962 2354 1²¹
1000 2317 1104 2354 Petri
1137 2319 1207 2352 VI‘J
1251 2316 1416 2352 dicitur:
1463 2315 1540 2364 Qui
1581 2316 1741 2351 adheret
1757 2315 1796 2347 35

434 2380 532 2425 Deo,
566 2390 662 2413 unus
693 2377 853 2426 spiritus
885 2384 950 2412 est.

506 2521 524 2539 1.
547 2512 640 2538 Cod.:
671 2511 763 2537 aliud.
910 2510 949 2537 io.
973 2509 1076 2536 Recte:
1104 2517 1141 2536 ne
1166 2508 1300 2535 vacilles.
1442 2515 1480 2534 21.
1504 2507 1598 2534 Coi:
1627 2506 1655 2532 id
1685 2510 1729 2532 est

435 2546 476 2574 35.
498 2546 594 2579 Petri·
617 2551 687 2573 rect.
709 2546 780 2573 Cor.

510 2630 557 2662 15
576 2630 656 2660 The
670 2630 851 2671 Sequence
871 2628 923 2658 for
942 2627 1001 2659 the
1022 2626 1107 2658 feast
1126 2625 1165 2657 of
1177 2627 1314 2668 Corpus
1331 2625 1470 2657 Christi.
1490 2625 1539 2655 Ex
1555 2624 1739 2665 Sequentia

435 2677 467 2708 S.
478 2677 641 2706 Thomae
657 2675 853 2717 Aquinatis,
872 2674 999 2705 Lauda
1017 2674 1099 2705 Sion
1122 2673 1365 2708 ςαῖυαΐοὶεηι
1385 2679 1442 2702 str.
1463 2672 1502 2701 X.
1523 2672 1586 2700 See
1609 2670 1739 2705 Daniel

435 2723 543 2753 Thes.
565 2722 695 2764 hymn„
715 2723 784 2752 vol.
804 2721 841 2757 11,
868 2731 909 2763 97
937 2730 1034 2761 seqq
1063 2719 1114 2749 Cf
1136 2718 1294 2756 1,,εε1115τ
1320 2718 1399 2749 Joh.
1425 2717 1599 2748 v.W⁴1ciif
1622 2717 1644 2753 1,
1662 2714 1738 2756 637.

443 2779 490 2803 ro.
517 2770 542 2799 <
548 2768 568 2799 f
590 2769 807 2807 Irialogum‚
827 2776 903 2808 pag.
925 2768 999 2806 248.
1021 2766 1119 2796 Hunc
1139 2766 1255 2795 locum
1275 2772 1306 2794 et
1327 2765 1357 2794 in
1379 2764 1551 2805 opusculo
1570 2763 1739 2793 ,Iohannis

439 2816 522 2851 Hus,
541 2815 590 2845 De
616 2824 762 2855 corpore
782 2813 909 2844 Christi
931 2813 1037 2854 (Opp.
1066 2813 1087 2849 1,
1108 2810 1166 2842 fol.
1192 2809 1271 2850 146¹
1281 2813 1291 2850 )
1312 2811 1479 2840 invenies.
1505 2808 1555 2839 Cf.
1578 2807 1739 2845 Loserth,

438 2860 572 2902 Wychf
594 2860 659 2890 and
691 2861 762 2890 Hus
788 2859 905 2900 (Engl
934 2860 1012 2899 ed.)‚
1039 2866 1118 2898 pag.
1146 2855 1222 2898 287.
1320 2854 1371 2887 35.
1402 2856 1424 2886 1.
1451 2855 1531 2886 Cor.
1550 2854 1605 2893 VI,
1638 2863 1686 2894 17.
