<?xml version="1.0" encoding="UTF-8"?>
<!DOCTYPE html PUBLIC "-//W3C//DTD XHTML 1.0 Transitional//EN"
    "http://www.w3.org/TR/xhtml1/DTD/xhtml1-transitional.dtd">
<html xmlns="http://www.w3.org/1999/xhtml" xml:lang="en" lang="en">
 <head>
  <title>
</title>
<meta http-equiv="Content-Type" content="text/html;charset=utf-8" />
  <meta name='ocr-system' content='tesseract 3.04.00' />
  <meta name='ocr-capabilities' content='ocr_page ocr_carea ocr_par ocr_line ocrx_word'/>
</head>
<body>
  <div class='ocr_page' id='page_1' title='image "./iohanniswyclifse0703wycl_0530.png"; bbox 0 0 1944 3323; ppageno 0'>
   <div class='ocr_carea' id='block_1_1' title="bbox 148 227 1738 285">
    <p class='ocr_par' dir='ltr' id='par_1_1' title="bbox 148 227 1738 285">
     <span class='ocr_line' id='line_1_1' title="bbox 148 227 1738 285; baseline -0.009 -3"><span class='ocrx_word' id='word_1_1' title='bbox 148 235 222 273; x_wconf 76' lang='lat'><strong>508</strong></span> <span class='ocrx_word' id='word_1_2' title='bbox 725 243 947 276; x_wconf 76' lang='lat' dir='ltr'>JOHANNIS</span> <span class='ocrx_word' id='word_1_3' title='bbox 966 243 1148 275; x_wconf 56' lang='lat' dir='ltr'><strong>WYcLu?</strong></span> <span class='ocrx_word' id='word_1_4' title='bbox 1169 241 1424 274; x_wconf 81' lang='lat' dir='ltr'>SERMONUM</span> <span class='ocrx_word' id='word_1_5' title='bbox 1457 227 1608 285; x_wconf 81' lang='lat' dir='ltr'>[SERMO</span> <span class='ocrx_word' id='word_1_6' title='bbox 1630 237 1738 265; x_wconf 75' lang='lat' dir='ltr'><strong>Lvni.</strong></span> 
     </span>
    </p>
   </div>
   <div class='ocr_carea' id='block_1_2' title="bbox 148 346 1806 1558">
    <p class='ocr_par' dir='ltr' id='par_1_2' title="bbox 432 346 1738 397">
     <span class='ocr_line' id='line_1_2' title="bbox 432 346 1738 397; baseline -0.005 -9"><span class='ocrx_word' id='word_1_7' title='bbox 432 351 624 397; x_wconf 89' lang='lat' dir='ltr'><strong>subiecto,</strong></span> <span class='ocrx_word' id='word_1_8' title='bbox 660 350 755 388; x_wconf 89' lang='lat' dir='ltr'><strong>dicit</strong></span> <span class='ocrx_word' id='word_1_9' title='bbox 789 349 1015 387; x_wconf 85' lang='lat' dir='ltr'><strong>cvidencius</strong></span> <span class='ocrx_word' id='word_1_10' title='bbox 1049 350 1157 397; x_wconf 86' lang='lat' dir='ltr'><strong>quod</strong></span> <span class='ocrx_word' id='word_1_11' title='bbox 1181 351 1285 385; x_wconf 90' lang='lat' dir='ltr'><strong>Deus</strong></span> <span class='ocrx_word' id='word_1_12' title='bbox 1318 356 1448 396; x_wconf 88' lang='lat' dir='ltr'><strong>potest</strong></span> <span class='ocrx_word' id='word_1_13' title='bbox 1481 348 1557 383; x_wconf 91' lang='lat' dir='ltr'><strong>hoc</strong></span> <span class='ocrx_word' id='word_1_14' title='bbox 1589 346 1738 391; x_wconf 82' lang='lat' dir='ltr'><strong>facere3</strong></span> 
     </span>
    </p>

    <p class='ocr_par' dir='ltr' id='par_1_3' title="bbox 432 403 1741 458">
     <span class='ocr_line' id='line_1_3' title="bbox 432 403 1741 458; baseline -0.005 -12"><span class='ocrx_word' id='word_1_15' title='bbox 432 411 540 458; x_wconf 90' lang='lat' dir='ltr'><strong>quod</strong></span> <span class='ocrx_word' id='word_1_16' title='bbox 573 409 605 446; x_wconf 89' lang='lat' dir='ltr'><strong>si</strong></span> <span class='ocrx_word' id='word_1_17' title='bbox 628 412 733 446; x_wconf 90' lang='lat' dir='ltr'><strong>Deus</strong></span> <span class='ocrx_word' id='word_1_18' title='bbox 756 421 836 444; x_wconf 92' lang='lat' dir='ltr'><strong>non</strong></span> <span class='ocrx_word' id='word_1_19' title='bbox 860 416 1002 456; x_wconf 88' lang='lat' dir='ltr'><strong>potest,</strong></span> <span class='ocrx_word' id='word_1_20' title='bbox 1036 415 1146 455; x_wconf 85' lang='lat' dir='ltr'><strong>patet</strong></span> <span class='ocrx_word' id='word_1_21' title='bbox 1169 407 1276 455; x_wconf 89' lang='lat' dir='ltr'><strong>quod</strong></span> <span class='ocrx_word' id='word_1_22' title='bbox 1307 406 1537 453; x_wconf 80' lang='lat' dir='ltr'>blaspheme</span> <span class='ocrx_word' id='word_1_23' title='bbox 1570 403 1741 452; x_wconf 87' lang='lat' dir='ltr'>imponit</span> 
     </span>
    </p>

    <p class='ocr_par' dir='ltr' id='par_1_4' title="bbox 434 463 1741 516">
     <span class='ocr_line' id='line_1_4' title="bbox 434 463 1741 516; baseline -0.005 -12"><span class='ocrx_word' id='word_1_24' title='bbox 434 470 516 504; x_wconf 90' lang='lat' dir='ltr'><strong>Deo</strong></span> <span class='ocrx_word' id='word_1_25' title='bbox 550 469 659 516; x_wconf 88' lang='lat' dir='ltr'><strong>quod</strong></span> <span class='ocrx_word' id='word_1_26' title='bbox 697 466 771 503; x_wconf 92' lang='lat' dir='ltr'><strong>sibi</strong></span> <span class='ocrx_word' id='word_1_27' title='bbox 808 479 890 502; x_wconf 91' lang='lat' dir='ltr'><strong>non</strong></span> <span class='ocrx_word' id='word_1_28' title='bbox 929 474 1061 514; x_wconf 88' lang='lat' dir='ltr'><strong>potest</strong></span> <span class='ocrx_word' id='word_1_29' title='bbox 1101 474 1341 513; x_wconf 82' lang='lat' dir='ltr'><strong>competere.</strong></span> <span class='ocrx_word' id='word_1_30' title='bbox 1384 466 1511 499; x_wconf 89' lang='lat' dir='ltr'><strong>Immo</strong></span> <span class='ocrx_word' id='word_1_31' title='bbox 1545 463 1638 498; x_wconf 87' lang='lat' dir='ltr'><strong>dato</strong></span> <span class='ocrx_word' id='word_1_32' title='bbox 1672 474 1741 510; x_wconf 86' lang='lat' dir='ltr'><strong>per</strong></span> 
     </span>
    </p>

    <p class='ocr_par' dir='ltr' id='par_1_5' title="bbox 433 520 1775 631">
     <span class='ocr_line' id='line_1_5' title="bbox 434 520 1741 573; baseline -0.005 -11"><span class='ocrx_word' id='word_1_33' title='bbox 434 525 682 573; x_wconf 86' lang='lat' dir='ltr'><strong>impossibile</strong></span> <span class='ocrx_word' id='word_1_34' title='bbox 706 525 813 573; x_wconf 91' lang='lat' dir='ltr'><strong>quod</strong></span> <span class='ocrx_word' id='word_1_35' title='bbox 837 523 910 560; x_wconf 90' lang='lat' dir='ltr'><strong>sibi</strong></span> <span class='ocrx_word' id='word_1_36' title='bbox 936 531 1195 571; x_wconf 87' lang='lat' dir='ltr'><strong>competeret,</strong></span> <span class='ocrx_word' id='word_1_37' title='bbox 1230 524 1335 558; x_wconf 89' lang='lat' dir='ltr'><strong>Deus</strong></span> <span class='ocrx_word' id='word_1_38' title='bbox 1359 534 1398 558; x_wconf 89' lang='lat' dir='ltr'><strong>se</strong></span> <span class='ocrx_word' id='word_1_39' title='bbox 1421 520 1553 569; x_wconf 86' lang='lat' dir='ltr'><strong>ipsum</strong></span> <span class='ocrx_word' id='word_1_40' title='bbox 1585 532 1741 556; x_wconf 85' lang='lat' dir='ltr'><strong>summe</strong></span> 
     </span>
     <span class='ocr_line' id='line_1_6' title="bbox 433 578 1775 631; baseline -0.006 -11"><span class='ocrx_word' id='word_1_41' title='bbox 433 584 701 631; x_wconf 77' lang='lat' dir='ltr'><strong>imperticeret</strong></span> <span class='ocrx_word' id='word_1_42' title='bbox 746 591 865 631; x_wconf 86' lang='lat' dir='ltr'><strong>atque</strong></span> <span class='ocrx_word' id='word_1_43' title='bbox 906 583 1140 618; x_wconf 88' lang='lat' dir='ltr'><strong>destrueret.</strong></span> <span class='ocrx_word' id='word_1_44' title='bbox 1188 580 1286 626; x_wconf 90' lang='lat' dir='ltr'><strong>Quis</strong></span> <span class='ocrx_word' id='word_1_45' title='bbox 1331 592 1423 627; x_wconf 83' lang='lat' dir='ltr'><strong>ergo</strong></span> <span class='ocrx_word' id='word_1_46' title='bbox 1468 579 1597 614; x_wconf 89' lang='lat' dir='ltr'><strong>honor</strong></span> <span class='ocrx_word' id='word_1_47' title='bbox 1641 578 1775 613; x_wconf 86' lang='lat' dir='ltr'><strong>foret5</strong></span> 
     </span>
    </p>

    <p class='ocr_par' dir='ltr' id='par_1_6' title="bbox 433 637 1742 689">
     <span class='ocr_line' id='line_1_7' title="bbox 433 637 1742 689; baseline -0.005 -12"><span class='ocrx_word' id='word_1_48' title='bbox 433 642 553 677; x_wconf 89' lang='lat' dir='ltr'><strong>talem</strong></span> <span class='ocrx_word' id='word_1_49' title='bbox 584 640 810 689; x_wconf 80' lang='lat' dir='ltr'><strong>passionem</strong></span> <span class='ocrx_word' id='word_1_50' title='bbox 836 643 919 676; x_wconf 88' lang='lat' dir='ltr'><strong>Deo</strong></span> <span class='ocrx_word' id='word_1_51' title='bbox 952 639 1172 687; x_wconf 83' lang='lat' dir='ltr'><strong>imponere,</strong></span> <span class='ocrx_word' id='word_1_52' title='bbox 1207 651 1294 674; x_wconf 88' lang='lat' dir='ltr'><strong>cum</strong></span> <span class='ocrx_word' id='word_1_53' title='bbox 1330 638 1547 674; x_wconf 87' lang='lat' dir='ltr'><strong>secundum</strong></span> <span class='ocrx_word' id='word_1_54' title='bbox 1572 637 1742 684; x_wconf 88' lang='lat' dir='ltr'><strong>Aposto-</strong></span> 
     </span>
    </p>

    <p class='ocr_par' dir='ltr' id='par_1_7' title="bbox 148 693 1802 920">
     <span class='ocr_line' id='line_1_8' title="bbox 184 693 1743 748; baseline -0.005 -12"><span class='ocrx_word' id='word_1_55' title='bbox 184 705 299 743; x_wconf 73' lang='lat' dir='ltr'><strong>¹There</strong></span> <span class='ocrx_word' id='word_1_56' title='bbox 318 713 373 745; x_wconf 53' lang='lat' dir='ltr'><strong>arg</strong></span> <span class='ocrx_word' id='word_1_57' title='bbox 434 701 514 735; x_wconf 82' lang='lat' dir='ltr'><strong>lum</strong></span> <span class='ocrx_word' id='word_1_58' title='bbox 541 700 647 735; x_wconf 75' lang='lat' dir='ltr'><strong>Deus</strong></span> <span class='ocrx_word' id='word_1_59' title='bbox 679 712 718 735; x_wconf 75' lang='lat' dir='ltr'><strong>se</strong></span> <span class='ocrx_word' id='word_1_60' title='bbox 750 699 871 748; x_wconf 77' lang='lat' dir='ltr'><strong>ipsum</strong></span> <span class='ocrx_word' id='word_1_61' title='bbox 906 710 1052 748; x_wconf 72' lang='lat' dir='ltr'><strong>negare</strong></span> <span class='ocrx_word' id='word_1_62' title='bbox 1084 709 1156 732; x_wconf 82' lang='lat' dir='ltr'><strong>non</strong></span> <span class='ocrx_word' id='word_1_63' title='bbox 1185 703 1323 745; x_wconf 76' lang='lat' dir='ltr'><strong>potest.</strong></span> <span class='ocrx_word' id='word_1_64' title='bbox 1358 697 1405 731; x_wconf 82' lang='lat' dir='ltr'><strong>Et</strong></span> <span class='ocrx_word' id='word_1_65' title='bbox 1438 694 1493 731; x_wconf 91' lang='lat' dir='ltr'><strong>sic</strong></span> <span class='ocrx_word' id='word_1_66' title='bbox 1528 695 1575 730; x_wconf 83' lang='lat' dir='ltr'><strong>de</strong></span> <span class='ocrx_word' id='word_1_67' title='bbox 1609 693 1743 729; x_wconf 88' lang='lat' dir='ltr'><strong>multis</strong></span> 
     </span>
     <span class='ocr_line' id='line_1_9' title="bbox 148 739 1743 807; baseline -0.009 -6"><span class='ocrx_word' id='word_1_68' title='bbox 148 739 417 807; x_wconf 52' lang='lat' dir='ltr'><strong>ssuciiii11¹c&gt;¹iaii&lt;iJ⁰d</strong></span> <span class='ocrx_word' id='word_1_69' title='bbox 435 770 510 805; x_wconf 89' lang='lat' dir='ltr'><strong>que</strong></span> <span class='ocrx_word' id='word_1_70' title='bbox 542 756 726 793; x_wconf 87' lang='lat' dir='ltr'><strong>videntur</strong></span> <span class='ocrx_word' id='word_1_71' title='bbox 758 756 797 792; x_wconf 90' lang='lat' dir='ltr'><strong>in</strong></span> <span class='ocrx_word' id='word_1_72' title='bbox 830 755 1023 793; x_wconf 80' lang='lat' dir='ltr'><strong>creaturis</strong></span> <span class='ocrx_word' id='word_1_73' title='bbox 1055 766 1198 791; x_wconf 87' lang='lat' dir='ltr'><strong>sonare</strong></span> <span class='ocrx_word' id='word_1_74' title='bbox 1223 753 1405 802; x_wconf 85' lang='lat' dir='ltr'><strong>potencie</strong></span> <span class='ocrx_word' id='word_1_75' title='bbox 1428 752 1667 797; x_wconf 87' lang='lat' dir='ltr'><strong>libertatem,</strong></span> <span class='ocrx_word' id='word_1_76' title='bbox 1702 760 1743 787; x_wconf 89' lang='lat' dir='ltr'><strong>ut</strong></span> 
     </span>
     <span class='ocr_line' id='line_1_10' title="bbox 194 809 1744 871; baseline -0.005 -19"><span class='ocrx_word' id='word_1_77' title='bbox 194 809 368 871; x_wconf 48' lang='lat' dir='ltr'><strong>{Uffifflhbeg</strong></span> <span class='ocrx_word' id='word_1_78' title='bbox 436 818 540 851; x_wconf 78' lang='lat' dir='ltr'><strong>Deus</strong></span> <span class='ocrx_word' id='word_1_79' title='bbox 573 827 740 863; x_wconf 87' lang='lat' dir='ltr'><strong>peccare</strong></span> <span class='ocrx_word' id='word_1_80' title='bbox 772 827 854 850; x_wconf 88' lang='lat' dir='ltr'><strong>non</strong></span> <span class='ocrx_word' id='word_1_81' title='bbox 888 822 1018 862; x_wconf 85' lang='lat' dir='ltr'><strong>potest</strong></span> <span class='ocrx_word' id='word_1_82' title='bbox 1051 813 1111 849; x_wconf 90' lang='lat' dir='ltr'><strong>vel</strong></span> <span class='ocrx_word' id='word_1_83' title='bbox 1145 811 1324 855; x_wconf 64' lang='lat' dir='ltr'><strong>mentiri,</strong></span> <span class='ocrx_word' id='word_1_84' title='bbox 1359 813 1426 847; x_wconf 88' lang='lat' dir='ltr'><strong>sed</strong></span> <span class='ocrx_word' id='word_1_85' title='bbox 1460 810 1580 846; x_wconf 89' lang='lat' dir='ltr'><strong>homo</strong></span> <span class='ocrx_word' id='word_1_86' title='bbox 1613 818 1744 857; x_wconf 87' lang='lat' dir='ltr'><strong>potest</strong></span> 
     </span>
     <span class='ocr_line' id='line_1_11' title="bbox 148 868 1802 920; baseline -0.002 -15"><span class='ocrx_word' id='word_1_87' title='bbox 148 883 290 914; x_wconf 71' lang='lat' dir='ltr'><strong>contrary</strong></span> <span class='ocrx_word' id='word_1_88' title='bbox 309 883 339 905; x_wconf 82' lang='lat' dir='ltr'><strong>to</strong></span> <span class='ocrx_word' id='word_1_89' title='bbox 360 878 415 905; x_wconf 78' lang='lat' dir='ltr'><strong>His</strong></span> <span class='ocrx_word' id='word_1_90' title='bbox 436 872 616 909; x_wconf 86' lang='lat' dir='ltr'><strong>faciliter.</strong></span> <span class='ocrx_word' id='word_1_91' title='bbox 651 872 761 909; x_wconf 84' lang='lat' dir='ltr'><strong>Sicut</strong></span> <span class='ocrx_word' id='word_1_92' title='bbox 793 885 885 920; x_wconf 80' lang='lat' dir='ltr'><strong>ergo</strong></span> <span class='ocrx_word' id='word_1_93' title='bbox 918 885 998 908; x_wconf 87' lang='lat' dir='ltr'><strong>non</strong></span> <span class='ocrx_word' id='word_1_94' title='bbox 1031 879 1087 907; x_wconf 86' lang='lat' dir='ltr'><strong>est</strong></span> <span class='ocrx_word' id='word_1_95' title='bbox 1121 872 1248 906; x_wconf 82' lang='lat' dir='ltr'><strong>honor</strong></span> <span class='ocrx_word' id='word_1_96' title='bbox 1281 871 1348 906; x_wconf 86' lang='lat' dir='ltr'><strong>sed</strong></span> <span class='ocrx_word' id='word_1_97' title='bbox 1382 880 1539 906; x_wconf 86' lang='lat' dir='ltr'><strong>summa</strong></span> <span class='ocrx_word' id='word_1_98' title='bbox 1562 868 1744 915; x_wconf 84' lang='lat' dir='ltr'><strong>blasphe-</strong></span> <span class='ocrx_word' id='word_1_99' title='bbox 1765 879 1802 900; x_wconf 86' lang='lat' dir='ltr'><strong>to</strong></span> 
     </span>
    </p>

    <p class='ocr_par' dir='ltr' id='par_1_8' title="bbox 227 918 1744 979">
     <span class='ocr_line' id='line_1_12' title="bbox 227 918 1744 979; baseline -0.004 -11"><span class='ocrx_word' id='word_1_100' title='bbox 227 918 341 940; x_wconf 75' lang='lat' dir='ltr'><strong>nature.</strong></span> <span class='ocrx_word' id='word_1_101' title='bbox 438 931 518 967; x_wconf 85' lang='lat' dir='ltr'><strong>mia</strong></span> <span class='ocrx_word' id='word_1_102' title='bbox 550 930 624 967; x_wconf 88' lang='lat' dir='ltr'><strong>sibi</strong></span> <span class='ocrx_word' id='word_1_103' title='bbox 658 930 864 979; x_wconf 84' lang='lat' dir='ltr'><strong>imponere</strong></span> <span class='ocrx_word' id='word_1_104' title='bbox 888 930 995 978; x_wconf 83' lang='lat' dir='ltr'><strong>quod</strong></span> <span class='ocrx_word' id='word_1_105' title='bbox 1019 937 1227 965; x_wconf 86' lang='lat' dir='ltr'><strong>conservat</strong></span> <span class='ocrx_word' id='word_1_106' title='bbox 1251 927 1435 964; x_wconf 85' lang='lat' dir='ltr'><strong>accidens</strong></span> <span class='ocrx_word' id='word_1_107' title='bbox 1459 926 1541 963; x_wconf 87' lang='lat' dir='ltr'><strong>sine</strong></span> <span class='ocrx_word' id='word_1_108' title='bbox 1565 925 1744 962; x_wconf 85' lang='lat' dir='ltr'><strong>subiecto</strong></span> 
     </span>
    </p>

    <p class='ocr_par' dir='ltr' id='par_1_9' title="bbox 438 983 1745 1034">
     <span class='ocr_line' id='line_1_13' title="bbox 438 983 1745 1034; baseline -0.004 -9"><span class='ocrx_word' id='word_1_109' title='bbox 438 989 477 1025; x_wconf 92' lang='lat' dir='ltr'><strong>in</strong></span> <span class='ocrx_word' id='word_1_110' title='bbox 502 990 576 1025; x_wconf 86' lang='lat' dir='ltr'><strong>hoc</strong></span> <span class='ocrx_word' id='word_1_111' title='bbox 599 987 815 1025; x_wconf 77' lang='lat' dir='ltr'><strong>venerabili</strong></span> <span class='ocrx_word' id='word_1_112' title='bbox 839 996 1105 1032; x_wconf 87' lang='lat' dir='ltr'><strong>sacramento,</strong></span> <span class='ocrx_word' id='word_1_113' title='bbox 1127 996 1162 1023; x_wconf 91' lang='lat' dir='ltr'><strong>et</strong></span> <span class='ocrx_word' id='word_1_114' title='bbox 1186 995 1350 1034; x_wconf 87' lang='lat' dir='ltr'><strong>propter</strong></span> <span class='ocrx_word' id='word_1_115' title='bbox 1373 985 1489 1021; x_wconf 84' lang='lat' dir='ltr'><strong>istam</strong></span> <span class='ocrx_word' id='word_1_116' title='bbox 1514 983 1745 1020; x_wconf 80' lang='lat' dir='ltr'><strong>oracionem</strong></span> 
     </span>
    </p>

    <p class='ocr_par' dir='ltr' id='par_1_10' title="bbox 438 1043 1744 1091">
     <span class='ocr_line' id='line_1_14' title="bbox 438 1043 1744 1091; baseline -0.005 -8"><span class='ocrx_word' id='word_1_117' title='bbox 438 1056 569 1083; x_wconf 86' lang='lat' dir='ltr'><strong>tacent</strong></span> <span class='ocrx_word' id='word_1_118' title='bbox 594 1047 727 1083; x_wconf 82' lang='lat' dir='ltr'><strong>fideles</strong></span> <span class='ocrx_word' id='word_1_119' title='bbox 751 1046 855 1082; x_wconf 87' lang='lat' dir='ltr'><strong>istud</strong></span> <span class='ocrx_word' id='word_1_120' title='bbox 880 1046 1109 1091; x_wconf 81' lang='lat' dir='ltr'><strong>concedere,</strong></span> <span class='ocrx_word' id='word_1_121' title='bbox 1143 1057 1232 1080; x_wconf 87' lang='lat' dir='ltr'><strong>cum</strong></span> <span class='ocrx_word' id='word_1_122' title='bbox 1263 1043 1365 1080; x_wconf 86' lang='lat' dir='ltr'><strong>idem</strong></span> <span class='ocrx_word' id='word_1_123' title='bbox 1398 1043 1498 1079; x_wconf 92' lang='lat' dir='ltr'><strong>foret</strong></span> <span class='ocrx_word' id='word_1_124' title='bbox 1527 1043 1744 1078; x_wconf 85' lang='lat' dir='ltr'><strong>secundum</strong></span> 
     </span>
    </p>

    <p class='ocr_par' dir='ltr' id='par_1_11' title="bbox 438 1099 1803 1208">
     <span class='ocr_line' id='line_1_15' title="bbox 439 1099 1746 1153; baseline -0.005 -12"><span class='ocrx_word' id='word_1_125' title='bbox 439 1105 701 1153; x_wconf 79' lang='lat' dir='ltr'><strong>philosophos</strong></span> <span class='ocrx_word' id='word_1_126' title='bbox 741 1114 776 1141; x_wconf 88' lang='lat' dir='ltr'><strong>et</strong></span> <span class='ocrx_word' id='word_1_127' title='bbox 817 1103 1084 1151; x_wconf 73' lang='lat' dir='ltr'><strong>Augustinum</strong></span> <span class='ocrx_word' id='word_1_128' title='bbox 1130 1114 1278 1150; x_wconf 87' lang='lat' dir='ltr'><strong>ponere</strong></span> <span class='ocrx_word' id='word_1_129' title='bbox 1317 1101 1501 1138; x_wconf 85' lang='lat' dir='ltr'><strong>accidens</strong></span> <span class='ocrx_word' id='word_1_130' title='bbox 1541 1111 1625 1136; x_wconf 81' lang='lat' dir='ltr'><strong>esse</strong></span> <span class='ocrx_word' id='word_1_131' title='bbox 1663 1099 1746 1136; x_wconf 90' lang='lat' dir='ltr'><strong>sine</strong></span> 
     </span>
     <span class='ocr_line' id='line_1_16' title="bbox 438 1158 1803 1208; baseline -0.006 -9"><span class='ocrx_word' id='word_1_132' title='bbox 438 1163 616 1199; x_wconf 88' lang='lat' dir='ltr'><strong>subiecto</strong></span> <span class='ocrx_word' id='word_1_133' title='bbox 651 1172 687 1199; x_wconf 90' lang='lat' dir='ltr'><strong>et</strong></span> <span class='ocrx_word' id='word_1_134' title='bbox 708 1162 914 1199; x_wconf 80' lang='lat' dir='ltr'><strong>verificare</strong></span> <span class='ocrx_word' id='word_1_135' title='bbox 938 1160 1319 1205; x_wconf 80' lang='lat' dir='ltr'><strong>contradiccioncm,</strong></span> <span class='ocrx_word' id='word_1_136' title='bbox 1346 1160 1453 1208; x_wconf 87' lang='lat' dir='ltr'><strong>quod</strong></span> <span class='ocrx_word' id='word_1_137' title='bbox 1477 1161 1559 1194; x_wconf 87' lang='lat' dir='ltr'><strong>Deo</strong></span> <span class='ocrx_word' id='word_1_138' title='bbox 1584 1166 1747 1205; x_wconf 82' lang='lat' dir='ltr'><strong>propter</strong></span> <span class='ocrx_word' id='word_1_139' title='bbox 1769 1158 1803 1190; x_wconf 87' lang='lat'><strong>15</strong></span> 
     </span>
    </p>

    <p class='ocr_par' dir='ltr' id='par_1_12' title="bbox 439 1216 1747 1269">
     <span class='ocr_line' id='line_1_17' title="bbox 439 1216 1747 1269; baseline -0.005 -12"><span class='ocrx_word' id='word_1_140' title='bbox 439 1221 497 1257; x_wconf 89' lang='lat' dir='ltr'><strong>sui</strong></span> <span class='ocrx_word' id='word_1_141' title='bbox 531 1220 824 1269; x_wconf 88' lang='lat' dir='ltr'><strong>perfeccionem</strong></span> <span class='ocrx_word' id='word_1_142' title='bbox 859 1233 940 1256; x_wconf 90' lang='lat' dir='ltr'><strong>non</strong></span> <span class='ocrx_word' id='word_1_143' title='bbox 964 1228 1094 1267; x_wconf 87' lang='lat' dir='ltr'><strong>potest</strong></span> <span class='ocrx_word' id='word_1_144' title='bbox 1118 1226 1359 1266; x_wconf 85' lang='lat' dir='ltr'><strong>competere,</strong></span> <span class='ocrx_word' id='word_1_145' title='bbox 1385 1216 1477 1265; x_wconf 86' lang='lat' dir='ltr'><strong>quia</strong></span> <span class='ocrx_word' id='word_1_146' title='bbox 1500 1225 1594 1252; x_wconf 89' lang='lat' dir='ltr'><strong>tunc</strong></span> <span class='ocrx_word' id='word_1_147' title='bbox 1618 1216 1747 1252; x_wconf 89' lang='lat' dir='ltr'><strong>forent</strong></span> 
     </span>
    </p>

    <p class='ocr_par' dir='ltr' id='par_1_13' title="bbox 439 1274 1574 1325">
     <span class='ocr_line' id='line_1_18' title="bbox 439 1274 1574 1325; baseline -0.004 -10"><span class='ocrx_word' id='word_1_148' title='bbox 439 1279 478 1315; x_wconf 88' lang='lat' dir='ltr'><strong>in</strong></span> <span class='ocrx_word' id='word_1_149' title='bbox 512 1291 557 1315; x_wconf 86' lang='lat' dir='ltr'><strong>eo</strong></span> <span class='ocrx_word' id='word_1_150' title='bbox 591 1287 645 1315; x_wconf 78' lang='lat' dir='ltr'><strong>est</strong></span> <span class='ocrx_word' id='word_1_151' title='bbox 676 1286 710 1315; x_wconf 81' lang='lat' dir='ltr'><strong>et</strong></span> <span class='ocrx_word' id='word_1_152' title='bbox 743 1291 829 1325; x_wconf 80' lang='lat' dir='ltr'><strong>non,</strong></span> <span class='ocrx_word' id='word_1_153' title='bbox 862 1287 898 1314; x_wconf 87' lang='lat' dir='ltr'><strong>et</strong></span> <span class='ocrx_word' id='word_1_154' title='bbox 931 1278 1031 1313; x_wconf 82' lang='lat' dir='ltr'><strong>foret</strong></span> <span class='ocrx_word' id='word_1_155' title='bbox 1065 1276 1298 1313; x_wconf 86' lang='lat' dir='ltr'><strong>falsissimus</strong></span> <span class='ocrx_word' id='word_1_156' title='bbox 1331 1275 1370 1311; x_wconf 92' lang='lat' dir='ltr'><strong>in</strong></span> <span class='ocrx_word' id='word_1_157' title='bbox 1403 1288 1443 1311; x_wconf 90' lang='lat' dir='ltr'><strong>se</strong></span> <span class='ocrx_word' id='word_1_158' title='bbox 1475 1274 1574 1322; x_wconf 89' lang='lat' dir='ltr'><strong>ipso.</strong></span> 
     </span>
    </p>

    <p class='ocr_par' dir='ltr' id='par_1_14' title="bbox 185 1331 1746 1383">
     <span class='ocr_line' id='line_1_19' title="bbox 185 1331 1746 1383; baseline -0.001 -15"><span class='ocrx_word' id='word_1_159' title='bbox 185 1342 234 1383; x_wconf 63' lang='lat' dir='ltr'><strong>To</strong></span> <span class='ocrx_word' id='word_1_160' title='bbox 255 1351 306 1378; x_wconf 67' lang='lat' dir='ltr'><strong>say</strong></span> <span class='ocrx_word' id='word_1_161' title='bbox 328 1342 390 1368; x_wconf 71' lang='lat' dir='ltr'><strong>that</strong></span> <span class='ocrx_word' id='word_1_162' title='bbox 498 1336 709 1382; x_wconf 83' lang='lat' dir='ltr'><strong>Quantitas</strong></span> <span class='ocrx_word' id='word_1_163' title='bbox 749 1336 853 1373; x_wconf 89' lang='lat' dir='ltr'><strong>enim</strong></span> <span class='ocrx_word' id='word_1_164' title='bbox 886 1348 967 1372; x_wconf 88' lang='lat' dir='ltr'><strong>non</strong></span> <span class='ocrx_word' id='word_1_165' title='bbox 1001 1344 1058 1371; x_wconf 86' lang='lat' dir='ltr'><strong>est</strong></span> <span class='ocrx_word' id='word_1_166' title='bbox 1091 1334 1166 1370; x_wconf 90' lang='lat' dir='ltr'><strong>nisi</strong></span> <span class='ocrx_word' id='word_1_167' title='bbox 1200 1333 1484 1382; x_wconf 85' lang='lat' dir='ltr'><strong>quantifieacio</strong></span> <span class='ocrx_word' id='word_1_168' title='bbox 1522 1331 1746 1368; x_wconf 82' lang='lat' dir='ltr'><strong>substancie</strong></span> 
     </span>
    </p>

    <p class='ocr_par' dir='ltr' id='par_1_15' title="bbox 156 1377 1806 1558">
     <span class='ocr_line' id='line_1_20' title="bbox 168 1377 1747 1442; baseline -0.005 -10"><span class='ocrx_word' id='word_1_169' title='bbox 168 1377 235 1439; x_wconf 59' lang='grc' dir='ltr'><strong>(ἷῖζὲ</strong></span> <span class='ocrx_word' id='word_1_170' title='bbox 253 1377 406 1439; x_wconf 47' lang='grc' dir='ltr'><strong>ξῗὶῑῑάιξζῆρ</strong></span> <span class='ocrx_word' id='word_1_171' title='bbox 439 1396 499 1431; x_wconf 89' lang='lat' dir='ltr'><strong>vel</strong></span> <span class='ocrx_word' id='word_1_172' title='bbox 532 1395 658 1442; x_wconf 84' lang='lat' dir='ltr'><strong>ipsam</strong></span> <span class='ocrx_word' id='word_1_173' title='bbox 684 1393 952 1442; x_wconf 80' lang='lat' dir='ltr'><strong>quantificari,</strong></span> <span class='ocrx_word' id='word_1_174' title='bbox 984 1392 1155 1441; x_wconf 76' lang='lat' dir='ltr'><strong>qualitas</strong></span> <span class='ocrx_word' id='word_1_175' title='bbox 1190 1401 1321 1428; x_wconf 88' lang='lat' dir='ltr'><strong>autem</strong></span> <span class='ocrx_word' id='word_1_176' title='bbox 1355 1403 1436 1427; x_wconf 85' lang='lat' dir='ltr'><strong>non</strong></span> <span class='ocrx_word' id='word_1_177' title='bbox 1470 1398 1527 1427; x_wconf 89' lang='lat' dir='ltr'><strong>est</strong></span> <span class='ocrx_word' id='word_1_178' title='bbox 1549 1388 1624 1425; x_wconf 87' lang='lat' dir='ltr'><strong>nisi</strong></span> <span class='ocrx_word' id='word_1_179' title='bbox 1657 1390 1747 1425; x_wconf 86' lang='lat' dir='ltr'><strong>sub-</strong></span> 
     </span>
     <span class='ocr_line' id='line_1_21' title="bbox 184 1446 1806 1513; baseline -0.005 -23"><span class='ocrx_word' id='word_1_180' title='bbox 184 1446 396 1513; x_wconf 46' lang='grc' dir='ltr'><strong>ζῖιίὲξὲζξῐίξιζζ)</strong></span> <span class='ocrx_word' id='word_1_181' title='bbox 439 1452 633 1489; x_wconf 85' lang='lat' dir='ltr'><strong>stanciam</strong></span> <span class='ocrx_word' id='word_1_182' title='bbox 660 1451 896 1501; x_wconf 80' lang='lat' dir='ltr'><strong>qualificari,</strong></span> <span class='ocrx_word' id='word_1_183' title='bbox 931 1460 966 1487; x_wconf 86' lang='lat' dir='ltr'><strong>et</strong></span> <span class='ocrx_word' id='word_1_184' title='bbox 1000 1450 1054 1487; x_wconf 88' lang='lat' dir='ltr'><strong>sic</strong></span> <span class='ocrx_word' id='word_1_185' title='bbox 1088 1452 1135 1486; x_wconf 85' lang='lat' dir='ltr'><strong>de</strong></span> <span class='ocrx_word' id='word_1_186' title='bbox 1169 1449 1255 1486; x_wconf 88' lang='lat' dir='ltr'><strong>aliis</strong></span> <span class='ocrx_word' id='word_1_187' title='bbox 1288 1448 1561 1486; x_wconf 85' lang='lat' dir='ltr'><strong>accidentibus</strong></span> <span class='ocrx_word' id='word_1_188' title='bbox 1593 1459 1747 1495; x_wconf 87' lang='lat' dir='ltr'><strong>respec-</strong></span> <span class='ocrx_word' id='word_1_189' title='bbox 1764 1457 1806 1479; x_wconf 82' lang='lat'><strong>20</strong></span> 
     </span>
     <span class='ocr_line' id='line_1_22' title="bbox 156 1505 1749 1558; baseline -0.006 -9"><span class='ocrx_word' id='word_1_190' title='bbox 156 1511 542 1548; x_wconf 69' lang='lat' dir='ltr'><strong>savtl1atHeca1itivis‚</strong></span> <span class='ocrx_word' id='word_1_191' title='bbox 596 1512 703 1546; x_wconf 87' lang='lat' dir='ltr'><strong>Idem</strong></span> <span class='ocrx_word' id='word_1_192' title='bbox 755 1522 848 1558; x_wconf 82' lang='lat' dir='ltr'><strong>ergo</strong></span> <span class='ocrx_word' id='word_1_193' title='bbox 899 1510 1000 1546; x_wconf 86' lang='lat' dir='ltr'><strong>foret</strong></span> <span class='ocrx_word' id='word_1_194' title='bbox 1054 1511 1179 1544; x_wconf 89' lang='lat' dir='ltr'><strong>Deum</strong></span> <span class='ocrx_word' id='word_1_195' title='bbox 1231 1520 1388 1544; x_wconf 83' lang='lat' dir='ltr'><strong>servare</strong></span> <span class='ocrx_word' id='word_1_196' title='bbox 1439 1505 1622 1543; x_wconf 83' lang='lat' dir='ltr'><strong>accidens</strong></span> <span class='ocrx_word' id='word_1_197' title='bbox 1665 1505 1749 1541; x_wconf 89' lang='lat' dir='ltr'><strong>sine</strong></span> 
     </span>
    </p>
   </div>
   <div class='ocr_carea' id='block_1_3' title="bbox 155 1551 1848 2596">
    <p class='ocr_par' dir='ltr' id='par_1_16' title="bbox 155 1551 1750 1733">
     <span class='ocr_line' id='line_1_23' title="bbox 155 1551 1750 1615; baseline -0.004 -10"><span class='ocrx_word' id='word_1_198' title='bbox 155 1551 428 1613; x_wconf 43' lang='lat' dir='ltr'><strong>bssussiffigautviiiffist</strong></span> <span class='ocrx_word' id='word_1_199' title='bbox 443 1568 622 1605; x_wconf 89' lang='lat' dir='ltr'><strong>subiecto</strong></span> <span class='ocrx_word' id='word_1_200' title='bbox 656 1577 692 1604; x_wconf 85' lang='lat' dir='ltr'><strong>ct</strong></span> <span class='ocrx_word' id='word_1_201' title='bbox 715 1581 871 1604; x_wconf 76' lang='lat' dir='ltr'><strong>servare</strong></span> <span class='ocrx_word' id='word_1_202' title='bbox 900 1569 1007 1615; x_wconf 87' lang='lat' dir='ltr'><strong>quod</strong></span> <span class='ocrx_word' id='word_1_203' title='bbox 1041 1566 1158 1603; x_wconf 83' lang='lat' dir='ltr'><strong>alicui</strong></span> <span class='ocrx_word' id='word_1_204' title='bbox 1192 1565 1418 1602; x_wconf 85' lang='lat' dir='ltr'><strong>substancie</strong></span> <span class='ocrx_word' id='word_1_205' title='bbox 1451 1563 1595 1601; x_wconf 84' lang='lat' dir='ltr'><strong>accidit</strong></span> <span class='ocrx_word' id='word_1_206' title='bbox 1618 1562 1750 1599; x_wconf 82' lang='lat' dir='ltr'><strong>taliter</strong></span> 
     </span>
     <span class='ocr_line' id='line_1_24' title="bbox 189 1620 1750 1671; baseline -0.006 -6"><span class='ocrx_word' id='word_1_207' title='bbox 189 1621 278 1655; x_wconf 71' lang='lat' dir='ltr'><strong>being</strong></span> <span class='ocrx_word' id='word_1_208' title='bbox 298 1624 327 1647; x_wconf 83' lang='lat' dir='ltr'><strong>at</strong></span> <span class='ocrx_word' id='word_1_209' title='bbox 346 1620 393 1647; x_wconf 68' lang='lat'>²²¹¹·</span> <span class='ocrx_word' id='word_1_210' title='bbox 444 1639 483 1663; x_wconf 86' lang='lat' dir='ltr'><strong>se</strong></span> <span class='ocrx_word' id='word_1_211' title='bbox 517 1628 675 1671; x_wconf 86' lang='lat' dir='ltr'><strong>habere,</strong></span> <span class='ocrx_word' id='word_1_212' title='bbox 710 1635 747 1662; x_wconf 92' lang='lat' dir='ltr'><strong>et</strong></span> <span class='ocrx_word' id='word_1_213' title='bbox 769 1635 903 1662; x_wconf 86' lang='lat' dir='ltr'><strong>tamen</strong></span> <span class='ocrx_word' id='word_1_214' title='bbox 927 1625 1037 1662; x_wconf 87' lang='lat' dir='ltr'><strong>illam</strong></span> <span class='ocrx_word' id='word_1_215' title='bbox 1071 1624 1340 1661; x_wconf 81' lang='lat' dir='ltr'><strong>substanciam</strong></span> <span class='ocrx_word' id='word_1_216' title='bbox 1375 1622 1541 1659; x_wconf 87' lang='lat' dir='ltr'><strong>omnino</strong></span> <span class='ocrx_word' id='word_1_217' title='bbox 1564 1634 1644 1657; x_wconf 88' lang='lat' dir='ltr'><strong>non</strong></span> <span class='ocrx_word' id='word_1_218' title='bbox 1668 1633 1750 1657; x_wconf 87' lang='lat' dir='ltr'><strong>esse</strong></span> 
     </span>
     <span class='ocr_line' id='line_1_25' title="bbox 445 1683 1207 1733; baseline -0.001 -13"><span class='ocrx_word' id='word_1_219' title='bbox 445 1686 552 1733; x_wconf 84' lang='lat' dir='ltr'><strong>quod</strong></span> <span class='ocrx_word' id='word_1_220' title='bbox 586 1693 644 1720; x_wconf 87' lang='lat' dir='ltr'><strong>est</strong></span> <span class='ocrx_word' id='word_1_221' title='bbox 677 1683 949 1720; x_wconf 87' lang='lat' dir='ltr'><strong>contradiccio</strong></span> <span class='ocrx_word' id='word_1_222' title='bbox 984 1683 1207 1720; x_wconf 83' lang='lat' dir='ltr'><strong>manifesta.</strong></span> 
     </span>
    </p>

    <p class='ocr_par' dir='ltr' id='par_1_17' title="bbox 445 1714 1848 2138">
     <span class='ocr_line' id='line_1_26' title="bbox 503 1714 1848 1793; baseline -0.007 -14"><span class='ocrx_word' id='word_1_223' title='bbox 503 1743 542 1779; x_wconf 80' lang='lat' dir='ltr'><strong>Si</strong></span> <span class='ocrx_word' id='word_1_224' title='bbox 583 1751 715 1779; x_wconf 85' lang='lat' dir='ltr'><strong>autem</strong></span> <span class='ocrx_word' id='word_1_225' title='bbox 756 1742 912 1779; x_wconf 86' lang='lat' dir='ltr'><strong>dicatur</strong></span> <span class='ocrx_word' id='word_1_226' title='bbox 952 1743 1058 1790; x_wconf 82' lang='lat' dir='ltr'><strong>quod</strong></span> <span class='ocrx_word' id='word_1_227' title='bbox 1094 1740 1098 1790; x_wconf 78' lang='grc' dir='ltr'><strong>Ι</strong></span> <span class='ocrx_word' id='word_1_228' title='bbox 1133 1753 1205 1777; x_wconf 84' lang='lat' dir='ltr'><strong>nec</strong></span> <span class='ocrx_word' id='word_1_229' title='bbox 1245 1738 1403 1775; x_wconf 85' lang='lat' dir='ltr'><strong>termini</strong></span> <span class='ocrx_word' id='word_1_230' title='bbox 1443 1736 1658 1775; x_wconf 84' lang='lat' dir='ltr'><strong>accidentis</strong></span> <span class='ocrx_word' id='word_1_231' title='bbox 1698 1735 1751 1771; x_wconf 85' lang='lat' dir='ltr'><strong>ita</strong></span> <span class='ocrx_word' id='word_1_232' title='bbox 1770 1714 1848 1793; x_wconf 51' lang='lat'><strong>{3³1¹}</strong></span> 
     </span>
     <span class='ocr_line' id='line_1_27' title="bbox 445 1793 1750 1849; baseline -0.007 -12"><span class='ocrx_word' id='word_1_233' title='bbox 445 1801 603 1849; x_wconf 78' lang='lat' dir='ltr'><strong>signant</strong></span> <span class='ocrx_word' id='word_1_234' title='bbox 641 1812 712 1836; x_wconf 91' lang='lat' dir='ltr'><strong>nec</strong></span> <span class='ocrx_word' id='word_1_235' title='bbox 753 1813 812 1836; x_wconf 91' lang='lat' dir='ltr'><strong>res</strong></span> <span class='ocrx_word' id='word_1_236' title='bbox 852 1799 1069 1836; x_wconf 84' lang='lat' dir='ltr'><strong>accidentis</strong></span> <span class='ocrx_word' id='word_1_237' title='bbox 1109 1808 1166 1835; x_wconf 85' lang='lat' dir='ltr'><strong>est</strong></span> <span class='ocrx_word' id='word_1_238' title='bbox 1206 1797 1467 1845; x_wconf 69' lang='lat' dir='ltr'><strong>respectivum</strong></span> <span class='ocrx_word' id='word_1_239' title='bbox 1509 1793 1750 1839; x_wconf 82' lang='lat' dir='ltr'><strong>huiusmodi,</strong></span> 
     </span>
     <span class='ocr_line' id='line_1_28' title="bbox 446 1852 1752 1907; baseline -0.007 -12"><span class='ocrx_word' id='word_1_240' title='bbox 446 1861 513 1896; x_wconf 88' lang='lat' dir='ltr'><strong>sed</strong></span> <span class='ocrx_word' id='word_1_241' title='bbox 550 1871 610 1894; x_wconf 86' lang='lat' dir='ltr'><strong>res</strong></span> <span class='ocrx_word' id='word_1_242' title='bbox 644 1871 714 1907; x_wconf 87' lang='lat' dir='ltr'><strong>per</strong></span> <span class='ocrx_word' id='word_1_243' title='bbox 747 1871 786 1894; x_wconf 88' lang='lat' dir='ltr'><strong>se</strong></span> <span class='ocrx_word' id='word_1_244' title='bbox 820 1857 1020 1906; x_wconf 89' lang='lat' dir='ltr'><strong>possibilis</strong></span> <span class='ocrx_word' id='word_1_245' title='bbox 1053 1857 1153 1893; x_wconf 88' lang='lat' dir='ltr'><strong>sicut</strong></span> <span class='ocrx_word' id='word_1_246' title='bbox 1187 1854 1433 1892; x_wconf 83' lang='lat' dir='ltr'><strong>substancia:</strong></span> <span class='ocrx_word' id='word_1_247' title='bbox 1475 1862 1668 1902; x_wconf 84' lang='lat' dir='ltr'><strong>quantum</strong></span> <span class='ocrx_word' id='word_1_248' title='bbox 1704 1852 1752 1887; x_wconf 80' lang='lat' dir='ltr'><strong>ad</strong></span> 
     </span>
     <span class='ocr_line' id='line_1_29' title="bbox 448 1909 1753 1965; baseline -0.007 -12"><span class='ocrx_word' id='word_1_249' title='bbox 448 1917 619 1965; x_wconf 84' lang='lat' dir='ltr'><strong>primam</strong></span> <span class='ocrx_word' id='word_1_250' title='bbox 672 1926 825 1964; x_wconf 87' lang='lat' dir='ltr'><strong>partem</strong></span> <span class='ocrx_word' id='word_1_251' title='bbox 882 1924 1022 1964; x_wconf 80' lang='lat' dir='ltr'><strong>petunt</strong></span> <span class='ocrx_word' id='word_1_252' title='bbox 1071 1915 1206 1951; x_wconf 85' lang='lat' dir='ltr'><strong>fideles</strong></span> <span class='ocrx_word' id='word_1_253' title='bbox 1250 1911 1569 1961; x_wconf 77' lang='lat' dir='ltr'><strong>significaciones</strong></span> <span class='ocrx_word' id='word_1_254' title='bbox 1613 1909 1753 1946; x_wconf 88' lang='lat' dir='ltr'><strong>talium</strong></span> 
     </span>
     <span class='ocr_line' id='line_1_30' title="bbox 448 1966 1753 2011; baseline -0.007 0"><span class='ocrx_word' id='word_1_255' title='bbox 448 1974 711 2011; x_wconf 88' lang='lat' dir='ltr'><strong>terminorum</strong></span> <span class='ocrx_word' id='word_1_256' title='bbox 771 1973 1081 2010; x_wconf 87' lang='lat' dir='ltr'><strong>accidentalium</strong></span> <span class='ocrx_word' id='word_1_257' title='bbox 1142 1985 1184 2008; x_wconf 84' lang='lat' dir='ltr'><strong>ex</strong></span> <span class='ocrx_word' id='word_1_258' title='bbox 1243 1970 1482 2007; x_wconf 84' lang='lat' dir='ltr'><strong>fundacione</strong></span> <span class='ocrx_word' id='word_1_259' title='bbox 1541 1966 1753 2004; x_wconf 79' lang='lat' dir='ltr'><strong>sufficienti</strong></span> 
     </span>
     <span class='ocr_line' id='line_1_31' title="bbox 448 2024 1812 2080; baseline -0.009 -10"><span class='ocrx_word' id='word_1_260' title='bbox 448 2033 643 2080; x_wconf 83' lang='lat' dir='ltr'><strong>scripture</strong></span> <span class='ocrx_word' id='word_1_261' title='bbox 676 2033 735 2069; x_wconf 80' lang='lat' dir='ltr'><strong>vel</strong></span> <span class='ocrx_word' id='word_1_262' title='bbox 769 2031 954 2075; x_wconf 87' lang='lat' dir='ltr'><strong>racionis,</strong></span> <span class='ocrx_word' id='word_1_263' title='bbox 988 2032 1095 2079; x_wconf 88' lang='lat' dir='ltr'><strong>quod</strong></span> <span class='ocrx_word' id='word_1_264' title='bbox 1130 2043 1218 2066; x_wconf 91' lang='lat' dir='ltr'><strong>cum</strong></span> <span class='ocrx_word' id='word_1_265' title='bbox 1253 2041 1371 2065; x_wconf 89' lang='lat' dir='ltr'><strong>nemo</strong></span> <span class='ocrx_word' id='word_1_266' title='bbox 1395 2036 1525 2076; x_wconf 88' lang='lat' dir='ltr'><strong>potest</strong></span> <span class='ocrx_word' id='word_1_267' title='bbox 1550 2027 1690 2069; x_wconf 86' lang='lat' dir='ltr'><strong>facere,</strong></span> <span class='ocrx_word' id='word_1_268' title='bbox 1716 2024 1755 2060; x_wconf 91' lang='lat' dir='ltr'><strong>in</strong></span> <span class='ocrx_word' id='word_1_269' title='bbox 1772 2027 1812 2058; x_wconf 82' lang='lat'><strong>30</strong></span> 
     </span>
     <span class='ocr_line' id='line_1_32' title="bbox 448 2084 1753 2138; baseline -0.007 -11"><span class='ocrx_word' id='word_1_270' title='bbox 448 2091 613 2138; x_wconf 84' lang='lat' dir='ltr'><strong>antiqua</strong></span> <span class='ocrx_word' id='word_1_271' title='bbox 646 2090 849 2126; x_wconf 90' lang='lat' dir='ltr'><strong>sentencia</strong></span> <span class='ocrx_word' id='word_1_272' title='bbox 882 2088 1160 2137; x_wconf 87' lang='lat' dir='ltr'><strong>philosophica</strong></span> <span class='ocrx_word' id='word_1_273' title='bbox 1183 2088 1243 2123; x_wconf 79' lang='lat' dir='ltr'><strong>vel</strong></span> <span class='ocrx_word' id='word_1_274' title='bbox 1265 2086 1489 2133; x_wconf 77' lang='lat' dir='ltr'><strong>theologica</strong></span> <span class='ocrx_word' id='word_1_275' title='bbox 1514 2084 1753 2133; x_wconf 86' lang='lat' dir='ltr'><strong>quietantur.</strong></span> 
     </span>
    </p>

    <p class='ocr_par' dir='ltr' id='par_1_18' title="bbox 451 2142 1813 2543">
     <span class='ocr_line' id='line_1_33' title="bbox 508 2142 1755 2196; baseline -0.008 -11"><span class='ocrx_word' id='word_1_276' title='bbox 508 2151 554 2184; x_wconf 84' lang='lat' dir='ltr'><strong>Et</strong></span> <span class='ocrx_word' id='word_1_277' title='bbox 579 2157 770 2196; x_wconf 84' lang='lat' dir='ltr'><strong>quantum</strong></span> <span class='ocrx_word' id='word_1_278' title='bbox 807 2149 855 2184; x_wconf 82' lang='lat' dir='ltr'><strong>ad</strong></span> <span class='ocrx_word' id='word_1_279' title='bbox 889 2148 1104 2183; x_wconf 87' lang='lat' dir='ltr'><strong>secundam</strong></span> <span class='ocrx_word' id='word_1_280' title='bbox 1139 2154 1291 2193; x_wconf 87' lang='lat' dir='ltr'><strong>partem</strong></span> <span class='ocrx_word' id='word_1_281' title='bbox 1319 2144 1476 2189; x_wconf 77' lang='lat' dir='ltr'><strong>ficticie,</strong></span> <span class='ocrx_word' id='word_1_282' title='bbox 1509 2142 1755 2178; x_wconf 80' lang='lat' dir='ltr'><strong>declaratum</strong></span> 
     </span>
     <span class='ocr_line' id='line_1_34' title="bbox 451 2197 1756 2254; baseline -0.008 -11"><span class='ocrx_word' id='word_1_283' title='bbox 451 2218 507 2244; x_wconf 83' lang='lat' dir='ltr'><strong>est</strong></span> <span class='ocrx_word' id='word_1_284' title='bbox 546 2206 639 2243; x_wconf 91' lang='lat' dir='ltr'><strong>alibi</strong></span> <span class='ocrx_word' id='word_1_285' title='bbox 680 2207 800 2254; x_wconf 85' lang='lat' dir='ltr'><strong>quod,</strong></span> <span class='ocrx_word' id='word_1_286' title='bbox 841 2204 971 2253; x_wconf 84' lang='lat' dir='ltr'><strong>posito</strong></span> <span class='ocrx_word' id='word_1_287' title='bbox 1011 2204 1081 2240; x_wconf 87' lang='lat' dir='ltr'><strong>tali</strong></span> <span class='ocrx_word' id='word_1_288' title='bbox 1127 2203 1332 2240; x_wconf 85' lang='lat' dir='ltr'><strong>accidente</strong></span> <span class='ocrx_word' id='word_1_289' title='bbox 1378 2214 1446 2250; x_wconf 88' lang='lat' dir='ltr'><strong>per</strong></span> <span class='ocrx_word' id='word_1_290' title='bbox 1494 2213 1533 2237; x_wconf 92' lang='lat' dir='ltr'><strong>se</strong></span> <span class='ocrx_word' id='word_1_291' title='bbox 1577 2197 1756 2248; x_wconf 88' lang='lat' dir='ltr'><strong>possibili</strong></span> 
     </span>
     <span class='ocr_line' id='line_1_35' title="bbox 451 2255 1756 2312; baseline -0.008 -10"><span class='ocrx_word' id='word_1_292' title='bbox 451 2267 582 2302; x_wconf 73' lang='lat' dir='ltr'><strong>adhuc</strong></span> <span class='ocrx_word' id='word_1_293' title='bbox 627 2273 786 2312; x_wconf 83' lang='lat' dir='ltr'><strong>oportet</strong></span> <span class='ocrx_word' id='word_1_294' title='bbox 829 2275 977 2311; x_wconf 86' lang='lat' dir='ltr'><strong>ponere</strong></span> <span class='ocrx_word' id='word_1_295' title='bbox 1022 2261 1353 2298; x_wconf 87' lang='lat' dir='ltr'><strong>informacionem</strong></span> <span class='ocrx_word' id='word_1_296' title='bbox 1400 2259 1629 2295; x_wconf 85' lang='lat' dir='ltr'><strong>distinctam</strong></span> <span class='ocrx_word' id='word_1_297' title='bbox 1674 2255 1756 2292; x_wconf 88' lang='lat' dir='ltr'><strong>sine</strong></span> 
     </span>
     <span class='ocr_line' id='line_1_36' title="bbox 452 2314 1813 2368; baseline -0.008 -9"><span class='ocrx_word' id='word_1_298' title='bbox 452 2324 521 2360; x_wconf 88' lang='lat' dir='ltr'><strong>tali</strong></span> <span class='ocrx_word' id='word_1_299' title='bbox 546 2324 731 2359; x_wconf 87' lang='lat' dir='ltr'><strong>absoluto</strong></span> <span class='ocrx_word' id='word_1_300' title='bbox 755 2321 962 2358; x_wconf 87' lang='lat' dir='ltr'><strong>accidente</strong></span> <span class='ocrx_word' id='word_1_301' title='bbox 987 2333 1055 2368; x_wconf 85' lang='lat' dir='ltr'><strong>per</strong></span> <span class='ocrx_word' id='word_1_302' title='bbox 1078 2332 1118 2355; x_wconf 89' lang='lat' dir='ltr'><strong>se</strong></span> <span class='ocrx_word' id='word_1_303' title='bbox 1142 2318 1321 2367; x_wconf 88' lang='lat' dir='ltr'><strong>possibili</strong></span> <span class='ocrx_word' id='word_1_304' title='bbox 1346 2326 1382 2354; x_wconf 88' lang='lat' dir='ltr'><strong>et</strong></span> <span class='ocrx_word' id='word_1_305' title='bbox 1397 2317 1505 2366; x_wconf 84' lang='lat' dir='ltr'><strong>quod</strong></span> <span class='ocrx_word' id='word_1_306' title='bbox 1528 2314 1757 2363; x_wconf 85' lang='lat' dir='ltr'><strong>sompniare</strong></span> <span class='ocrx_word' id='word_1_307' title='bbox 1774 2315 1813 2348; x_wconf 71' lang='lat'><strong>35</strong></span> 
     </span>
     <span class='ocr_line' id='line_1_37' title="bbox 452 2373 1757 2429; baseline -0.009 -11"><span class='ocrx_word' id='word_1_308' title='bbox 452 2382 529 2418; x_wconf 85' lang='lat' dir='ltr'><strong>tale</strong></span> <span class='ocrx_word' id='word_1_309' title='bbox 569 2393 639 2429; x_wconf 88' lang='lat' dir='ltr'><strong>per</strong></span> <span class='ocrx_word' id='word_1_310' title='bbox 683 2393 723 2416; x_wconf 92' lang='lat' dir='ltr'><strong>se</strong></span> <span class='ocrx_word' id='word_1_311' title='bbox 762 2379 947 2415; x_wconf 84' lang='lat' dir='ltr'><strong>accidens</strong></span> <span class='ocrx_word' id='word_1_312' title='bbox 986 2378 1086 2414; x_wconf 84' lang='lat' dir='ltr'><strong>foret</strong></span> <span class='ocrx_word' id='word_1_313' title='bbox 1131 2376 1295 2413; x_wconf 89' lang='lat' dir='ltr'><strong>omnino</strong></span> <span class='ocrx_word' id='word_1_314' title='bbox 1343 2374 1604 2423; x_wconf 83' lang='lat' dir='ltr'><strong>superfluum,</strong></span> <span class='ocrx_word' id='word_1_315' title='bbox 1650 2373 1757 2419; x_wconf 86' lang='lat' dir='ltr'><strong>quod</strong></span> 
     </span>
     <span class='ocr_line' id='line_1_38' title="bbox 453 2428 1757 2486; baseline -0.008 -11"><span class='ocrx_word' id='word_1_316' title='bbox 453 2453 532 2475; x_wconf 89' lang='lat' dir='ltr'><strong>non</strong></span> <span class='ocrx_word' id='word_1_317' title='bbox 571 2446 703 2486; x_wconf 87' lang='lat' dir='ltr'><strong>potest</strong></span> <span class='ocrx_word' id='word_1_318' title='bbox 739 2439 820 2473; x_wconf 89' lang='lat' dir='ltr'><strong>Deo</strong></span> <span class='ocrx_word' id='word_1_319' title='bbox 861 2445 1101 2484; x_wconf 88' lang='lat' dir='ltr'><strong>competere,</strong></span> <span class='ocrx_word' id='word_1_320' title='bbox 1143 2444 1179 2471; x_wconf 88' lang='lat' dir='ltr'><strong>et</strong></span> <span class='ocrx_word' id='word_1_321' title='bbox 1217 2435 1273 2470; x_wconf 90' lang='lat' dir='ltr'><strong>sic</strong></span> <span class='ocrx_word' id='word_1_322' title='bbox 1306 2443 1347 2470; x_wconf 93' lang='lat' dir='ltr'><strong>ut</strong></span> <span class='ocrx_word' id='word_1_323' title='bbox 1380 2433 1489 2481; x_wconf 83' lang='lat' dir='ltr'><strong>prius</strong></span> <span class='ocrx_word' id='word_1_324' title='bbox 1522 2430 1611 2467; x_wconf 87' lang='lat' dir='ltr'><strong>talis</strong></span> <span class='ocrx_word' id='word_1_325' title='bbox 1644 2428 1757 2466; x_wconf 76' lang='lat' dir='ltr'><strong>ticcio</strong></span> 
     </span>
     <span class='ocr_line' id='line_1_39' title="bbox 454 2494 1094 2543; baseline -0.006 -10"><span class='ocrx_word' id='word_1_326' title='bbox 454 2498 555 2533; x_wconf 86' lang='lat' dir='ltr'><strong>foret</strong></span> <span class='ocrx_word' id='word_1_327' title='bbox 588 2494 838 2543; x_wconf 86' lang='lat' dir='ltr'><strong>blasphemia</strong></span> <span class='ocrx_word' id='word_1_328' title='bbox 873 2494 1094 2530; x_wconf 84' lang='lat' dir='ltr'><strong>manifesta.</strong></span> 
     </span>
    </p>

    <p class='ocr_par' dir='ltr' id='par_1_19' title="bbox 513 2548 1759 2596">
     <span class='ocr_line' id='line_1_40' title="bbox 513 2548 1759 2596; baseline -0.007 -6"><span class='ocrx_word' id='word_1_329' title='bbox 513 2553 712 2590; x_wconf 80' lang='lat' dir='ltr'><strong>Radicalis</strong></span> <span class='ocrx_word' id='word_1_330' title='bbox 753 2561 885 2589; x_wconf 85' lang='lat' dir='ltr'><strong>autem</strong></span> <span class='ocrx_word' id='word_1_331' title='bbox 926 2551 1113 2587; x_wconf 87' lang='lat' dir='ltr'><strong>fundacio</strong></span> <span class='ocrx_word' id='word_1_332' title='bbox 1147 2559 1223 2586; x_wconf 84' lang='lat' dir='ltr'><strong>stat</strong></span> <span class='ocrx_word' id='word_1_333' title='bbox 1257 2549 1296 2585; x_wconf 90' lang='lat' dir='ltr'><strong>in</strong></span> <span class='ocrx_word' id='word_1_334' title='bbox 1328 2548 1404 2585; x_wconf 92' lang='lat' dir='ltr'><strong>isto</strong></span> <span class='ocrx_word' id='word_1_335' title='bbox 1437 2549 1545 2596; x_wconf 88' lang='lat' dir='ltr'><strong>quod</strong></span> <span class='ocrx_word' id='word_1_336' title='bbox 1580 2549 1759 2582; x_wconf 84' lang='lat' dir='ltr'><strong>Romana</strong></span> 
     </span>
    </p>
   </div>
   <div class='ocr_carea' id='block_1_4' title="bbox 456 2607 1816 2656">
    <p class='ocr_par' dir='ltr' id='par_1_20' title="bbox 456 2607 1816 2656">
     <span class='ocr_line' id='line_1_41' title="bbox 456 2607 1816 2656; baseline -0.007 -8"><span class='ocrx_word' id='word_1_337' title='bbox 456 2612 621 2649; x_wconf 86' lang='lat' dir='ltr'><strong>ecclesia</strong></span> <span class='ocrx_word' id='word_1_338' title='bbox 654 2612 709 2647; x_wconf 91' lang='lat' dir='ltr'><strong>sic</strong></span> <span class='ocrx_word' id='word_1_339' title='bbox 743 2609 996 2655; x_wconf 87' lang='lat' dir='ltr'><strong>determinat,</strong></span> <span class='ocrx_word' id='word_1_340' title='bbox 1030 2610 1097 2645; x_wconf 85' lang='lat' dir='ltr'><strong>sed</strong></span> <span class='ocrx_word' id='word_1_341' title='bbox 1130 2607 1216 2656; x_wconf 87' lang='lat' dir='ltr'><strong>ipsa</strong></span> <span class='ocrx_word' id='word_1_342' title='bbox 1248 2620 1328 2643; x_wconf 85' lang='lat' dir='ltr'><strong>non</strong></span> <span class='ocrx_word' id='word_1_343' title='bbox 1360 2614 1492 2654; x_wconf 86' lang='lat' dir='ltr'><strong>potest</strong></span> <span class='ocrx_word' id='word_1_344' title='bbox 1524 2616 1690 2653; x_wconf 87' lang='lat' dir='ltr'><strong>peccare</strong></span> <span class='ocrx_word' id='word_1_345' title='bbox 1723 2611 1759 2639; x_wconf 87' lang='lat' dir='ltr'><strong>et</strong></span> <span class='ocrx_word' id='word_1_346' title='bbox 1773 2613 1816 2644; x_wconf 87' lang='lat'><strong>40</strong></span> 
     </span>
    </p>
   </div>
   <div class='ocr_carea' id='block_1_5' title="bbox 456 2735 1759 2816">
    <p class='ocr_par' dir='ltr' id='par_1_21' title="bbox 456 2735 1759 2816">
     <span class='ocr_line' id='line_1_42' title="bbox 526 2735 1759 2779; baseline -0.009 -6"><span class='ocrx_word' id='word_1_347' title='bbox 526 2755 566 2779; x_wconf 66' lang='grc' dir='ltr'><strong>τι.</strong></span> <span class='ocrx_word' id='word_1_348' title='bbox 587 2747 618 2773; x_wconf 84' lang='lat' dir='ltr'><strong>In</strong></span> <span class='ocrx_word' id='word_1_349' title='bbox 642 2753 754 2779; x_wconf 63' lang='lat' dir='ltr'><strong>marg:</strong></span> <span class='ocrx_word' id='word_1_350' title='bbox 784 2743 987 2778; x_wconf 72' lang='lat' dir='ltr'><strong>Augustinus.</strong></span> <span class='ocrx_word' id='word_1_351' title='bbox 1088 2742 1133 2768; x_wconf 68' lang='lat'><strong>26.</strong></span> <span class='ocrx_word' id='word_1_352' title='bbox 1156 2740 1251 2768; x_wconf 86' lang='lat' dir='ltr'><strong>Cod.:</strong></span> <span class='ocrx_word' id='word_1_353' title='bbox 1279 2738 1445 2767; x_wconf 84' lang='lat' dir='ltr'><strong>accidentis</strong></span> <span class='ocrx_word' id='word_1_354' title='bbox 1466 2738 1562 2764; x_wconf 83' lang='lat' dir='ltr'><strong>twice.</strong></span> <span class='ocrx_word' id='word_1_355' title='bbox 1662 2735 1706 2763; x_wconf 81' lang='lat'><strong>28.</strong></span> <span class='ocrx_word' id='word_1_356' title='bbox 1726 2735 1759 2762; x_wconf 89' lang='lat' dir='ltr'><strong>In</strong></span> 
     </span>
     <span class='ocr_line' id='line_1_43' title="bbox 456 2772 1592 2816; baseline -0.008 -8"><span class='ocrx_word' id='word_1_357' title='bbox 456 2789 570 2816; x_wconf 62' lang='lat' dir='ltr'><strong>marg:</strong></span> <span class='ocrx_word' id='word_1_358' title='bbox 598 2789 616 2807; x_wconf 90' lang='lat'><strong>1.</strong></span> <span class='ocrx_word' id='word_1_359' title='bbox 691 2778 732 2807; x_wconf 78' lang='lat'><strong>32.</strong></span> <span class='ocrx_word' id='word_1_360' title='bbox 754 2780 786 2806; x_wconf 88' lang='lat' dir='ltr'><strong>In</strong></span> <span class='ocrx_word' id='word_1_361' title='bbox 809 2786 922 2813; x_wconf 58' lang='lat' dir='ltr'><strong>marg:</strong></span> <span class='ocrx_word' id='word_1_362' title='bbox 950 2786 974 2805; x_wconf 78' lang='lat'><strong>2.</strong></span> <span class='ocrx_word' id='word_1_363' title='bbox 1048 2775 1093 2811; x_wconf 70' lang='lat'><strong>39.</strong></span> <span class='ocrx_word' id='word_1_364' title='bbox 1115 2776 1147 2803; x_wconf 87' lang='lat' dir='ltr'><strong>In</strong></span> <span class='ocrx_word' id='word_1_365' title='bbox 1170 2783 1284 2809; x_wconf 45' lang='lat' dir='ltr'><strong>marga</strong></span> <span class='ocrx_word' id='word_1_366' title='bbox 1313 2773 1453 2801; x_wconf 81' lang='lat' dir='ltr'><strong>Secunda</strong></span> <span class='ocrx_word' id='word_1_367' title='bbox 1473 2772 1592 2800; x_wconf 85' lang='lat' dir='ltr'><strong>ficticia.</strong></span> 
     </span>
    </p>
   </div>
   <div class='ocr_carea' id='block_1_6' title="bbox 526 2856 1323 2907">
    <p class='ocr_par' dir='ltr' id='par_1_22' title="bbox 526 2856 1323 2907">
     <span class='ocr_line' id='line_1_44' title="bbox 526 2856 1323 2907; baseline -0.008 -11"><span class='ocrx_word' id='word_1_368' title='bbox 526 2875 556 2907; x_wconf 88' lang='lat'><strong>7.</strong></span> <span class='ocrx_word' id='word_1_369' title='bbox 586 2863 624 2897; x_wconf 91' lang='grc' dir='ltr'><strong>ΙΙ.</strong></span> <span class='ocrx_word' id='word_1_370' title='bbox 643 2863 735 2896; x_wconf 80' lang='lat' dir='ltr'><strong>Tim.</strong></span> <span class='ocrx_word' id='word_1_371' title='bbox 764 2863 802 2903; x_wconf 80' lang='grc' dir='ltr'><strong>ΙΙ,</strong></span> <span class='ocrx_word' id='word_1_372' title='bbox 826 2861 875 2893; x_wconf 84' lang='lat'><strong>13.</strong></span> <span class='ocrx_word' id='word_1_373' title='bbox 975 2871 1024 2902; x_wconf 86' lang='lat'><strong>17.</strong></span> <span class='ocrx_word' id='word_1_374' title='bbox 1053 2860 1089 2899; x_wconf 88' lang='grc' dir='ltr'><strong>ΙΙ,</strong></span> <span class='ocrx_word' id='word_1_375' title='bbox 1117 2859 1196 2891; x_wconf 92' lang='lat' dir='ltr'><strong>Cor.</strong></span> <span class='ocrx_word' id='word_1_376' title='bbox 1228 2857 1250 2896; x_wconf 85' lang='lat'><strong>1,</strong></span> <span class='ocrx_word' id='word_1_377' title='bbox 1276 2856 1323 2890; x_wconf 84' lang='lat'><strong>18.</strong></span> 
     </span>
    </p>
   </div>
  </div>
 </body>
</html>
