1944 3323
157 262 294 291 SERMO
310 251 466 309 xxxlv]
644 265 819 297 TERTIA
847 265 973 296 PARS.

158 384 270 408 suam
314 371 524 409 ecclesiam
564 370 887 420 predicacionem
935 371 1055 408 talem
1103 383 1186 407 esse
1227 371 1472 408 habitualem

159 439 195 466 et
228 442 308 466 non
341 429 628 479 ydempticam.
675 431 768 466 Ideo
804 429 1055 478 postillantes
1094 429 1161 478 qui
1196 428 1334 466 dicunt
1368 430 1475 478 quod

158 501 201 525 ex
245 488 346 525 serie
384 490 597 525 verborum
638 497 728 536 post
769 497 805 524 et
844 497 935 524 ante
981 496 1090 536 patet
1130 489 1237 537 quod
1284 487 1353 525 illa
1397 500 1475 523 non

159 556 215 583 est
251 547 460 595 figurativa
485 546 642 583 locucio
673 546 757 583 sine
781 546 1045 583 fundamento
1075 558 1115 582 se
1139 546 1247 595 ipsos
1271 546 1477 594 decipiunt

125 609 195 641 5et
228 614 453 654 sequentes.

217 665 293 701 Sed
327 663 452 700 tercio
486 671 596 712 patet
620 663 742 712 quod,
777 662 879 699 sicut
912 663 1093 711 aspersio
1126 662 1331 711 sanguinis
1364 662 1477 699 vituli

159 722 355 769 figurabat
395 721 595 759 remocius
642 721 1002 758 confirmacionem
1048 721 1193 758 veteris
1233 720 1476 766 testamenti,

158 780 213 817 sic
265 780 400 817 vinum
455 780 570 816 huius
624 779 761 817 calicis
815 779 959 828 figurat
1005 779 1273 828 propinquius
1326 792 1475 816 novum

158 848 459 885 testamentum,
501 847 537 876 et
577 847 635 875 est
673 839 893 875 secundum
942 838 1220 875 habitudinem
1260 838 1478 886 ipsummet

103 906 461 943 xotestamentum,
515 906 552 934 et
603 910 683 934 non
734 906 791 934 est
843 896 1130 945 repugnancia,
1186 897 1254 933 sed
1306 896 1478 945 Spiritus

158 957 328 992 Sanctus
374 955 494 992 simul
539 955 635 992 dixit
681 964 912 1004 utrumque,
957 955 1049 991 licet
1097 954 1312 1004 dispariter
1358 964 1477 1003 atque

158 1014 349 1063 equivoce
373 1015 481 1063 quod
515 1014 575 1051 hic
608 1021 662 1050 est
695 1014 801 1050 calix
833 1014 1034 1064 sanguinis
1066 1014 1141 1050 mei
1172 1014 1261 1049 novi
1291 1021 1326 1050 et
1358 1014 1481 1050 eterni

156 1073 385 1109 testamenti.
421 1075 468 1109 Et
502 1073 562 1108 hic
595 1072 702 1109 calix
735 1085 873 1108 novum
909 1079 1177 1108 testamentum
1212 1079 1267 1109 est
1307 1072 1345 1108 in
1388 1084 1477 1108 meo

157 1131 361 1179 sanguine,
380 1131 473 1179 quia
498 1130 714 1179 utrobique
738 1139 795 1167 est
819 1131 958 1167 eadem
985 1130 1189 1168 sentencia
1212 1130 1268 1167 sic
1293 1130 1475 1167 dicenda.

215 1192 262 1226 Et
296 1191 444 1238 pudeat
477 1189 766 1237 grammaticos
807 1201 849 1225 ex
889 1188 1129 1225 infundabili
1162 1189 1337 1225 ruditate
1366 1185 1370 1242 ι
1401 1202 1477 1237 qua

157 1248 294 1285 dicunt
340 1249 446 1297 quod
494 1249 569 1284 hoc
614 1260 840 1296 pronomen
881 1248 952 1284 hoc
991 1260 1072 1284 non
1112 1248 1363 1284 demonstrat
1402 1247 1477 1284 nisi

157 1319 240 1343 rem
282 1306 569 1343 insensibilem.
616 1309 718 1342 Nam
760 1306 798 1342 in
836 1305 1102 1354 grammatica
1136 1305 1308 1354 Spiritus
1342 1305 1479 1342 Sancti

158 1367 410 1402 demonstrat
458 1377 540 1401 rem
592 1365 816 1401 sensualem
866 1364 1150 1410 communiter,
1196 1373 1239 1401 ut
1284 1373 1393 1413 patet
1440 1364 1476 1400 in

158 1423 368 1472 proposito
402 1423 440 1459 in
475 1423 543 1459 illo
568 1424 719 1460 Eecles.
745 1423 909 1459 ultimo:
945 1424 1070 1459 Deum
1105 1423 1195 1459 time
1227 1430 1261 1459 et
1293 1423 1477 1459 mandata

100 1494 142 1515 20
159 1483 237 1518 eius
285 1483 461 1527 observa,
506 1482 576 1518 lioc
622 1489 676 1517 est
720 1482 841 1517 omnis
885 1482 1011 1518 Immo.
1062 1483 1110 1517 Et
1155 1481 1195 1517 in
1239 1481 1308 1518 illo
1353 1481 1476 1517 Marci

159 1541 320 1577 ultimo:
363 1541 484 1591 Signa
525 1548 651 1576 autem
691 1552 755 1576 eos
787 1540 852 1588 qui
881 1540 1122 1576 crediderint
1154 1541 1222 1576 hec
1253 1547 1475 1588 sequnntur.

163 1599 368 1650 Qtociens,
418 1598 561 1647 inquit,
614 1599 894 1634 manducabitis
932 1611 1073 1647 panem
1120 1599 1219 1634 hunc
1269 1606 1303 1634 et
1347 1598 1478 1634 bibetis

157 1659 256 1693 lznnc
295 1657 466 1701 calicem,
506 1664 669 1694 mortem
704 1657 865 1693 Domini
900 1657 1140 1701 nunciabitis,
1180 1657 1299 1693 donec
1339 1657 1475 1692 veniat.

158 1718 341 1764 Corpora
380 1716 542 1764 quidem
584 1715 659 1752 ista
699 1716 748 1751 ad
788 1716 892 1752 hunc
934 1715 1052 1751 finem
1094 1724 1396 1752 sacramentant
1441 1724 1477 1751 et

101 1776 139 1807 25
158 1788 283 1823 usque
313 1775 361 1810 ad
387 1773 491 1810 diem
516 1773 653 1810 iudicii
675 1773 806 1810 viator
831 1782 1000 1810 mortem
1028 1773 1191 1810 Domini
1217 1782 1475 1810 memoretur.

158 1834 233 1869 Sed
268 1845 311 1869 ex
344 1842 439 1869 tunc
472 1832 709 1869 adveniente
744 1832 852 1869 clara
885 1832 1035 1869 noticia
1069 1834 1116 1869 de
1149 1832 1357 1881 presencia
1391 1844 1477 1868 cor-

156 1891 266 1939 poris
326 1891 475 1928 Christi
536 1890 841 1927 accidentaliter
901 1890 1153 1939 experiencia
1212 1891 1477 1939 superflueret

158 1949 389 1986 huiusmodi
422 1959 737 1986 sacramentum.
773 1951 911 1998 Itaque
941 1950 1151 1999 quicunque
1184 1949 1476 1985 manducaverit

150 2021 291 2058 panem
327 2009 386 2044 vel
424 2008 560 2044 biberit
592 2009 748 2045 calicem
783 2008 944 2044 Domini
974 2008 1133 2058 indigne
1165 2021 1254 2045 reus
1286 2008 1358 2044 erit
1392 2020 1477 2044 coi·-

99 2067 263 2116 30poris
286 2074 320 2103 et
342 2067 544 2117 sanguinis
567 2067 739 2113 Domini,
773 2079 862 2102 cum
897 2075 1107 2115 tamquam
1138 2067 1259 2103 falsus
1293 2066 1478 2115 proditor

156 2126 372 2174 nephando
406 2125 544 2162 osculo
584 2125 748 2162 simulat
780 2125 1116 2162 sacramentalem
1159 2134 1195 2161 et
1228 2125 1474 2162 fructuosam

158 2183 396 2220 memoriam
437 2193 474 2220 et
512 2193 719 2232 tamquam
761 2183 862 2220 alter
898 2185 1020 2220 Judas
1059 2183 1276 2220 substernit
1310 2183 1475 2220 calicem

155 2241 339 2290 nequiter
371 2241 617 2279 simulatam.

215 2303 316 2337 Nam
346 2301 486 2350 probet
517 2313 556 2337 se
589 2301 712 2350 ipsum
747 2301 859 2337 homo
890 2309 926 2337 et
956 2299 1012 2337 sic
1045 2301 1219 2336 mundus
1253 2313 1274 2337 a
1308 2299 1476 2337 crimine

99 2360 139 2391 35
158 2368 194 2395 et
233 2358 272 2394 in
313 2367 421 2395 recta
460 2358 688 2396 intencione
728 2360 778 2395 ad
818 2359 1021 2396 fructuose
1062 2360 1371 2395 memorandum
1407 2359 1476 2395 has

157 2426 291 2465 partes
316 2416 480 2453 Domini
514 2426 555 2453 ut
589 2426 670 2454 tam
705 2419 925 2454 secundum
961 2430 1108 2465 corpus
1142 2430 1262 2466 quam
1297 2417 1473 2454 animam

159 2476 226 2512 fiat
259 2476 405 2512 salvus.
445 2475 523 2525 Qui
552 2476 649 2512 enim
685 2477 892 2512 manducat
925 2484 959 2512 et
987 2476 1077 2511 bibit
1100 2476 1270 2526 indigne,
1295 2476 1475 2511 indicium

156 2534 228 2569 sibi
255 2535 462 2570 manducat
490 2541 525 2570 et
547 2535 649 2579 bibit,
683 2547 773 2570 cum
800 2534 1015 2571 falsitatem
1042 2533 1204 2570 simulat
1229 2533 1474 2570 contrariam

156 2592 277 2629 iudici
325 2591 524 2637 veritatis3
572 2594 780 2641 quomodo
821 2605 915 2641 ergo
955 2593 1152 2635 diiudicat,
1199 2593 1273 2628 hoc
1321 2601 1390 2630 est.
1438 2592 1475 2627 in

65 1169 140 1200 Fol.

62 1219 141 1258 209⁶*

227 2720 254 2741 υ.
270 2716 302 2742 In
320 2723 433 2750 mai-24:
456 2714 480 2742 3.
539 2715 579 2742 16.
602 2715 631 2741 Iu
655 2723 751 2749 marg.
775 2724 860 2750 sup:
884 2715 926 2741 Ile
949 2720 1144 2742 sacramento
1165 2715 1263 2741 altari.
1320 2716 1360 2742 23.
1378 2715 1474 2742 Codiz

157 2755 252 2776 vator.
344 2757 389 2776 20.
413 2749 507 2777 (Inda
531 2750 566 2776 de
589 2751 733 2785 puericia.
831 2749 874 2777 2³2.
897 2750 992 2777 emi:
1015 2751 1089 2777 alter
1110 2751 1212 2777 iudex.
1312 2752 1357 2783 ὃς.
1380 2751 1475 2777 Coti&

155 2784 224 2811 Non
248 2786 366 2820 probet.

232 2868 280 2889 12.
302 2858 416 2888 Lucae
437 2858 543 2893 XXII.
566 2868 618 2889 20.
698 2868 745 2901 to.
768 2859 879 2890 Recte.
900 2858 971 2897 XII,
993 2858 1043 2889 13.
1119 2869 1170 2890 21.
1191 2858 1294 2890 Marci
1316 2859 1404 2898 XVI,
1426 2870 1474 2901 ¹7-

160 2915 215 2935 22,
240 2905 263 2935 I.
293 2905 372 2935 Cor.
403 2904 459 2944 XI,
489 2904 542 2935 26.
643 2903 696 2937 28.
724 2905 768 2937 ib.
799 2915 850 2946 27.
950 2905 1003 2947 37.
1030 2905 1075 2937 ib.
1104 2916 1156 2948 29.

1684 257 1764 293 285

1522 1194 1743 1221 Grammaticis}

1548 1237 1599 1255 use
1621 1230 1655 1255 of
1673 1230 1722 1255 the

1555 1272 1708 1299 pronoun.

1519 2303 1546 2329 Α
1568 2310 1637 2329 man
1655 2309 1742 2342 ‘must

1561 2346 1701 2365 examine

1564 2374 1624 2401 him
1632 2376 1696 2401 sele}
