1944 3323
195 281 332 310 SERMO
353 273 480 329 xxiv]
686 284 862 316 TERTIA
889 284 1014 316 PARS.

197 391 346 430 Christi
380 392 630 440 pacienciam
665 400 702 428 et
735 392 922 428 addendo
955 392 1185 440 ymaginem
1210 393 1418 440 quomodo
1441 405 1514 428 nos

197 459 235 487 et
266 449 419 486 viantes
452 449 596 498 singuli
630 451 679 486 ad
713 462 854 497 pacem
889 450 1056 487 ecclesie
1086 449 1341 486 imitaremur
1364 450 1513 498 ipsam3

196 510 302 545 unde
335 512 393 553 (ut
427 508 599 544 breviter
634 510 995 556 comprehendam)
1033 508 1171 545 omnia
1211 509 1315 545 bella
1349 508 1515 545 ecclesie

197 566 357 615 publica
401 567 461 604 vel
514 566 684 615 privata,
738 566 874 603 omnia
928 567 1010 603 eius
1063 567 1201 615 litigia,
1256 566 1387 603 omnis
1433 567 1516 603 eius

164 624 393 661 §dissensio
439 637 486 661 ac
527 626 633 662 mala
675 625 713 661 in
754 625 935 661 moribus
975 625 1160 662 oriuntur
1200 638 1243 662 ex
1284 626 1360 661 hoc
1402 625 1515 662 devio

197 684 306 732 quod
336 695 419 719 non
451 683 568 732 plene
601 683 847 721 addiscimus
880 684 1130 732 pacienciam
1164 686 1256 721 Jesu
1280 683 1443 729 Christi,
1479 693 1515 720 et

197 751 334 778 tamen
371 754 562 789 rogamus
601 741 761 779 assidue
801 743 949 779 habere
988 742 1196 791 paciencie
1235 742 1359 791 ipsius
1394 743 1517 779 docu-

198 808 347 846 menta,
394 813 484 837 cum
529 800 570 836 in
614 801 720 837 facto
765 800 1012 837 attendimus
1053 802 1103 838 ad
1143 810 1376 838 commenta
1414 801 1517 849 regis

198 857 374 895 filiorum
418 858 618 907 superbie.
673 858 771 905 Quis
817 859 922 896 enim
967 859 1041 895 fuit
1086 859 1247 896 Christo
1292 859 1516 908 potencior‚

143 927 288 954 ¹0cum
321 929 402 954 uno
434 918 556 954 verbo
591 926 711 966 atque
744 917 892 954 intuitu
926 919 1060 954 hostes
1093 930 1185 954 suos
1209 917 1427 965 prostravit
1451 917 1518 966 qui

196 975 356 1012 fuerant
388 975 499 1012 missi
533 975 665 1024 ipsum
701 977 1046 1024 comprehendere
1081 977 1182 1021 (Joh.
1217 976 1406 1024 XV1110)?
1440 978 1519 1012 Aut

197 1033 285 1082 quis
325 1033 398 1070 fuit
437 1033 598 1071 Christo
624 1034 873 1083 ·sapiencior
912 1034 979 1083 qui
1021 1034 1162 1072 didicit
1201 1043 1239 1071 et
1278 1034 1518 1082 exemplavit

196 1092 367 1140 posteris
401 1092 441 1128 in
475 1105 595 1129 causa
629 1093 806 1129 humana
839 1093 922 1141 pati
956 1092 1162 1130 humiliter
1196 1105 1270 1141 pro
1303 1093 1412 1129 Deo?

253 1152 303 1186 Et
347 1152 423 1187 hoc
469 1160 527 1187 est
574 1151 715 1188 melius
760 1164 882 1199 quam
934 1152 1126 1188 blasfeme
1178 1163 1290 1188 more
1336 1150 1519 1187 demonis

142 1207 423 1255 15vindicare3
457 1208 548 1246 ideo
571 1210 790 1258 Apostolus
824 1211 1011 1258 detegens
1044 1210 1163 1247 istam
1197 1209 1445 1247 sentenciam
1480 1209 1520 1245 in

197 1266 332 1304 radice
367 1267 463 1304 dicit
497 1269 606 1316 quod
640 1281 725 1304 cum
760 1268 940 1305 Clu-istus
972 1269 1007 1304 in
1030 1269 1172 1318 forma
1195 1269 1273 1305 Dei
1303 1276 1413 1315 esset,
1446 1280 1518 1304 non

197 1325 374 1374 rapinam
413 1326 629 1362 arbitratus
665 1334 721 1363 est
760 1339 841 1364 esse
877 1340 917 1363 se
955 1328 1127 1376 equalem
1160 1328 1259 1374 Deo,
1297 1327 1365 1363 sed
1402 1334 1520 1363 semet

197 1384 321 1433 ipsum
355 1385 567 1421 exinanivit
588 1385 770 1434 formam
803 1386 910 1422 servi
930 1386 1131 1435 accipiens.
1167 1385 1360 1431 Quamvis
1384 1394 1519 1421 autem

199 1441 478 1491 multipliciter
522 1443 679 1480 dicatur
723 1443 876 1494 aliquid
923 1456 1007 1480 esse
1055 1443 1095 1480 in
1143 1443 1236 1490 alio,
1287 1452 1424 1480 tamen
1469 1444 1518 1479 ad

140 1508 183 1531 20
199 1501 455 1549 propositum
489 1501 687 1550 accipitur
719 1516 792 1551 pro
825 1502 955 1538 inesse
987 1502 1225 1548 formaliter,
1260 1502 1362 1538 sicut
1396 1503 1518 1538 homo

200 1567 258 1595 est
297 1558 337 1594 in
376 1559 649 1605 humanitatej,
695 1560 750 1597 sic
790 1559 894 1598 enim
931 1560 1112 1597 Christus
1153 1573 1243 1597 cum
1276 1560 1326 1597 sit
1361 1561 1517 1596 verbum

200 1617 277 1653 Dei
303 1619 524 1654 secundum
547 1619 789 1666 Apostolum
814 1620 879 1665 (ad
902 1620 1083 1656 Hebreos
1107 1621 1155 1664 10)
1180 1618 1252 1655 fuit
1285 1619 1325 1654 in
1358 1618 1519 1663 deitate,

200 1676 277 1712 hoc
324 1684 396 1722 est,
448 1675 522 1712 sibi
566 1675 668 1712 inest
713 1676 945 1714 eternaliter
989 1678 1098 1726 quod
1145 1676 1195 1713 sit
1238 1689 1354 1714 verus
1400 1679 1519 1713 Deus.

200 1732 311 1770 Sicut
350 1734 456 1770 enim
497 1734 727 1772 humanitas
767 1744 825 1772 est
862 1736 994 1773 forma
1027 1749 1106 1784 qua
1139 1737 1262 1772 homo
1296 1734 1521 1772 formaliter

143 1787 182 1821 25
201 1791 351 1828 dicitur
389 1805 473 1829 esse
512 1794 648 1839 homo,
695 1793 751 1831 sic
792 1793 919 1831 deitas
959 1803 1017 1830 est
1055 1794 1186 1831 forma
1225 1806 1303 1843 qua
1341 1793 1520 1830 Trinitas

200 1849 348 1887 dicitur
379 1851 604 1888 formaliter
634 1864 720 1889 esse
744 1854 862 1889 Deus.
897 1854 952 1888 Ex
985 1851 1129 1901 quibus
1164 1865 1255 1889 cum
1287 1851 1440 1900 ystoria
1473 1853 1521 1888 de

198 1907 317 1956 gestis
351 1909 553 1957 colligitur
586 1912 695 1959 quod
726 1924 809 1948 non
832 1911 1001 1948 cadebat
1025 1910 1238 1947 arbitrium
1261 1923 1378 1947 suum
1402 1923 1521 1958 super

199 1966 384 2015 rapinam
431 1967 667 2005 arbitrando
713 1982 753 2005 se
793 1982 877 2006 esse
918 1970 1100 2018 equalem
1143 1971 1240 2014 Deo,
1287 1969 1390 2005 sicut
1428 1968 1521 2005 fecit

199 2024 355 2073 primus
389 2035 575 2074 apostata
609 2036 646 2064 et
678 2027 833 2075 primus
866 2029 1002 2073 homo,
1043 2040 1134 2064 cum
1175 2027 1275 2064 illud
1308 2027 1518 2064 arbitrium

142 2081 184 2114 30
200 2083 349 2120 Christi
382 2083 455 2120 fuit
486 2097 638 2122 verum.
673 2085 785 2122 Sicut
817 2085 923 2123 enim
959 2086 1187 2123 communis
1212 2086 1442 2123 humanitas
1466 2094 1522 2121 est

199 2142 343 2188 forma,
378 2155 456 2191 qua
489 2143 666 2192 quelibet
704 2157 877 2192 persona
916 2144 1092 2181 hominis
1129 2157 1221 2181 vere
1260 2144 1407 2181 dicitur
1440 2156 1523 2180 esse

200 2200 336 2246 homo,
371 2200 426 2237 sic
460 2202 687 2239 communis
721 2203 847 2240 deitas
882 2212 939 2239 est
971 2204 1103 2239 forma
1126 2203 1199 2239 Dei
1232 2216 1312 2251 qua
1345 2202 1523 2251 quelibet

201 2270 374 2306 persona
407 2258 541 2296 divina
573 2273 664 2297 vere
697 2260 844 2297 dicitur
877 2274 962 2298 esse
995 2264 1114 2298 Deus.
1161 2263 1251 2298 Una
1290 2274 1385 2309 ergo
1419 2260 1523 2297 arbi-

201 2315 329 2353 tracio
362 2317 436 2353 fuit
468 2318 660 2355 blasfema
695 2319 911 2368 usurpacio
946 2328 982 2356 et
1016 2319 1094 2356 alia
1117 2319 1191 2356 fuit
1212 2319 1390 2356 veridica
1411 2318 1522 2355 verbi

143 2371 183 2404 35
201 2373 275 2410 Dei
319 2375 608 2422 sentenciaci03
656 2386 692 2413 et
736 2387 873 2414 tamen
918 2391 1009 2414 cum
1055 2387 1140 2415 tota
1184 2377 1260 2415 ista
1306 2377 1522 2426 equalitate

202 2433 419 2481 assumpsit
457 2435 676 2471 humanam
717 2436 990 2473 substanciam
1036 2437 1097 2473 vel
1138 2445 1341 2482 naturam,
1388 2445 1424 2472 et
1466 2435 1522 2472 sic

201 2491 330 2528 factus
368 2500 540 2540 utraque
579 2502 726 2531 natura
765 2494 805 2531 in
844 2495 999 2531 unitate
1043 2507 1215 2543 persone
1259 2493 1520 2542 semetipsum

203 2548 430 2595 exinanivit,
465 2550 559 2599 quia
598 2552 788 2599 produxit
827 2562 1053 2590 creaturam
1095 2554 1145 2590 ad
1185 2562 1294 2590 extra
1334 2565 1411 2601 que
1449 2551 1522 2588 fuit

202 2607 350 2644 Christi
383 2608 613 2646 humanitas
646 2623 768 2658 quam
801 2611 1018 2660 assumpsit
1050 2611 1090 2647 in
1123 2611 1318 2648 unitatem
1352 2622 1522 2659 persone

140 2671 186 2703 40
200 2665 310 2702 verbi
345 2666 489 2712 eterni;
525 2676 562 2703 et
595 2667 696 2704 sicut
729 2669 768 2706 in
801 2682 870 2706 ore
904 2670 998 2707 cifre
1031 2670 1091 2706 vel
1125 2669 1249 2718 figure
1281 2669 1418 2706 nichili
1454 2668 1520 2717 qui

271 2800 294 2828 5.
317 2800 412 2829 Coa:
434 2802 604 2830 descensio.
708 2806 736 2832 6.
758 2806 852 2833 Cod.:
898 2807 982 2840 le11(›;
1004 2807 1044 2834 ib.
1066 2807 1251 2834 addicimus.
1362 2813 1392 2837 14
1424 2803 1519 2829 (jod-5

202 2835 370 2864 blasfemie.
444 2837 484 2865 31.
506 2838 602 2867 Cod.:
624 2848 683 2875 qua
704 2840 800 2868 deest.
891 2850 920 2875 4.
943 2841 1038 2870 Cod.:
1061 2841 1251 2877 blasphemia
1273 2840 1448 2875 usurpacio.

276 2908 326 2942 16.
354 2911 442 2947 Phil.
470 2913 511 2952 11,
535 2911 637 2956 6—7.

1728 277 1798 313 185

1566 516 1613 542 All
1637 517 1775 554 quau-rel>

1540 551 1618 578 asise
1641 554 1719 578 lrom
1741 560 1797 578 our

1576 591 1628 613 not
1650 586 1761 621 having

1533 621 1655 648 learned
1673 620 1805 648 Christ's

1593 657 1695 683 lcsson
1717 656 1751 683 01'

1597 691 1745 726 patience.

1606 1156 1739 1184 Christ's

1576 1193 1717 1226 example
1738 1192 1766 1218 in

1595 1227 1756 1260 humbliug

1605 1262 1737 1289 himself.

1558 1508 1637 1535 How
1659 1508 1704 1535 He
1726 1516 1788 1534 was

1546 1543 1575 1570 iu
1598 1544 1647 1569 the
1667 1543 1747 1570 form
1770 1543 1804 1569 οῖ’

1632 1577 1713 1605 God.

1549 2033 1616 2061 The
1637 2033 1717 2060 devil
1739 2032 1798 2059 und

1545 2069 1649 2096 Adam
1670 2068 1802 2103 grasped

1538 2107 1567 2131 at
1586 2103 1721 2139 equality
1740 2103 1812 2129 with

1634 2138 1720 2171 God;

1556 2381 1661 2409 Christ
1682 2382 1754 2408 took
1775 2381 1796 2408 it

1606 2416 1640 2443 οἱ
1658 2416 1747 2451 right.
