1944 3323
97 930 134 950 10

96 1211 132 1241 15

155 285 291 313 smnio
314 274 434 331 xlix]
642 285 813 317 TERTIA
844 286 968 317 petas,

210 398 290 432 Nec
344 403 511 442 negatur
562 393 885 430 communicacio
940 394 977 429 in
1027 394 1319 441 temporalibus
1366 393 1467 429 inter

153 455 302 489 mundo
337 452 497 489 divitem
539 461 576 488 et
615 451 880 499 spiritualiter
918 452 1197 497 instruentem,
1237 451 1292 487 sic
1333 460 1467 487 tamen

151 513 259 560 quod
305 511 573 547 elemosinans
622 523 663 546 cx
713 523 784 546 sua
833 510 1053 558 prudencia
1102 510 1140 546 in
1190 509 1468 558 spiritualibus

152 570 385 605 instruatur.
422 570 513 605 [deo
547 568 643 604 dicit
676 569 912 616 Apostolus:
953 569 1216 604 communicet
1248 575 1373 604 autem
1405 568 1471 616 qui

150 628 440 680 cathechizatur
472 627 587 663 werlu>
621 627 654 662 ei
685 627 750 675 qui
770 638 810 662 se
832 626 1071 678 catlzeclziqczt
1094 627 1129 662 1'11
1153 627 1326 662 omnibus
1349 626 1466 662 honis.

150 688 218 722 Est
258 694 390 722 autem
439 683 716 721 cathechizare
761 684 958 721 instruere
1003 684 1043 720 in
1087 684 1364 732 spiritualibus
1410 685 1469 720 vel

151 744 405 784 confirmare,
449 744 570 779 modo
603 756 683 791 quo
724 743 998 791 evangelizans
1039 743 1162 779 alium
1205 743 1467 779 cathechizat.

151 801 459 838 Cathechizatus
503 810 636 838 autem
684 810 779 837 tunc
826 802 1100 838 communicat
1146 814 1236 838 cum
1279 801 1468 837 omnibus

151 860 265 896 bonis
305 873 394 896 cum
435 872 507 895 suo
547 859 802 901 instructore,
837 861 999 908 quando
1038 861 1260 896 secundum
1293 860 1468 907 pruden-

151 918 254 955 ciam
295 917 556 955 cathechizati
599 926 637 954 et
674 917 857 953 strictam
904 918 1109 965 egenciam
1153 916 1468 954 cathechizantis

152 976 352 1013 ministrat
385 975 627 1024 temporalia
661 984 697 1012 et
731 984 912 1023 reportat
945 975 1190 1024 spiritualia3
1224 989 1318 1012 nam
1352 975 1467 1023 spiri-

150 1034 268 1071 tualis
302 1034 627 1071 communicacio
660 1033 700 1069 in
734 1034 848 1070 bonis
884 1033 1015 1070 meriti
1049 1034 1112 1071 hic
1153 1033 1334 1082 requirit,
1377 1046 1467 1070 cum

150 1092 448 1130 cathechizatus
494 1093 601 1139 large
647 1101 684 1128 et
732 1093 852 1128 stulte
891 1091 1086 1128 indicanti
1128 1092 1321 1137 tribuens,
1362 1093 1468 1127 unde

149 1151 405 1188 occasionem
441 1149 589 1198 accipit
622 1159 663 1186 ut
697 1150 746 1186 sit
779 1151 965 1198 petulans
998 1150 1038 1186 in
1071 1149 1272 1187 alimentis
1297 1158 1333 1186 et
1357 1159 1468 1197 tegu-

152 1209 297 1246 mentis
335 1210 442 1245 ultra
485 1222 606 1257 quam
647 1210 695 1245 ad
743 1208 933 1245 meritum
979 1221 1096 1245 suum
1143 1208 1330 1257 exigitur:
1378 1208 1468 1244 ideo

149 1281 231 1304 non
263 1267 539 1304 communicat
571 1266 611 1302 in
645 1267 833 1303 omnibus
867 1266 994 1312 bonis,
1035 1267 1129 1316 quia
1167 1280 1248 1303 non
1280 1266 1321 1303 in
1353 1267 1468 1303 bonis

149 1326 282 1374 gracie
313 1326 375 1362 vel
409 1325 539 1361 meriti
573 1327 642 1361 sed
676 1334 854 1361 econtra.

208 1386 257 1420 Et
290 1384 330 1420 in
363 1384 441 1420 isto
475 1383 655 1431 capitulo
689 1392 782 1419 sunt
815 1384 959 1419 fratres
993 1393 1030 1420 et
1060 1383 1193 1420 cuncti
1218 1383 1470 1420 elemosinati

150 1444 255 1479 ultra
284 1443 461 1490 regulam
487 1441 636 1479 Christi
668 1444 699 1477 1a
729 1443 778 1478 ad
801 1442 1061 1478 Timotheum
1087 1444 1172 1483 V10,
1199 1443 1242 1478 8:
1276 1442 1473 1478 Habentes

150 1501 331 1537 alimenta
372 1508 407 1536 et
439 1501 573 1549 quibus
604 1508 800 1550 tegamur,
834 1500 906 1536 hiis
939 1501 1106 1536 contenti
1135 1501 1265 1536 simus.
1313 1503 1354 1536 In
1395 1500 1471 1536 ista

151 1559 277 1596 eciam
320 1558 503 1606 symonia
544 1559 800 1595 maculantur
839 1559 980 1595 fratres
1014 1560 1230 1595 vendentes
1263 1558 1471 1606 spirituale

151 1631 266 1654 suum
303 1631 372 1665 per
412 1617 546 1653 literas
587 1617 851 1653 fraternitatis
886 1618 943 1663 (ut
976 1625 1127 1653 tactum
1164 1626 1221 1653 est
1254 1616 1471 1664 superius).

153 1677 268 1713 Unde
302 1675 376 1711 ista
409 1675 594 1723 symonia
629 1676 748 1711 habet
782 1675 960 1723 aliquam
996 1675 1199 1712 racionem
1224 1675 1351 1723 pluris
1376 1676 1471 1711 stul-

152 1734 246 1770 ticie
269 1747 390 1782 quam
415 1733 599 1781 symonia
618 1746 697 1782 qua
716 1733 863 1769 emitur
887 1733 1125 1770 beneficium
1152 1733 1469 1770 ecclesiasticum

153 1805 174 1828 a
208 1800 394 1840 patrono.
427 1791 521 1840 quia
554 1791 609 1827 illi
645 1791 914 1828 communiter
949 1792 1144 1827 inducunt
1167 1792 1207 1827 in
1230 1790 1469 1827 beneficium

153 1850 390 1898 temporale,
437 1850 515 1886 alia
562 1858 695 1886 autem
742 1849 927 1886 vendicio
967 1850 1146 1897 suffragii
1188 1850 1356 1886 fratrum
1398 1862 1471 1886 nec

154 1908 307 1944 inducit
341 1908 580 1944 beneficium
617 1908 840 1956 temporale
872 1921 945 1944 nec
976 1908 1214 1944 beneficium
1241 1907 1470 1955 spirituale3

151 1968 255 2003 unde
288 1967 616 2015 blasphemamus
641 1979 735 2014 ergo
758 1966 797 2002 in
820 1966 889 2002 illo
913 1968 1020 2014 quod
1047 1969 1129 2003 Deo
1164 1975 1221 2002 est
1245 1965 1469 2014 proprium,

151 2024 244 2074 quia
275 2038 357 2061 non
390 2026 575 2061 obstante
607 2034 746 2061 nostro
781 2024 1027 2061 commercio
1061 2024 1145 2072 ipse
1179 2024 1385 2060 distribuit
1419 2026 1468 2060 ad

94 2084 107 2116 T
151 2083 330 2131 regulam
366 2082 593 2131 unicuique,
629 2091 671 2118 ut
705 2092 761 2119 est
795 2083 950 2130 dignus.
986 2084 1078 2119 Ideo
1112 2082 1209 2119 dicit
1232 2083 1469 2131 Apostolus:

151 2142 280 2177 Nolite
312 2154 472 2177 errare:
504 2142 610 2177 Deus
642 2154 714 2177 non
747 2141 950 2177 irridetur.

210 2201 355 2235 Errant
389 2208 522 2236 autem
557 2199 624 2247 qui
657 2200 825 2236 credunt
850 2201 957 2248 quod
983 2208 1344 2248 quantumcunque
1368 2199 1471 2235 male

150 2256 319 2293 vixerint
350 2266 519 2305 possunt
553 2257 805 2294 mercacione
840 2270 930 2294 cum
966 2259 1202 2306 presbytero
1227 2270 1359 2293 emere
1383 2270 1470 2305 pre-

152 2315 277 2351 mium
312 2324 519 2364 tamquam
555 2328 598 2351 ex
633 2315 777 2352 merito
812 2324 849 2352 et
873 2316 1034 2352 flectere
1059 2315 1237 2351 divinum
1262 2315 1469 2351 iudicium.

96 2376 110 2407 Y
151 2375 200 2409 Et
247 2373 452 2410 evidencia
490 2373 728 2410 stultissima
768 2373 925 2421 capitur
965 2386 987 2410 a
1026 2373 1289 2409 similitudine
1330 2373 1472 2409 iudicis

152 2431 409 2479 temporalis3
444 2432 527 2480 ipse
560 2432 666 2468 enirn
701 2441 833 2480 potest
867 2431 973 2468 flecti
1008 2444 1029 2468 a
1063 2431 1221 2468 iusticia
1254 2444 1328 2479 pro
1363 2444 1472 2467 com-

154 2491 276 2525 modo
300 2489 529 2537 temporali.
565 2493 645 2526 Nec
679 2490 843 2526 dubium
879 2489 976 2538 quin
1009 2489 1148 2526 onmia
1181 2489 1278 2526 talia
1311 2489 1471 2537 sapiunt

154 2547 410 2584 manifestam
447 2548 618 2584 heresim
643 2556 763 2596 atque
787 2547 1095 2595 blasphemiam.
1132 2550 1181 2584 Et
1204 2547 1324 2583 simili
1350 2549 1471 2584 modo

154 2614 289 2641 errant
323 2605 389 2654 qui
424 2615 562 2642 emunt
595 2606 806 2643 oraciones
840 2605 1050 2642 hominum
1086 2619 1186 2654 quos
1219 2614 1379 2642 sanctos
1413 2618 1470 2642 re-

221 2761 250 2784 4.
273 2751 368 2779 Cod.:
400 2752 592 2779 instruentis.
720 2752 743 2780 5.
766 2752 843 2779 Cod.
866 2752 914 2779 hic
936 2757 963 2779 et
984 2752 1012 2779 in
1035 2752 1111 2779 locis
1132 2761 1234 2787 seqq.:
1265 2752 1471 2779 cathezizatur

151 2787 375 2819 (cathezizare).
397 2787 537 2814 Correxi.
559 2787 591 2814 In
616 2795 728 2821 marga
750 2787 961 2814 chatliezizare
983 2787 1055 2822 quid
1078 2792 1133 2814 est.
1209 2787 1249 2814 16.
1267 2786 1360 2813 Cod.:
1388 2795 1471 2814 com-

154 2821 289 2849 municat
310 2821 466 2848 omnibus.
540 2830 587 2848 20.
609 2822 675 2849 Cod
699 2831 704 2848 :
734 2821 763 2849 in
786 2822 854 2849 hiis.
930 2824 973 2850 ΞΝ.
997 2822 1091 2850 Cod.:
1123 2822 1332 2857 blasphemus.

221 2926 254 2956 4.
281 2916 355 2948 Gal.
377 2917 434 2956 VI,
458 2927 490 2957 4.
591 2917 642 2949 31.
670 2917 714 2948 ib.
742 2929 772 2960 7.

1674 280 1753 324 425

1495 402 1517 428 lt
1539 403 1564 428 is
1587 402 1664 436 right
1687 402 1751 428 that

1496 437 1582 463 those
1605 438 1674 463 who
1695 445 1745 463 arc

1503 472 1607 504 taught
1630 472 1739 498 should

1512 506 1579 540 give
1600 511 1630 533 to
1652 507 1729 532 their

1547 541 1693 571 teacliers.

1548 925 1600 951 but
1621 925 1693 959 only

1512 959 1677 993 according
1699 964 1729 985 10

1485 995 1562 1022 their
1589 995 1647 1022 real
1671 994 1756 1021 need.

1530 1379 1652 1407 Letters
1681 1379 1716 1406 of

1511 1416 1670 1451 fraternity
1690 1415 1739 1442 the

1505 1455 1600 1477 worst
1621 1450 1693 1477 kind
1716 1450 1749 1476 of

1558 1485 1691 1521 simony.

1493 2206 1570 2233 Hliss
1591 2210 1704 2233 cannot
1726 2206 1760 2232 bc

1563 2242 1689 2275 bought.
