1944 3323
233 265 370 294 smnio
393 255 490 311 xlxi]
721 265 894 297 'I'ER'HA
926 265 1050 296 mus.

233 375 271 411 in
313 376 387 411 hoc
427 373 611 411 consistit
652 385 806 409 merces
848 380 1056 420 perpetua.
1105 370 1214 407 Beati
1255 369 1417 418 quidem
1462 382 1548 416 pcr-

233 442 354 481 pctuo
394 433 566 481 diligunt
606 431 698 467 licet
737 429 952 479 dispariter
991 439 1073 466 tam
1113 441 1207 465 suos
1253 427 1384 464 socios
1426 440 1546 475 quam

233 493 488 539 dampnatos.
531 492 611 526 Nec
651 498 811 538 oportet
852 487 1020 524 ulterius
1060 500 1133 536 pro
1174 485 1381 523 solucione
1421 484 1549 521 dicta>-

233 549 416 597 argucias
449 548 630 586 recitare.
667 549 815 583 Probat
845 555 979 583 autem
1004 546 1222 594 Apostolus
1247 543 1547 581 conclusionem

200 610 347 644 §suam
392 620 464 657 per
508 608 584 643 hoc
629 605 827 642 medium:
882 604 923 640 Si
969 604 1057 653 quis
1102 603 1278 653 perfecte
1317 602 1548 652 proximum

233 679 349 702 suum
375 666 516 716 diligit,
546 674 672 701 totam
706 664 830 714 legem
861 663 1043 711 decalogi
1073 662 1256 712 implevit,
1292 674 1383 698 cum
1414 659 1550 696 omnia

233 733 386 772 septem
422 725 611 761 mandata
645 724 819 759 secunde
852 723 987 758 tabule
1012 722 1061 758 ad
1086 722 1162 757 hoc
1184 721 1354 756 tendunt
1379 718 1551 755 finaliter

234 792 276 819 ut
305 782 510 830 proximus
544 781 746 829 diligatur.
788 781 864 824 Qui
894 788 1020 817 autem
1055 779 1211 829 offendit
1242 779 1277 814 in
1312 791 1384 814 uno
1418 789 1550 813 eornm

237 843 477 887 (secundum
500 841 712 888 Jacobum)
728 840 865 888 sactus
888 847 942 875 est
975 839 1142 874 onmium
1177 850 1279 879 reus,
1304 846 1340 873 et
1364 849 1434 884 per
1458 848 1552 872 con-

180 912 218 934 10
235 912 405 948 sequens
438 900 593 936 nullum
628 899 802 947 perfecte
836 897 1015 946 implevit
1054 908 1125 933 nec
1164 894 1392 944 proximum
1434 906 1550 929 suum

235 959 410 1006 perfecte
449 957 590 1006 diligit,
632 957 739 1005 quod
780 956 810 992 si
850 969 931 992 non
971 955 1077 999 facit,
1124 963 1218 990 tunc
1259 966 1347 990 cum
1389 952 1552 1001 paribus

235 1027 293 1054 est
345 1016 620 1065 prevaricator
673 1014 854 1051 omnium
908 1014 1029 1050 trium
1085 1014 1370 1049 mandatorum
1424 1010 1553 1059 prime

234 1076 370 1112 tabule
410 1084 447 1112 et
487 1074 543 1112 sic
582 1073 712 1110 tocius
758 1072 952 1120 decalogi.
1003 1073 1118 1108 Unde
1158 1073 1183 1107 Ι.
1223 1069 1417 1106 johannis
1457 1067 1553 1104 dicit

236 1135 424 1171 Sanctus:
455 1133 534 1184 Qui
564 1133 661 1169 enim
685 1133 863 1181 fratrem
895 1143 1005 1167 snum
1040 1142 1148 1179 quem
1183 1129 1285 1165 videt
1314 1140 1386 1164 non
1411 1127 1553 1177 diligit,

181 1193 217 1226 15
236 1193 362 1229 Deum
396 1205 505 1241 quem
540 1204 612 1227 non
654 1191 755 1226 videt
793 1190 984 1239 quomodo
1019 1195 1147 1238 potest
1187 1187 1384 1238 diligere?
1430 1183 1553 1230 Quasi

238 1250 407 1287 diceret:
448 1250 568 1287 Nullo
610 1250 746 1285 modo.
793 1248 904 1285 Sicut
938 1260 1031 1295 ergo
1065 1259 1188 1283 unum
1225 1246 1460 1282 mandatum
1497 1252 1554 1280 est

238 1321 460 1346 connexum
496 1321 586 1345 cum
622 1307 791 1356 reliquo,
827 1306 882 1344 sic
917 1307 1109 1342 mandata
1143 1302 1377 1341 dileccionis
1412 1301 1483 1338 Dei
1518 1310 1554 1338 et

238 1367 410 1416 proximi
443 1376 534 1404 sunt
569 1378 759 1403 connexa.
803 1367 894 1402 Ideo
930 1364 1026 1401 dicit
1058 1363 1216 1399 Veritas
1250 1360 1417 1399 Matthei
1443 1390 1449 1396 .
1477 1391 1484 1397 .
1512 1390 1518 1396 .
1546 1389 1552 1395 .

239 1427 347 1475 quod
391 1426 426 1462 in
472 1426 544 1462 hiis
588 1425 735 1461 duobus
779 1423 972 1460 mandatis
1017 1423 1196 1458 universa
1242 1421 1308 1457 lex
1340 1420 1482 1470 pendet
1522 1426 1556 1454 et

183 1497 223 1518 20
234 1485 438 1535 prophete,
470 1496 607 1532 ymmo
640 1484 859 1519 secundum
885 1482 1125 1530 Apostolum
1151 1479 1214 1516 hic
1233 1479 1433 1529 plenitudo
1458 1477 1556 1527 legis

239 1551 294 1579 est
340 1552 508 1591 utraque
553 1542 724 1585 dileccz'o,
769 1542 844 1577 hoe
891 1550 960 1577 est.
1007 1539 1037 1576 si
1077 1538 1165 1587 quis
1207 1539 1376 1574 alteram
1416 1548 1553 1572 earum

240 1601 414 1649 perfecte
438 1600 636 1641 habuerit,
670 1609 797 1636 totam
823 1600 949 1647 legem
975 1596 1170 1646 implevit,
1205 1605 1242 1632 et
1265 1595 1321 1632 sic
1346 1593 1554 1631 caritativa

241 1658 410 1695 dileccio
450 1668 507 1695 est
547 1659 744 1695 servanda
783 1666 949 1706 propter
989 1656 1049 1693 sui
1090 1654 1342 1699 brevitatem,
1390 1662 1556 1701 propter

241 1717 590 1762 communitatem,
626 1715 942 1753 delectacionem
979 1724 1015 1751 et
1049 1723 1216 1763 propter
1255 1713 1417 1748 finalem
1442 1710 1556 1747 retri-

182 1777 222 1809 25
242 1775 468 1821 bucionern‚
502 1777 647 1824 probat
682 1784 816 1811 autem
844 1774 1062 1822 Apostolus
1094 1773 1141 1808 de
1170 1780 1323 1819 septem
1355 1769 1555 1806 mandatis

240 1835 414 1871 secunde
458 1835 594 1870 tabule
633 1835 740 1882 quod
788 1833 913 1868 omnia
960 1832 1212 1868 includuntur
1250 1830 1285 1865 in
1326 1842 1399 1864 um)
1441 1828 1556 1864 vet-lm

239 1893 442 1929 caritative
475 1892 707 1937 dileccionis,
742 1901 783 1927 ut
817 1900 926 1939 patet
961 1890 1088 1926 litera.

297 1950 414 1987 Circa
447 1950 565 1987 istam
599 1950 813 1998 epistolam
848 1949 1055 1985 dubitatur
1088 1956 1222 1983 utrum
1257 1944 1466 1982 caritativa
1501 1943 1558 1980 di-

238 2008 363 2046 leccio
398 2018 434 2045 et
467 2009 635 2045 fratrum
670 2008 894 2045 validorum
931 2008 1159 2044 clamorosa
1194 2003 1445 2041 mendicacio
1481 2002 1559 2038 sint

181 2069 223 2102 30
239 2067 558 2116 compossibiles,
593 2077 629 2103 et
661 2067 819 2103 videtur
853 2067 959 2115 quod
994 2078 1086 2108 non,
1121 2063 1215 2113 quia
1249 2076 1294 2100 eo
1329 2062 1416 2111 ipso
1450 2063 1558 2110 quod

238 2127 360 2162 frater
400 2125 455 2162 sic
502 2125 790 2162 mendicaverit
837 2124 1025 2162 indebite.
1073 2121 1322 2170 concupiscit
1367 2133 1450 2157 rem
1497 2119 1555 2155 sui

240 2183 425 2233 proximi,
451 2193 487 2220 et
512 2183 635 2230 sisic,
670 2183 837 2220 offendit
870 2183 910 2218 in
946 2182 1133 2218 ultimum
1168 2181 1405 2217 mandatum
1442 2180 1557 2214 deca—

240 2242 319 2291 logi
355 2252 392 2279 et
424 2255 494 2290 per
529 2255 778 2291 consequens
803 2251 860 2278 est
884 2240 1160 2289 prevaricator
1185 2247 1425 2275 cunctorum
1450 2236 1557 2272 iuxta

239 2303 401 2337 beatum
434 2302 650 2346 Jacobum3
685 2309 721 2337 et
745 2300 927 2349 sequitur
950 2298 1183 2347 oppositum
1209 2296 1319 2334 dubii
1344 2294 1556 2344 propositi.

182 2360 222 2392 35
241 2360 384 2404 Quoad
419 2368 669 2407 assumptum
704 2368 814 2407 patet
837 2359 946 2407 quod
970 2357 1062 2394 licet
1086 2357 1245 2393 fidelem
1272 2354 1558 2402 concupiscere

239 2417 378 2454 onmia
402 2418 507 2453 bona
532 2417 616 2463 Dei,
642 2430 731 2453 curn
757 2418 944 2453 iustorum
969 2417 1043 2451 sint
1075 2415 1216 2461 omnia,
1250 2422 1286 2450 et
1310 2415 1416 2449 Deus
1440 2425 1559 2460 super

240 2475 377 2511 omnia
410 2476 515 2512 bona
548 2488 618 2511 sua
658 2475 875 2512 constituet
914 2487 1048 2511 servos
1087 2486 1193 2519 suos,
1229 2473 1337 2521 quod
1378 2484 1466 2507 cum
1509 2470 1558 2506 sit

241 2533 568 2582 concupiscibile,
594 2543 703 2581 patet
727 2535 833 2583 quod
860 2533 952 2570 licet
975 2534 1081 2569 bona
1105 2531 1268 2568 alterius
1291 2529 1327 2567 vi
1352 2529 1558 2566 caritative

283 2703 287 2707 y
309 2676 350 2695 22.
374 2669 426 2695 §Ic.
451 2668 543 2695 [))d.:
567 2669 601 2695 si.
711 2676 756 2702 21.
779 2669 875 2696 ‹;0d.:
897 2668 1140 2695 dilcctaciculcni,
1251 2666 1292 2694 25.
1316 2671 1449 2701 sep1<1nz
1472 2665 1557 2691 tw›d.5

238 2711 383 2745 qninquc.
509 2710 554 2741 εχ.
577 2703 832 2741 Cod.gct‡uueh
958 2703 1059 2730 28.1n
1081 2701 1557 2736 nuuy.:l)ubiun11unand1nu.

239 2738 714 2773 so.h1maQ5:Pmmaramm

309 2810 342 2843 8.
366 2811 437 2842 Jac.
464 2810 503 2849 11,
527 2821 575 2842 ιο.
677 2820 727 2850 14.
755 2810 778 2842 I.
805 2809 884 2842 Joh.
911 2810 968 2849 IV,
988 2819 1046 2842 20.
1147 2811 1196 2841 18.
1223 2808 1346 2841 Matth.
1376 2808 1557 2847 XX1L40.

243 2867 297 2890 21.
317 2858 418 2888 Rom.
437 2857 525 2895 XIII,
548 2867 597 2887 ιο.
674 2855 726 2887 26.
747 2857 850 2888 Rom.
869 2856 957 2894 XIII,
975 2866 1012 2899 9:
1040 2857 1083 2888 In
1104 2857 1168 2888 hoc
1186 2856 1289 2889 verbo
1310 2855 1558 2886 instaur-atur.-

243 2903 379 2945 Dilt'ges
400 2903 613 2945 proximum
642 2907 739 2936 tuum
769 2903 863 2937 sicut
887 2907 921 2935 te
946 2903 1071 2944 ipsum,

1763 266 1836 300 107

1581 611 1835 637 Puncclloxclo

1580 654 1636 671 our
1658 644 1831 678 neighbour

1568 680 1726 741 ssssfilsffhc
1746 679 1843 705 ulude

1684 724 1740 741 au:

1582 1951 1698 1980 Fhiurs‘
1720 1951 1849 1985 bcgging

1627 1995 1663 2013 an
1686 1987 1802 2013 oneuce

1574 2021 1694 2057 against
1719 2021 1847 2056 charMJx
