1944 3323
133 231 269 262 seiano
291 219 343 278 c]
630 230 805 263 TERTiA
833 230 959 261 PARs.

133 341 377 379 excusabiles
429 341 476 376 de
529 351 651 387 opere
702 338 810 386 quod
867 335 1220 372 communicamus
1274 346 1353 369 non
1405 333 1454 369 ad

135 400 260 448 magis
294 398 552 443 domesticos,
586 397 655 433 sed
695 397 744 433 ad
779 395 869 431 illos
904 394 1148 431 domesticos
1183 391 1274 429 fidei
1309 391 1454 440 quibus

133 459 249 495 nobis
283 457 587 495 communicare
621 454 818 503 congruit.

195 518 239 553 Et
273 517 312 553 in
346 516 420 552 ista
453 513 695 562 accepcione
729 525 994 561 personarum
1030 510 1149 547 nimis
1184 521 1328 556 magna
1364 520 1455 556 pars

101 582 116 613 5
134 576 301 612 ecclesie
325 583 464 623 peccat
488 571 771 617 communiter,
807 571 975 619 diligens
1006 570 1147 606 fratres
1170 581 1263 604 suos
1287 576 1324 604 et
1348 566 1456 614 ipsos

135 633 380 670 domesticos
433 640 625 677 tractans,
679 643 760 666 non
805 629 899 678 quia
946 629 1036 664 illos
1082 626 1208 664 credit
1253 638 1337 662 esse
1384 624 1454 660 Dei

137 692 263 740 magis
296 690 557 736 domesticos,
597 690 666 726 sed
706 697 873 737 propter
912 686 1172 724 affeccionem
1217 684 1357 721 mundi
1397 683 1456 720 vel

135 750 265 788 carnis
308 751 366 797 (ut
399 749 550 785 dictum
587 756 644 784 est
678 746 861 795 superius
895 747 943 782 de
976 744 1241 781 distinccione
1280 742 1455 779 filiorum

136 809 206 846 Dei
241 817 362 857 atque
397 807 580 854 diaboli).
628 808 676 842 Et
710 806 782 842 hec
816 813 873 841 est
915 803 1025 841 racio
1059 815 1184 851 quare
1217 801 1383 851 quidam
1417 812 1458 836 se

82 883 119 905 io
135 868 375 904 abstrahunt
399 878 421 902 a
448 863 826 902 communicacione
850 876 941 900 cum
966 861 1170 907 fratribus,
1205 873 1296 897 cum
1322 858 1458 895 multis

135 925 256 974 signis
290 925 346 962 eis
380 924 510 961 evidet
543 924 652 972 quod
685 936 765 959 non
799 930 890 959 sunt
924 919 1136 957 domestici
1161 918 1253 956 fidei
1276 919 1346 955 sed
1369 929 1458 966 per-

136 984 229 1020 fidie
260 982 511 1020 Antichristi.
546 984 595 1018 Et
627 981 717 1018 illos
749 979 952 1029 simplices
986 978 1052 1027 qui
1086 977 1239 1015 reccius
1272 977 1459 1013 laborant

136 1044 185 1079 ad
219 1042 445 1090 profectum
480 1039 647 1077 ecclesie
679 1040 900 1076 secundum
934 1036 1242 1074 ordinacionem
1275 1044 1312 1072 et
1345 1047 1458 1083 regu-

136 1102 216 1137 lam
249 1102 340 1137 Jesu
373 1098 536 1145 Christi,
576 1097 703 1146 magis
741 1097 926 1134 nituntur
960 1095 1190 1143 extinguere
1222 1106 1294 1142 per
1327 1092 1459 1129 media

84 1164 120 1196 15
137 1157 450 1195 sceleratissima
483 1156 609 1206 patris
642 1155 715 1192 sui.
751 1157 829 1192 Sed
863 1153 1121 1204 perturbacio
1154 1152 1295 1202 populi
1318 1160 1396 1188 stat
1420 1150 1460 1187 in

138 1217 215 1254 isto
261 1217 370 1266 quod
403 1215 478 1264 ipsi
518 1224 612 1251 sunt
645 1215 791 1264 plures,
826 1213 1012 1251 videntur
1046 1212 1198 1261 populo
1232 1209 1460 1248 sancciores

138 1285 176 1312 et
220 1276 369 1312 habent
409 1276 456 1311 de
495 1273 660 1323 prelatis
701 1282 738 1310 et
779 1271 954 1309 dominis
993 1272 1128 1320 plures
1168 1277 1461 1307 consentaneos

140 1343 176 1371 et
209 1334 399 1371 foventes.
435 1333 653 1379 Quomodo
687 1344 781 1380 ergo
814 1344 896 1367 non
930 1331 1047 1366 debet
1080 1329 1254 1378 populus
1277 1327 1355 1364 illis
1380 1339 1462 1363 cre-

141 1394 234 1429 dere
268 1401 305 1428 et
338 1391 658 1429 contradictores
693 1389 923 1427 destruere?
968 1391 1010 1425 In
1050 1388 1126 1425 ista
1166 1385 1336 1424 materia
1369 1397 1462 1433 sepe

84 1467 125 1488 20
141 1451 218 1487 dixi
244 1452 352 1500 quod
384 1462 545 1487 necesse
578 1458 637 1486 est
671 1457 797 1485 totam
833 1447 1043 1484 ecclesiam
1079 1445 1339 1482 fundabiliter
1372 1457 1463 1492 cog-

141 1522 309 1546 noscere
350 1509 469 1545 fidem
512 1507 797 1556 evangelicam.
845 1507 1032 1543 Secundo
1072 1516 1234 1541 necesse
1275 1512 1333 1540 est
1372 1515 1463 1550 cog-

142 1580 309 1604 noscere
342 1567 505 1604 illorum
541 1567 708 1603 fratrum
746 1574 782 1602 et
815 1578 981 1601 suorum
1017 1563 1263 1612 complicum
1299 1573 1463 1598 conver-

143 1626 351 1663 sacionem
399 1635 435 1662 et
481 1626 676 1673 regulam,
730 1633 767 1660 et
815 1636 857 1660 ex
904 1623 989 1659 istis
1034 1621 1160 1659 tercio
1207 1633 1288 1658 non
1332 1620 1461 1656 solum

143 1684 476 1721 testificacionem
512 1684 729 1720 humanam
767 1683 874 1729 (cum
911 1694 1004 1730 sepe
1037 1680 1087 1717 sit
1127 1681 1258 1724 fallax)
1298 1679 1366 1715 sed
1407 1690 1464 1713 se-

87 1748 125 1779 25
145 1745 319 1780 cundum
358 1743 475 1779 iidem
512 1751 548 1778 et
582 1754 706 1790 opera
740 1743 788 1777 de
821 1740 968 1777 talibus
1003 1739 1202 1781 iudicare;
1244 1737 1334 1773 ideo
1368 1735 1464 1772 dicit

146 1801 329 1838 Christus
361 1802 448 1837 Joh.
474 1802 542 1847 X‘³‚
572 1801 641 1837 38:
677 1800 720 1835 Si
751 1799 845 1835 mihi
877 1811 948 1834 mm
984 1798 1098 1834 vullis
1131 1797 1304 1839 credere,
1338 1794 1463 1844 ‹iperi-

143 1862 213 1897 bus
245 1860 402 1896 credite.
450 1862 531 1896 Nec
571 1858 738 1894 dubium
774 1857 869 1906 quin
904 1869 1029 1905 opera
1063 1865 1099 1892 et
1133 1854 1466 1899 conversaciones

145 1932 282 1955 eorum
318 1927 354 1954 et
389 1918 515 1954 multo
551 1917 676 1965 magis
710 1918 830 1953 verba
864 1920 971 1952 icum
1006 1914 1207 1951 seminant
1240 1925 1332 1961 sepe
1357 1924 1466 1948 men-

145 1977 276 2023 dacia)
330 1990 411 2013 non
456 1985 548 2012 sunt
591 1974 850 2012 laudabiliter
896 1972 1119 2011 fundabilia
1165 1972 1204 2008 in
1250 1971 1464 2019 scriptura.

88 2040 129 2071 30
145 2038 316 2084 Oportet
339 2044 473 2072 tamen
499 2035 537 2070 in
561 2033 812 2083 temporibus
836 2032 920 2069 istis
944 2031 1180 2081 periculosis
1199 2044 1279 2066 non
1301 2029 1467 2066 omnino

145 2096 424 2130 obmutescere
463 2094 531 2129 sed
572 2093 690 2129 fidem
726 2091 873 2128 Christi
916 2104 1006 2127 cum
1042 2088 1242 2126 modestia
1275 2100 1466 2125 reserare.

672 2229 866 2269 SERMO
900 2229 946 2269 L.

214 2328 382 2363 Obsecro
416 2340 482 2363 vos
515 2339 559 2362 ne
598 2326 784 2376 deficiatis
823 2325 858 2360 in
897 2324 1215 2360 trilmlacionihus
1256 2323 1360 2358 meis.
1407 2322 1468 2357 Ad

150 2387 250 2434 Eph.
287 2388 371 2431 1110,
404 2386 463 2421 13.

93 2448 130 2480 35
209 2444 367 2480 Dictum
411 2452 469 2480 est
508 2443 547 2479 in
586 2442 771 2492 proxima
805 2442 975 2490 epistola
1010 2454 1053 2477 ex
1086 2439 1329 2477 auctoritate
1362 2440 1469 2487 Apo-

150 2503 239 2539 stoli
274 2503 480 2551 quomodo
514 2501 651 2538 omnia
687 2501 867 2537 membra
902 2499 1049 2535 Christi
1085 2500 1229 2536 debent
1263 2497 1469 2545 reciproce

221 2638 244 2666 5.
267 2638 361 2665 Cod.:
384 2646 397 2664 c
419 2638 516 2671 ipsos.
625 2636 667 2663 32.
690 2637 721 2663 lii
745 2644 842 2669 marg.
866 2643 932 2668 sup.
956 2636 1006 2662 iol.
1029 2635 1113 2662 ass-¹:
1137 2633 1271 2661 Obsecro
1292 2642 1344 2661 vos
1363 2642 1401 2660 nc
1420 2632 1470 2660 de-

147 2672 260 2706 ficiatis
286 2674 315 2699 in
342 2672 604 2699 tribulaciwibus.
632 2672 680 2698 Ad
703 2671 779 2706 Eph.
804 2672 867 2698 1110.
896 2670 1076 2698 'I'ribiilacio
1104 2671 1180 2696 valet
1208 2669 1243 2695 ad
1274 2669 1468 2703 probandum

152 2709 309 2743 pre-liunus
331 2708 500 2737 iniseriam,
522 2708 557 2733 ad
581 2706 780 2733 indicandum
804 2705 979 2732 tribulantis
1001 2705 1167 2733 maliciam,
1195 2705 1231 2730 ad
1254 2703 1468 2738 exequendum

150 2744 287 2770 dixinam
310 2743 461 2769 iusticiam
484 2747 511 2768 et
532 2742 569 2768 ad
591 2742 825 2776 expurgandum
849 2742 1014 2768 humanam
1037 2739 1271 2766 inmundiciam.

222 2827 274 2858 32.
317 2825 499 2857 Dominica
538 2826 673 2856 decima
711 2831 805 2856 sexta
845 2832 924 2866 post
962 2824 1181 2856 Trinitatem.
1225 2822 1273 2855 Cf.
1310 2820 1471 2864 Wyclif's

153 2876 334 2913 sermons,
361 2874 413 2904 ed.
443 2873 487 2914 by
516 2873 661 2911 Arnold,
691 2872 727 2910 ΙΙ,
756 2882 833 2913 pag.
865 2870 1060 2912 354—356.

1517 522 1586 549 Too
1608 522 1699 548 much

1527 562 1642 592 respect
1666 557 1701 583 oi>

1550 600 1680 627 personis

1482 628 1614 662 prevails
1636 634 1749 661 among

1588 670 1632 687 us.
