<?xml version="1.0" encoding="UTF-8"?>
<!DOCTYPE html PUBLIC "-//W3C//DTD XHTML 1.0 Transitional//EN"
    "http://www.w3.org/TR/xhtml1/DTD/xhtml1-transitional.dtd">
<html xmlns="http://www.w3.org/1999/xhtml" xml:lang="en" lang="en">
 <head>
  <title>
</title>
<meta http-equiv="Content-Type" content="text/html;charset=utf-8" />
  <meta name='ocr-system' content='tesseract 3.04.00' />
  <meta name='ocr-capabilities' content='ocr_page ocr_carea ocr_par ocr_line ocrx_word'/>
</head>
<body>
  <div class='ocr_page' id='page_1' title='image "./iohanniswyclifse0703wycl_0150.png"; bbox 0 0 1944 3323; ppageno 0'>
   <div class='ocr_carea' id='block_1_1' title="bbox 107 256 178 290">
    <p class='ocr_par' dir='ltr' id='par_1_1' title="bbox 107 256 178 290">
     <span class='ocr_line' id='line_1_1' title="bbox 107 256 178 290; baseline -0.014 0"><span class='ocrx_word' id='word_1_1' title='bbox 107 256 178 290; x_wconf 71' lang='lat'>128</span> 
     </span>
    </p>
   </div>
   <div class='ocr_carea' id='block_1_2' title="bbox 104 376 366 585">
    <p class='ocr_par' dir='ltr' id='par_1_2' title="bbox 104 376 366 585">
     <span class='ocr_line' id='line_1_2' title="bbox 109 376 356 412; baseline 0.004 -9"><span class='ocrx_word' id='word_1_2' title='bbox 109 376 194 412; x_wconf 67' lang='lat' dir='ltr'>They</span> <span class='ocrx_word' id='word_1_3' title='bbox 216 377 253 404; x_wconf 80' lang='lat' dir='ltr'>lie</span> <span class='ocrx_word' id='word_1_4' title='bbox 274 386 306 404; x_wconf 79' lang='lat' dir='ltr'>as</span> <span class='ocrx_word' id='word_1_5' title='bbox 327 382 356 404; x_wconf 81' lang='lat' dir='ltr'>to</span> 
     </span>
     <span class='ocr_line' id='line_1_3' title="bbox 116 411 353 447; baseline 0.004 -10"><span class='ocrx_word' id='word_1_6' title='bbox 116 411 193 438; x_wconf 74' lang='lat' dir='ltr'>their</span> <span class='ocrx_word' id='word_1_7' title='bbox 215 416 353 447; x_wconf 59' lang='lat' dir='ltr'>porei-ty,</span> 
     </span>
     <span class='ocr_line' id='line_1_4' title="bbox 104 446 366 474; baseline 0.008 -2"><span class='ocrx_word' id='word_1_8' title='bbox 104 446 162 472; x_wconf 76' lang='lat' dir='ltr'>and</span> <span class='ocrx_word' id='word_1_9' title='bbox 185 454 217 473; x_wconf 85' lang='lat' dir='ltr'>as</span> <span class='ocrx_word' id='word_1_10' title='bbox 238 450 267 473; x_wconf 88' lang='lat' dir='ltr'>to</span> <span class='ocrx_word' id='word_1_11' title='bbox 288 446 366 474; x_wconf 38' lang='lat' dir='ltr'>the-is</span> 
     </span>
     <span class='ocr_line' id='line_1_5' title="bbox 162 481 300 515; baseline 0.007 -8"><span class='ocrx_word' id='word_1_12' title='bbox 162 481 300 515; x_wconf 80' lang='lat' dir='ltr'>spiritual</span> 
     </span>
     <span class='ocr_line' id='line_1_6' title="bbox 110 516 355 551; baseline 0.004 -9"><span class='ocrx_word' id='word_1_13' title='bbox 110 521 287 551; x_wconf 70' lang='lat' dir='ltr'>repayment</span> <span class='ocrx_word' id='word_1_14' title='bbox 308 516 355 543; x_wconf 75' lang='lat' dir='ltr'>for</span> 
     </span>
     <span class='ocr_line' id='line_1_7' title="bbox 193 550 274 585; baseline 0 -8"><span class='ocrx_word' id='word_1_15' title='bbox 193 550 274 585; x_wconf 64' lang='lat' dir='ltr'>git&#39;ts.</span> 
     </span>
    </p>
   </div>
   <div class='ocr_carea' id='block_1_3' title="bbox 106 841 357 973">
    <p class='ocr_par' dir='ltr' id='par_1_3' title="bbox 106 841 357 973">
     <span class='ocr_line' id='line_1_8' title="bbox 106 841 357 869; baseline 0.008 -2"><span class='ocrx_word' id='word_1_16' title='bbox 106 841 183 868; x_wconf 84' lang='lat' dir='ltr'>Also</span> <span class='ocrx_word' id='word_1_17' title='bbox 205 849 237 868; x_wconf 84' lang='lat' dir='ltr'>as</span> <span class='ocrx_word' id='word_1_18' title='bbox 257 846 287 868; x_wconf 84' lang='lat' dir='ltr'>to</span> <span class='ocrx_word' id='word_1_19' title='bbox 308 843 357 869; x_wconf 82' lang='lat' dir='ltr'>the</span> 
     </span>
     <span class='ocr_line' id='line_1_9' title="bbox 130 876 336 903; baseline 0.005 -1"><span class='ocrx_word' id='word_1_20' title='bbox 130 876 279 903; x_wconf 76' lang='lat' dir='ltr'>salvation</span> <span class='ocrx_word' id='word_1_21' title='bbox 302 877 336 903; x_wconf 80' lang='lat' dir='ltr'>of</span> 
     </span>
     <span class='ocr_line' id='line_1_10' title="bbox 112 910 352 938; baseline 0.004 -1"><span class='ocrx_word' id='word_1_22' title='bbox 112 910 200 937; x_wconf 75' lang='lat' dir='ltr'>those</span> <span class='ocrx_word' id='word_1_23' title='bbox 220 913 284 938; x_wconf 82' lang='lat' dir='ltr'>that</span> <span class='ocrx_word' id='word_1_24' title='bbox 305 911 352 938; x_wconf 84' lang='lat' dir='ltr'>dic</span> 
     </span>
     <span class='ocr_line' id='line_1_11' title="bbox 112 945 354 973; baseline 0.008 -2"><span class='ocrx_word' id='word_1_25' title='bbox 112 945 141 971; x_wconf 81' lang='lat' dir='ltr'>in</span> <span class='ocrx_word' id='word_1_26' title='bbox 163 946 242 972; x_wconf 82' lang='lat' dir='ltr'>their</span> <span class='ocrx_word' id='word_1_27' title='bbox 262 946 354 973; x_wconf 82' lang='lat' dir='ltr'>habit.</span> 
     </span>
    </p>
   </div>
   <div class='ocr_carea' id='block_1_4' title="bbox 90 2348 364 2522">
    <p class='ocr_par' dir='ltr' id='par_1_4' title="bbox 90 2348 363 2384">
     <span class='ocr_line' id='line_1_12' title="bbox 90 2348 363 2384; baseline -0.004 -8"><span class='ocrx_word' id='word_1_28' title='bbox 90 2349 178 2384; x_wconf 70' lang='lat' dir='ltr'>They</span> <span class='ocrx_word' id='word_1_29' title='bbox 197 2348 281 2384; x_wconf 74' lang='lat' dir='ltr'>reply</span> <span class='ocrx_word' id='word_1_30' title='bbox 302 2348 363 2375; x_wconf 75' lang='lat' dir='ltr'>that</span> 
     </span>
    </p>

    <p class='ocr_par' dir='ltr' id='par_1_5' title="bbox 107 2388 346 2418">
     <span class='ocr_line' id='line_1_13' title="bbox 107 2388 346 2418; baseline -0.004 -8"><span class='ocrx_word' id='word_1_31' title='bbox 107 2392 164 2410; x_wconf 86' lang='lat' dir='ltr'>our</span> <span class='ocrx_word' id='word_1_32' title='bbox 184 2388 346 2418; x_wconf 76' lang='lat' dir='ltr'>argument</span> 
     </span>
    </p>

    <p class='ocr_par' dir='ltr' id='par_1_6' title="bbox 91 2418 364 2522">
     <span class='ocr_line' id='line_1_14' title="bbox 91 2418 364 2445; baseline 0.004 -2"><span class='ocrx_word' id='word_1_33' title='bbox 91 2419 192 2445; x_wconf 78' lang='lat' dir='ltr'>would</span> <span class='ocrx_word' id='word_1_34' title='bbox 212 2418 364 2445; x_wconf 75' lang='lat' dir='ltr'>condemn</span> 
     </span>
     <span class='ocr_line' id='line_1_15' title="bbox 154 2452 302 2480; baseline -0.007 0"><span class='ocrx_word' id='word_1_35' title='bbox 154 2452 302 2480; x_wconf 73' lang='lat' dir='ltr'>innuitive</span> 
     </span>
     <span class='ocr_line' id='line_1_16' title="bbox 160 2488 299 2522; baseline 0 -8"><span class='ocrx_word' id='word_1_36' title='bbox 160 2488 299 2522; x_wconf 74' lang='lat' dir='ltr'>begging,</span> 
     </span>
    </p>
   </div>
   <div class='ocr_carea' id='block_1_5' title="bbox 680 256 1702 314">
    <p class='ocr_par' dir='ltr' id='par_1_7' title="bbox 680 256 1702 314">
     <span class='ocr_line' id='line_1_17' title="bbox 680 256 1702 314; baseline 0.005 -18"><span class='ocrx_word' id='word_1_37' title='bbox 680 266 901 298; x_wconf 75' lang='lat' dir='ltr'>JOHANle</span> <span class='ocrx_word' id='word_1_38' title='bbox 925 267 1104 299; x_wconf 64' lang='lat' dir='ltr'>wmff</span> <span class='ocrx_word' id='word_1_39' title='bbox 1127 269 1385 302; x_wconf 73' lang='lat' dir='ltr'>sERMONUM</span> <span class='ocrx_word' id='word_1_40' title='bbox 1446 256 1596 314; x_wconf 80' lang='lat' dir='ltr'>[SERMO</span> <span class='ocrx_word' id='word_1_41' title='bbox 1619 266 1702 296; x_wconf 78' lang='lat' dir='ltr'>XVI-</span> 
     </span>
    </p>
   </div>
   <div class='ocr_carea' id='block_1_6' title="bbox 379 372 1757 2624">
    <p class='ocr_par' dir='ltr' id='par_1_8' title="bbox 385 372 1733 827">
     <span class='ocr_line' id='line_1_18' title="bbox 446 372 1702 420; baseline 0.006 -14"><span class='ocrx_word' id='word_1_42' title='bbox 446 372 630 408; x_wconf 88' lang='lat' dir='ltr'>Secundo</span> <span class='ocrx_word' id='word_1_43' title='bbox 655 373 787 420; x_wconf 87' lang='lat' dir='ltr'>quoad</span> <span class='ocrx_word' id='word_1_44' title='bbox 818 386 1072 420; x_wconf 81' lang='lat' dir='ltr'>progressum</span> <span class='ocrx_word' id='word_1_45' title='bbox 1104 387 1185 410; x_wconf 86' lang='lat' dir='ltr'>non</span> <span class='ocrx_word' id='word_1_46' title='bbox 1209 384 1266 410; x_wconf 86' lang='lat' dir='ltr'>est</span> <span class='ocrx_word' id='word_1_47' title='bbox 1288 375 1403 411; x_wconf 89' lang='lat' dir='ltr'>nobis</span> <span class='ocrx_word' id='word_1_48' title='bbox 1426 377 1541 413; x_wconf 83' lang='lat' dir='ltr'>facile</span> <span class='ocrx_word' id='word_1_49' title='bbox 1563 389 1702 413; x_wconf 86' lang='lat' dir='ltr'>nume-</span> 
     </span>
     <span class='ocr_line' id='line_1_19' title="bbox 388 430 1700 479; baseline 0.005 -15"><span class='ocrx_word' id='word_1_50' title='bbox 388 441 475 465; x_wconf 88' lang='lat' dir='ltr'>rare</span> <span class='ocrx_word' id='word_1_51' title='bbox 499 442 568 466; x_wconf 86' lang='lat' dir='ltr'>sua</span> <span class='ocrx_word' id='word_1_52' title='bbox 594 430 815 475; x_wconf 82' lang='lat' dir='ltr'>mendacia,</span> <span class='ocrx_word' id='word_1_53' title='bbox 850 438 892 465; x_wconf 84' lang='lat' dir='ltr'>ut</span> <span class='ocrx_word' id='word_1_54' title='bbox 925 440 1033 478; x_wconf 86' lang='lat' dir='ltr'>patet</span> <span class='ocrx_word' id='word_1_55' title='bbox 1068 433 1115 468; x_wconf 90' lang='lat' dir='ltr'>de</span> <span class='ocrx_word' id='word_1_56' title='bbox 1141 432 1442 470; x_wconf 89' lang='lat' dir='ltr'>mendicacione</span> <span class='ocrx_word' id='word_1_57' title='bbox 1466 446 1550 479; x_wconf 80' lang='lat' dir='ltr'>sua,</span> <span class='ocrx_word' id='word_1_58' title='bbox 1585 447 1700 470; x_wconf 87' lang='lat' dir='ltr'>suurn</span> 
     </span>
     <span class='ocr_line' id='line_1_20' title="bbox 387 486 1700 539; baseline 0.005 -17"><span class='ocrx_word' id='word_1_59' title='bbox 387 486 569 523; x_wconf 81' lang='lat' dir='ltr'>ordinem</span> <span class='ocrx_word' id='word_1_60' title='bbox 614 488 727 524; x_wconf 88' lang='lat' dir='ltr'>valde</span> <span class='ocrx_word' id='word_1_61' title='bbox 777 488 1019 535; x_wconf 75' lang='lat' dir='ltr'>pauperibus</span> <span class='ocrx_word' id='word_1_62' title='bbox 1066 503 1165 538; x_wconf 88' lang='lat' dir='ltr'>quos</span> <span class='ocrx_word' id='word_1_63' title='bbox 1215 490 1390 538; x_wconf 87' lang='lat' dir='ltr'>spoliant</span> <span class='ocrx_word' id='word_1_64' title='bbox 1433 492 1522 539; x_wconf 88' lang='lat' dir='ltr'>plus</span> <span class='ocrx_word' id='word_1_65' title='bbox 1568 504 1700 539; x_wconf 80' lang='lat' dir='ltr'>egere3</span> 
     </span>
     <span class='ocr_line' id='line_1_21' title="bbox 388 545 1701 597; baseline 0.005 -17"><span class='ocrx_word' id='word_1_66' title='bbox 388 553 581 592; x_wconf 87' lang='lat' dir='ltr'>quantum</span> <span class='ocrx_word' id='word_1_67' title='bbox 624 547 673 581; x_wconf 88' lang='lat' dir='ltr'>ad</span> <span class='ocrx_word' id='word_1_68' title='bbox 712 545 920 593; x_wconf 80' lang='lat' dir='ltr'>spirituale</span> <span class='ocrx_word' id='word_1_69' title='bbox 962 546 1193 595; x_wconf 78' lang='lat' dir='ltr'>suffragium</span> <span class='ocrx_word' id='word_1_70' title='bbox 1230 547 1429 584; x_wconf 84' lang='lat' dir='ltr'>infinitum</span> <span class='ocrx_word' id='word_1_71' title='bbox 1464 550 1552 597; x_wconf 87' lang='lat' dir='ltr'>plus</span> <span class='ocrx_word' id='word_1_72' title='bbox 1585 550 1701 586; x_wconf 87' lang='lat' dir='ltr'>bene-</span> 
     </span>
     <span class='ocr_line' id='line_1_22' title="bbox 388 602 1733 655; baseline 0.005 -18"><span class='ocrx_word' id='word_1_73' title='bbox 388 602 486 638; x_wconf 85' lang='lat' dir='ltr'>ficiis</span> <span class='ocrx_word' id='word_1_74' title='bbox 526 602 753 639; x_wconf 90' lang='lat' dir='ltr'>retribuunt</span> <span class='ocrx_word' id='word_1_75' title='bbox 792 616 912 651; x_wconf 89' lang='lat' dir='ltr'>quam</span> <span class='ocrx_word' id='word_1_76' title='bbox 951 604 1055 641; x_wconf 91' lang='lat' dir='ltr'>valet</span> <span class='ocrx_word' id='word_1_77' title='bbox 1095 605 1313 642; x_wconf 82' lang='lat' dir='ltr'>elemosina</span> <span class='ocrx_word' id='word_1_78' title='bbox 1351 607 1599 655; x_wconf 88' lang='lat' dir='ltr'>temporalis.</span> <span class='ocrx_word' id='word_1_79' title='bbox 1653 609 1733 643; x_wconf 82' lang='lat' dir='ltr'>Et5</span> 
     </span>
     <span class='ocr_line' id='line_1_23' title="bbox 387 660 1700 710; baseline 0.005 -15"><span class='ocrx_word' id='word_1_80' title='bbox 387 662 520 708; x_wconf 85' lang='lat' dir='ltr'>quoad</span> <span class='ocrx_word' id='word_1_81' title='bbox 554 660 869 708; x_wconf 83' lang='lat' dir='ltr'>absolucionem,</span> <span class='ocrx_word' id='word_1_82' title='bbox 910 663 1156 710; x_wconf 81' lang='lat' dir='ltr'>sepulturam</span> <span class='ocrx_word' id='word_1_83' title='bbox 1197 672 1234 700; x_wconf 90' lang='lat' dir='ltr'>et</span> <span class='ocrx_word' id='word_1_84' title='bbox 1274 663 1352 701; x_wconf 89' lang='lat' dir='ltr'>alia</span> <span class='ocrx_word' id='word_1_85' title='bbox 1390 665 1700 702; x_wconf 77' lang='lat' dir='ltr'>sacramentalia</span> 
     </span>
     <span class='ocr_line' id='line_1_24' title="bbox 386 718 1699 771; baseline 0.005 -18"><span class='ocrx_word' id='word_1_86' title='bbox 386 718 528 766; x_wconf 90' lang='lat' dir='ltr'>quibus</span> <span class='ocrx_word' id='word_1_87' title='bbox 566 718 741 755; x_wconf 90' lang='lat' dir='ltr'>illudunt</span> <span class='ocrx_word' id='word_1_88' title='bbox 773 718 1023 768; x_wconf 82' lang='lat' dir='ltr'>simplicibus</span> <span class='ocrx_word' id='word_1_89' title='bbox 1056 722 1186 757; x_wconf 89' lang='lat' dir='ltr'>solum</span> <span class='ocrx_word' id='word_1_90' title='bbox 1220 724 1326 758; x_wconf 86' lang='lat' dir='ltr'>Deus</span> <span class='ocrx_word' id='word_1_91' title='bbox 1360 731 1479 771; x_wconf 87' lang='lat' dir='ltr'>atque</span> <span class='ocrx_word' id='word_1_92' title='bbox 1513 722 1699 760; x_wconf 87' lang='lat' dir='ltr'>diabolus</span> 
     </span>
     <span class='ocr_line' id='line_1_25' title="bbox 385 777 1454 827; baseline 0.005 -15"><span class='ocrx_word' id='word_1_93' title='bbox 385 788 549 812; x_wconf 89' lang='lat' dir='ltr'>suorum</span> <span class='ocrx_word' id='word_1_94' title='bbox 585 777 889 814; x_wconf 83' lang='lat' dir='ltr'>mendaciorum</span> <span class='ocrx_word' id='word_1_95' title='bbox 922 790 1135 815; x_wconf 89' lang='lat' dir='ltr'>numerum</span> <span class='ocrx_word' id='word_1_96' title='bbox 1170 789 1454 827; x_wconf 82' lang='lat' dir='ltr'>cognoverunt.</span> 
     </span>
    </p>

    <p class='ocr_par' dir='ltr' id='par_1_9' title="bbox 379 835 1757 2321">
     <span class='ocr_line' id='line_1_26' title="bbox 442 835 1699 887; baseline 0.004 -17"><span class='ocrx_word' id='word_1_97' title='bbox 442 835 489 870; x_wconf 84' lang='lat' dir='ltr'>Et</span> <span class='ocrx_word' id='word_1_98' title='bbox 522 836 656 883; x_wconf 91' lang='lat' dir='ltr'>quoad</span> <span class='ocrx_word' id='word_1_99' title='bbox 688 835 857 871; x_wconf 88' lang='lat' dir='ltr'>tercium</span> <span class='ocrx_word' id='word_1_100' title='bbox 891 848 1014 884; x_wconf 82' lang='lat' dir='ltr'>genus</span> <span class='ocrx_word' id='word_1_101' title='bbox 1049 837 1247 874; x_wconf 88' lang='lat' dir='ltr'>mendacii</span> <span class='ocrx_word' id='word_1_102' title='bbox 1280 837 1320 873; x_wconf 88' lang='lat' dir='ltr'>in</span> <span class='ocrx_word' id='word_1_103' title='bbox 1353 851 1511 886; x_wconf 80' lang='lat' dir='ltr'>egressu</span> <span class='ocrx_word' id='word_1_104' title='bbox 1544 838 1699 887; x_wconf 84' lang='lat' dir='ltr'>fingunt</span> 
     </span>
     <span class='ocr_line' id='line_1_27' title="bbox 385 892 1757 944; baseline 0.004 -17"><span class='ocrx_word' id='word_1_105' title='bbox 385 892 618 940; x_wconf 83' lang='lat' dir='ltr'>blaspheme</span> <span class='ocrx_word' id='word_1_106' title='bbox 663 895 769 941; x_wconf 89' lang='lat' dir='ltr'>quod</span> <span class='ocrx_word' id='word_1_107' title='bbox 814 902 1008 941; x_wconf 88' lang='lat' dir='ltr'>patronus</span> <span class='ocrx_word' id='word_1_108' title='bbox 1052 908 1145 931; x_wconf 88' lang='lat' dir='ltr'>suus</span> <span class='ocrx_word' id='word_1_109' title='bbox 1189 895 1418 944; x_wconf 89' lang='lat' dir='ltr'>impetravit</span> <span class='ocrx_word' id='word_1_110' title='bbox 1462 909 1483 933; x_wconf 91' lang='lat' dir='ltr'>a</span> <span class='ocrx_word' id='word_1_111' title='bbox 1523 897 1757 933; x_wconf 76' lang='lat' dir='ltr'>Dominom</span> 
     </span>
     <span class='ocr_line' id='line_1_28' title="bbox 385 950 1698 991; baseline 0.005 -6"><span class='ocrx_word' id='word_1_112' title='bbox 385 950 538 986; x_wconf 88' lang='lat' dir='ltr'>nullum</span> <span class='ocrx_word' id='word_1_113' title='bbox 578 951 626 986; x_wconf 88' lang='lat' dir='ltr'>de</span> <span class='ocrx_word' id='word_1_114' title='bbox 665 959 772 987; x_wconf 89' lang='lat' dir='ltr'>secta</span> <span class='ocrx_word' id='word_1_115' title='bbox 804 951 872 988; x_wconf 90' lang='lat' dir='ltr'>illa</span> <span class='ocrx_word' id='word_1_116' title='bbox 904 953 965 989; x_wconf 85' lang='lat' dir='ltr'>vel</span> <span class='ocrx_word' id='word_1_117' title='bbox 997 953 1236 990; x_wconf 86' lang='lat' dir='ltr'>morientem</span> <span class='ocrx_word' id='word_1_118' title='bbox 1270 953 1311 989; x_wconf 90' lang='lat' dir='ltr'>in</span> <span class='ocrx_word' id='word_1_119' title='bbox 1342 953 1411 990; x_wconf 87' lang='lat' dir='ltr'>illo</span> <span class='ocrx_word' id='word_1_120' title='bbox 1444 954 1583 991; x_wconf 86' lang='lat' dir='ltr'>habitu</span> <span class='ocrx_word' id='word_1_121' title='bbox 1615 967 1698 991; x_wconf 85' lang='lat' dir='ltr'>esse</span> 
     </span>
     <span class='ocr_line' id='line_1_29' title="bbox 386 1009 1699 1061; baseline 0.005 -18"><span class='ocrx_word' id='word_1_122' title='bbox 386 1009 436 1043; x_wconf 87' lang='lat' dir='ltr'>ad</span> <span class='ocrx_word' id='word_1_123' title='bbox 475 1020 619 1056; x_wconf 89' lang='lat' dir='ltr'>penam</span> <span class='ocrx_word' id='word_1_124' title='bbox 660 1018 895 1057; x_wconf 88' lang='lat' dir='ltr'>perpetuam</span> <span class='ocrx_word' id='word_1_125' title='bbox 936 1012 1330 1059; x_wconf 87' lang='lat' dir='ltr'>condempnandum,</span> <span class='ocrx_word' id='word_1_126' title='bbox 1369 1014 1438 1049; x_wconf 87' lang='lat' dir='ltr'>sed</span> <span class='ocrx_word' id='word_1_127' title='bbox 1471 1011 1699 1061; x_wconf 86' lang='lat' dir='ltr'>quicunque</span> 
     </span>
     <span class='ocr_line' id='line_1_30' title="bbox 386 1065 1699 1117; baseline 0.005 -16"><span class='ocrx_word' id='word_1_128' title='bbox 386 1065 504 1102; x_wconf 86' lang='lat' dir='ltr'>fuerit</span> <span class='ocrx_word' id='word_1_129' title='bbox 542 1066 582 1102; x_wconf 91' lang='lat' dir='ltr'>in</span> <span class='ocrx_word' id='word_1_130' title='bbox 619 1067 825 1104; x_wconf 83' lang='lat' dir='ltr'>fructuoso</span> <span class='ocrx_word' id='word_1_131' title='bbox 863 1068 1072 1116; x_wconf 86' lang='lat' dir='ltr'>proposito</span> <span class='ocrx_word' id='word_1_132' title='bbox 1118 1069 1220 1106; x_wconf 87' lang='lat' dir='ltr'>mori</span> <span class='ocrx_word' id='word_1_133' title='bbox 1264 1069 1304 1106; x_wconf 87' lang='lat' dir='ltr'>in</span> <span class='ocrx_word' id='word_1_134' title='bbox 1343 1069 1412 1106; x_wconf 88' lang='lat' dir='ltr'>tali</span> <span class='ocrx_word' id='word_1_135' title='bbox 1450 1070 1602 1117; x_wconf 75' lang='lat' dir='ltr'>habitu,</span> <span class='ocrx_word' id='word_1_136' title='bbox 1643 1080 1699 1107; x_wconf 88' lang='lat' dir='ltr'>est</span> 
     </span>
     <span class='ocr_line' id='line_1_31' title="bbox 387 1125 1698 1176; baseline 0.005 -17"><span class='ocrx_word' id='word_1_137' title='bbox 387 1132 593 1173; x_wconf 85' lang='lat' dir='ltr'>tamquam</span> <span class='ocrx_word' id='word_1_138' title='bbox 609 1125 903 1173; x_wconf 82' lang='lat' dir='ltr'>predestinatus</span> <span class='ocrx_word' id='word_1_139' title='bbox 919 1126 958 1162; x_wconf 89' lang='lat' dir='ltr'>in</span> <span class='ocrx_word' id='word_1_140' title='bbox 974 1136 1253 1164; x_wconf 85' lang='lat' dir='ltr'>consummata</span> <span class='ocrx_word' id='word_1_141' title='bbox 1275 1128 1409 1176; x_wconf 80' lang='lat' dir='ltr'>gracia</span> <span class='ocrx_word' id='word_1_142' title='bbox 1424 1128 1698 1165; x_wconf 85' lang='lat' dir='ltr'>confirmatus.</span> 
     </span>
     <span class='ocr_line' id='line_1_32' title="bbox 388 1183 1755 1232; baseline 0.004 -14"><span class='ocrx_word' id='word_1_143' title='bbox 388 1183 436 1217; x_wconf 79' lang='lat' dir='ltr'>Et</span> <span class='ocrx_word' id='word_1_144' title='bbox 465 1195 601 1219; x_wconf 90' lang='lat' dir='ltr'>revera</span> <span class='ocrx_word' id='word_1_145' title='bbox 630 1183 799 1231; x_wconf 84' lang='lat' dir='ltr'>Begardi</span> <span class='ocrx_word' id='word_1_146' title='bbox 833 1193 869 1220; x_wconf 88' lang='lat' dir='ltr'>et</span> <span class='ocrx_word' id='word_1_147' title='bbox 893 1184 1066 1232; x_wconf 80' lang='lat' dir='ltr'>Beguine</span> <span class='ocrx_word' id='word_1_148' title='bbox 1098 1198 1179 1222; x_wconf 90' lang='lat' dir='ltr'>non</span> <span class='ocrx_word' id='word_1_149' title='bbox 1211 1185 1251 1222; x_wconf 87' lang='lat' dir='ltr'>in</span> <span class='ocrx_word' id='word_1_150' title='bbox 1282 1194 1394 1223; x_wconf 87' lang='lat' dir='ltr'>tanta</span> <span class='ocrx_word' id='word_1_151' title='bbox 1426 1186 1554 1223; x_wconf 83' lang='lat' dir='ltr'>heresi</span> <span class='ocrx_word' id='word_1_152' title='bbox 1587 1195 1699 1223; x_wconf 88' lang='lat' dir='ltr'>erant</span> <span class='ocrx_word' id='word_1_153' title='bbox 1719 1191 1755 1223; x_wconf 84' lang='lat'>15</span> 
     </span>
     <span class='ocr_line' id='line_1_33' title="bbox 387 1240 1697 1293; baseline 0.004 -17"><span class='ocrx_word' id='word_1_154' title='bbox 387 1240 487 1288; x_wconf 87' lang='lat' dir='ltr'>lapsi</span> <span class='ocrx_word' id='word_1_155' title='bbox 512 1249 548 1277; x_wconf 90' lang='lat' dir='ltr'>et</span> <span class='ocrx_word' id='word_1_156' title='bbox 581 1244 639 1289; x_wconf 86' lang='lat' dir='ltr'>(ut</span> <span class='ocrx_word' id='word_1_157' title='bbox 669 1250 812 1278; x_wconf 87' lang='lat' dir='ltr'>notant</span> <span class='ocrx_word' id='word_1_158' title='bbox 843 1242 1021 1289; x_wconf 87' lang='lat' dir='ltr'>subtiles)</span> <span class='ocrx_word' id='word_1_159' title='bbox 1053 1256 1135 1279; x_wconf 87' lang='lat' dir='ltr'>non</span> <span class='ocrx_word' id='word_1_160' title='bbox 1168 1253 1224 1280; x_wconf 88' lang='lat' dir='ltr'>est</span> <span class='ocrx_word' id='word_1_161' title='bbox 1258 1244 1392 1293; x_wconf 89' lang='lat' dir='ltr'>aliqua</span> <span class='ocrx_word' id='word_1_162' title='bbox 1424 1244 1483 1280; x_wconf 89' lang='lat' dir='ltr'>sui</span> <span class='ocrx_word' id='word_1_163' title='bbox 1517 1244 1697 1293; x_wconf 87' lang='lat' dir='ltr'>corporis</span> 
     </span>
     <span class='ocr_line' id='line_1_34' title="bbox 387 1298 1697 1351; baseline 0.004 -17"><span class='ocrx_word' id='word_1_164' title='bbox 387 1298 545 1335; x_wconf 85' lang='lat' dir='ltr'>habitus</span> <span class='ocrx_word' id='word_1_165' title='bbox 582 1308 702 1336; x_wconf 89' lang='lat' dir='ltr'>nutus</span> <span class='ocrx_word' id='word_1_166' title='bbox 740 1300 800 1336; x_wconf 90' lang='lat' dir='ltr'>vel</span> <span class='ocrx_word' id='word_1_167' title='bbox 844 1300 1014 1348; x_wconf 77' lang='lat' dir='ltr'>signum,</span> <span class='ocrx_word' id='word_1_168' title='bbox 1055 1302 1163 1349; x_wconf 88' lang='lat' dir='ltr'>quod</span> <span class='ocrx_word' id='word_1_169' title='bbox 1206 1301 1281 1350; x_wconf 90' lang='lat' dir='ltr'>ipsi</span> <span class='ocrx_word' id='word_1_170' title='bbox 1325 1302 1557 1339; x_wconf 89' lang='lat' dir='ltr'>invenerant</span> <span class='ocrx_word' id='word_1_171' title='bbox 1601 1302 1697 1351; x_wconf 90' lang='lat' dir='ltr'>quin</span> 
     </span>
     <span class='ocr_line' id='line_1_35' title="bbox 386 1356 1696 1407; baseline 0.004 -15"><span class='ocrx_word' id='word_1_172' title='bbox 386 1357 521 1404; x_wconf 88' lang='lat' dir='ltr'>patule</span> <span class='ocrx_word' id='word_1_173' title='bbox 559 1356 793 1394; x_wconf 88' lang='lat' dir='ltr'>menciatur.</span> <span class='ocrx_word' id='word_1_174' title='bbox 841 1358 988 1395; x_wconf 89' lang='lat' dir='ltr'>Omnia</span> <span class='ocrx_word' id='word_1_175' title='bbox 1026 1359 1131 1395; x_wconf 87' lang='lat' dir='ltr'>enim</span> <span class='ocrx_word' id='word_1_176' title='bbox 1164 1359 1239 1396; x_wconf 90' lang='lat' dir='ltr'>ista</span> <span class='ocrx_word' id='word_1_177' title='bbox 1271 1360 1485 1397; x_wconf 87' lang='lat' dir='ltr'>adinventa</span> <span class='ocrx_word' id='word_1_178' title='bbox 1517 1369 1619 1407; x_wconf 85' lang='lat' dir='ltr'>sunt,</span> <span class='ocrx_word' id='word_1_179' title='bbox 1653 1369 1696 1396; x_wconf 89' lang='lat' dir='ltr'>ut</span> 
     </span>
     <span class='ocr_line' id='line_1_36' title="bbox 387 1413 1695 1466; baseline 0.003 -17"><span class='ocrx_word' id='word_1_180' title='bbox 387 1413 521 1450; x_wconf 88' lang='lat' dir='ltr'>dicant</span> <span class='ocrx_word' id='word_1_181' title='bbox 553 1416 705 1463; x_wconf 89' lang='lat' dir='ltr'>populo</span> <span class='ocrx_word' id='word_1_182' title='bbox 737 1415 846 1464; x_wconf 91' lang='lat' dir='ltr'>ipsos</span> <span class='ocrx_word' id='word_1_183' title='bbox 879 1415 919 1452; x_wconf 87' lang='lat' dir='ltr'>in</span> <span class='ocrx_word' id='word_1_184' title='bbox 952 1416 1143 1464; x_wconf 83' lang='lat' dir='ltr'>religione</span> <span class='ocrx_word' id='word_1_185' title='bbox 1177 1417 1324 1454; x_wconf 89' lang='lat' dir='ltr'>Christi</span> <span class='ocrx_word' id='word_1_186' title='bbox 1357 1427 1393 1454; x_wconf 88' lang='lat' dir='ltr'>et</span> <span class='ocrx_word' id='word_1_187' title='bbox 1425 1418 1465 1455; x_wconf 87' lang='lat' dir='ltr'>in</span> <span class='ocrx_word' id='word_1_188' title='bbox 1499 1418 1595 1466; x_wconf 82' lang='lat' dir='ltr'>legis</span> <span class='ocrx_word' id='word_1_189' title='bbox 1628 1431 1695 1454; x_wconf 90' lang='lat' dir='ltr'>sue</span> 
     </span>
     <span class='ocr_line' id='line_1_37' title="bbox 386 1473 1754 1524; baseline 0.003 -16"><span class='ocrx_word' id='word_1_190' title='bbox 386 1473 646 1509; x_wconf 88' lang='lat' dir='ltr'>observancia</span> <span class='ocrx_word' id='word_1_191' title='bbox 679 1475 867 1510; x_wconf 85' lang='lat' dir='ltr'>excedere</span> <span class='ocrx_word' id='word_1_192' title='bbox 901 1483 1066 1511; x_wconf 88' lang='lat' dir='ltr'>cunctos</span> <span class='ocrx_word' id='word_1_193' title='bbox 1099 1475 1199 1511; x_wconf 88' lang='lat' dir='ltr'>alios</span> <span class='ocrx_word' id='word_1_194' title='bbox 1232 1477 1443 1513; x_wconf 87' lang='lat' dir='ltr'>seculares.</span> <span class='ocrx_word' id='word_1_195' title='bbox 1489 1477 1567 1512; x_wconf 89' lang='lat' dir='ltr'>Sed</span> <span class='ocrx_word' id='word_1_196' title='bbox 1600 1476 1694 1524; x_wconf 90' lang='lat' dir='ltr'>quid</span> <span class='ocrx_word' id='word_1_197' title='bbox 1713 1491 1754 1512; x_wconf 87' lang='lat'>20</span> 
     </span>
     <span class='ocr_line' id='line_1_38' title="bbox 387 1530 1695 1582; baseline 0.004 -16"><span class='ocrx_word' id='word_1_198' title='bbox 387 1530 645 1567; x_wconf 80' lang='lat' dir='ltr'>mendacius?</span> <span class='ocrx_word' id='word_1_199' title='bbox 678 1533 771 1568; x_wconf 92' lang='lat' dir='ltr'>Ideo</span> <span class='ocrx_word' id='word_1_200' title='bbox 804 1545 886 1568; x_wconf 90' lang='lat' dir='ltr'>non</span> <span class='ocrx_word' id='word_1_201' title='bbox 920 1532 1065 1568; x_wconf 89' lang='lat' dir='ltr'>mirum</span> <span class='ocrx_word' id='word_1_202' title='bbox 1101 1532 1132 1569; x_wconf 89' lang='lat' dir='ltr'>si</span> <span class='ocrx_word' id='word_1_203' title='bbox 1166 1542 1280 1581; x_wconf 87' lang='lat' dir='ltr'>pater</span> <span class='ocrx_word' id='word_1_204' title='bbox 1313 1546 1452 1571; x_wconf 88' lang='lat' dir='ltr'>eorum</span> <span class='ocrx_word' id='word_1_205' title='bbox 1485 1535 1695 1582; x_wconf 86' lang='lat' dir='ltr'>perturbat</span> 
     </span>
     <span class='ocr_line' id='line_1_39' title="bbox 385 1588 1697 1640; baseline 0.002 -16"><span class='ocrx_word' id='word_1_206' title='bbox 385 1588 594 1625; x_wconf 88' lang='lat' dir='ltr'>ecclesiam</span> <span class='ocrx_word' id='word_1_207' title='bbox 627 1589 883 1626; x_wconf 87' lang='lat' dir='ltr'>militantem.</span> <span class='ocrx_word' id='word_1_208' title='bbox 918 1592 1010 1627; x_wconf 87' lang='lat' dir='ltr'>Ideo</span> <span class='ocrx_word' id='word_1_209' title='bbox 1036 1591 1326 1628; x_wconf 88' lang='lat' dir='ltr'>Lincolniensis</span> <span class='ocrx_word' id='word_1_210' title='bbox 1350 1591 1446 1628; x_wconf 86' lang='lat' dir='ltr'>dicit</span> <span class='ocrx_word' id='word_1_211' title='bbox 1470 1593 1579 1640; x_wconf 89' lang='lat' dir='ltr'>quod</span> <span class='ocrx_word' id='word_1_212' title='bbox 1607 1591 1697 1629; x_wconf 87' lang='lat' dir='ltr'>talis</span> 
     </span>
     <span class='ocr_line' id='line_1_40' title="bbox 384 1646 1698 1698; baseline 0.004 -16"><span class='ocrx_word' id='word_1_213' title='bbox 384 1659 530 1694; x_wconf 79' lang='lat' dir='ltr'>vagans</span> <span class='ocrx_word' id='word_1_214' title='bbox 563 1646 602 1683; x_wconf 91' lang='lat' dir='ltr'>in</span> <span class='ocrx_word' id='word_1_215' title='bbox 636 1648 788 1695; x_wconf 87' lang='lat' dir='ltr'>populo</span> <span class='ocrx_word' id='word_1_216' title='bbox 812 1652 869 1693; x_wconf 84' lang='lat' dir='ltr'>(ut</span> <span class='ocrx_word' id='word_1_217' title='bbox 900 1648 1043 1685; x_wconf 88' lang='lat' dir='ltr'>fratres</span> <span class='ocrx_word' id='word_1_218' title='bbox 1075 1649 1241 1697; x_wconf 84' lang='lat' dir='ltr'>faciunt)</span> <span class='ocrx_word' id='word_1_219' title='bbox 1276 1649 1471 1687; x_wconf 87' lang='lat' dir='ltr'>libencius</span> <span class='ocrx_word' id='word_1_220' title='bbox 1504 1662 1624 1698; x_wconf 88' lang='lat' dir='ltr'>quam</span> <span class='ocrx_word' id='word_1_221' title='bbox 1658 1650 1698 1686; x_wconf 90' lang='lat' dir='ltr'>in</span> 
     </span>
     <span class='ocr_line' id='line_1_41' title="bbox 386 1704 1696 1755; baseline 0.003 -15"><span class='ocrx_word' id='word_1_222' title='bbox 386 1704 573 1751; x_wconf 83' lang='lat' dir='ltr'>claustro,</span> <span class='ocrx_word' id='word_1_223' title='bbox 612 1705 703 1742; x_wconf 89' lang='lat' dir='ltr'>talis</span> <span class='ocrx_word' id='word_1_224' title='bbox 736 1705 932 1754; x_wconf 79' lang='lat' dir='ltr'>(inquam)</span> <span class='ocrx_word' id='word_1_225' title='bbox 974 1706 1153 1755; x_wconf 77' lang='lat' dir='ltr'>signatur</span> <span class='ocrx_word' id='word_1_226' title='bbox 1186 1709 1356 1745; x_wconf 87' lang='lat' dir='ltr'>cadaver</span> <span class='ocrx_word' id='word_1_227' title='bbox 1395 1716 1614 1754; x_wconf 81' lang='lat' dir='ltr'>mortuum,</span> <span class='ocrx_word' id='word_1_228' title='bbox 1649 1709 1696 1744; x_wconf 89' lang='lat' dir='ltr'>de</span> 
     </span>
     <span class='ocr_line' id='line_1_42' title="bbox 384 1763 1753 1812; baseline 0.002 -14"><span class='ocrx_word' id='word_1_229' title='bbox 384 1763 568 1810; x_wconf 86' lang='lat' dir='ltr'>sepulcro</span> <span class='ocrx_word' id='word_1_230' title='bbox 601 1775 815 1811; x_wconf 82' lang='lat' dir='ltr'>egressum,</span> <span class='ocrx_word' id='word_1_231' title='bbox 850 1764 992 1812; x_wconf 85' lang='lat' dir='ltr'>pannis</span> <span class='ocrx_word' id='word_1_232' title='bbox 1024 1765 1255 1801; x_wconf 82' lang='lat' dir='ltr'>funebribus</span> <span class='ocrx_word' id='word_1_233' title='bbox 1288 1765 1525 1812; x_wconf 85' lang='lat' dir='ltr'>involutum,</span> <span class='ocrx_word' id='word_1_234' title='bbox 1559 1778 1581 1802; x_wconf 88' lang='lat' dir='ltr'>a</span> <span class='ocrx_word' id='word_1_235' title='bbox 1615 1765 1753 1802; x_wconf 86' lang='lat' dir='ltr'>dia-25</span> 
     </span>
     <span class='ocr_line' id='line_1_43' title="bbox 386 1820 1694 1872; baseline 0.003 -16"><span class='ocrx_word' id='word_1_236' title='bbox 386 1820 477 1856; x_wconf 90' lang='lat' dir='ltr'>bolo</span> <span class='ocrx_word' id='word_1_237' title='bbox 517 1820 619 1857; x_wconf 87' lang='lat' dir='ltr'>inter</span> <span class='ocrx_word' id='word_1_238' title='bbox 657 1821 839 1858; x_wconf 88' lang='lat' dir='ltr'>homines</span> <span class='ocrx_word' id='word_1_239' title='bbox 878 1821 1071 1869; x_wconf 79' lang='lat' dir='ltr'>agitatum</span> <span class='ocrx_word' id='word_1_240' title='bbox 1119 1831 1155 1859; x_wconf 91' lang='lat' dir='ltr'>et</span> <span class='ocrx_word' id='word_1_241' title='bbox 1198 1824 1376 1860; x_wconf 86' lang='lat' dir='ltr'>declarat</span> <span class='ocrx_word' id='word_1_242' title='bbox 1418 1823 1694 1872; x_wconf 86' lang='lat' dir='ltr'>particulares.</span> 
     </span>
     <span class='ocr_line' id='line_1_44' title="bbox 385 1880 1695 1930; baseline 0.002 -16"><span class='ocrx_word' id='word_1_243' title='bbox 385 1880 462 1915; x_wconf 85' lang='lat' dir='ltr'>Sed</span> <span class='ocrx_word' id='word_1_244' title='bbox 501 1880 708 1927; x_wconf 89' lang='lat' dir='ltr'>quomodo</span> <span class='ocrx_word' id='word_1_245' title='bbox 749 1892 871 1928; x_wconf 88' lang='lat' dir='ltr'>queso</span> <span class='ocrx_word' id='word_1_246' title='bbox 910 1893 992 1916; x_wconf 86' lang='lat' dir='ltr'>non</span> <span class='ocrx_word' id='word_1_247' title='bbox 1024 1889 1289 1929; x_wconf 86' lang='lat' dir='ltr'>temptaretur</span> <span class='ocrx_word' id='word_1_248' title='bbox 1323 1890 1359 1918; x_wconf 93' lang='lat' dir='ltr'>et</span> <span class='ocrx_word' id='word_1_249' title='bbox 1391 1883 1695 1930; x_wconf 87' lang='lat' dir='ltr'>perturbaretur</span> 
     </span>
     <span class='ocr_line' id='line_1_45' title="bbox 384 1936 1693 1986; baseline 0.002 -14"><span class='ocrx_word' id='word_1_250' title='bbox 384 1936 609 1984; x_wconf 88' lang='lat' dir='ltr'>respublica</span> <span class='ocrx_word' id='word_1_251' title='bbox 647 1949 717 1985; x_wconf 92' lang='lat' dir='ltr'>per</span> <span class='ocrx_word' id='word_1_252' title='bbox 750 1937 979 1974; x_wconf 84' lang='lat' dir='ltr'>huiusmodi</span> <span class='ocrx_word' id='word_1_253' title='bbox 1018 1940 1302 1986; x_wconf 74' lang='lat' dir='ltr'>vagabundos?</span> <span class='ocrx_word' id='word_1_254' title='bbox 1342 1941 1556 1976; x_wconf 85' lang='lat' dir='ltr'>Penetrant</span> <span class='ocrx_word' id='word_1_255' title='bbox 1589 1939 1693 1976; x_wconf 88' lang='lat' dir='ltr'>enim</span> 
     </span>
     <span class='ocr_line' id='line_1_46' title="bbox 383 1994 1694 2044; baseline 0.003 -14"><span class='ocrx_word' id='word_1_256' title='bbox 383 1994 471 2030; x_wconf 90' lang='lat' dir='ltr'>loca</span> <span class='ocrx_word' id='word_1_257' title='bbox 505 2003 542 2030; x_wconf 90' lang='lat' dir='ltr'>et</span> <span class='ocrx_word' id='word_1_258' title='bbox 565 1996 708 2031; x_wconf 89' lang='lat' dir='ltr'>domos</span> <span class='ocrx_word' id='word_1_259' title='bbox 740 1995 908 2032; x_wconf 89' lang='lat' dir='ltr'>celerius</span> <span class='ocrx_word' id='word_1_260' title='bbox 941 1996 981 2032; x_wconf 89' lang='lat' dir='ltr'>in</span> <span class='ocrx_word' id='word_1_261' title='bbox 1014 1996 1156 2044; x_wconf 87' lang='lat' dir='ltr'>quibus</span> <span class='ocrx_word' id='word_1_262' title='bbox 1190 1998 1358 2033; x_wconf 87' lang='lat' dir='ltr'>credunt</span> <span class='ocrx_word' id='word_1_263' title='bbox 1389 1998 1563 2034; x_wconf 90' lang='lat' dir='ltr'>fructum</span> <span class='ocrx_word' id='word_1_264' title='bbox 1596 2005 1694 2034; x_wconf 75' lang='lat' dir='ltr'>tem-</span> 
     </span>
     <span class='ocr_line' id='line_1_47' title="bbox 383 2052 1752 2104; baseline 0.001 -16"><span class='ocrx_word' id='word_1_265' title='bbox 383 2052 532 2100; x_wconf 90' lang='lat' dir='ltr'>poralis</span> <span class='ocrx_word' id='word_1_266' title='bbox 577 2053 783 2089; x_wconf 89' lang='lat' dir='ltr'>commodi</span> <span class='ocrx_word' id='word_1_267' title='bbox 827 2053 1000 2090; x_wconf 89' lang='lat' dir='ltr'>residere</span> <span class='ocrx_word' id='word_1_268' title='bbox 1043 2063 1080 2091; x_wconf 88' lang='lat' dir='ltr'>et</span> <span class='ocrx_word' id='word_1_269' title='bbox 1124 2064 1332 2104; x_wconf 86' lang='lat' dir='ltr'>tamquam</span> <span class='ocrx_word' id='word_1_270' title='bbox 1376 2054 1752 2104; x_wconf 82' lang='lat' dir='ltr'>vespertiliones‚3o</span> 
     </span>
     <span class='ocr_line' id='line_1_48' title="bbox 383 2110 1693 2161; baseline 0.003 -15"><span class='ocrx_word' id='word_1_271' title='bbox 383 2123 518 2146; x_wconf 89' lang='lat' dir='ltr'>musce</span> <span class='ocrx_word' id='word_1_272' title='bbox 563 2110 643 2147; x_wconf 87' lang='lat' dir='ltr'>sive</span> <span class='ocrx_word' id='word_1_273' title='bbox 686 2112 905 2148; x_wconf 86' lang='lat' dir='ltr'>testudines</span> <span class='ocrx_word' id='word_1_274' title='bbox 950 2112 1102 2149; x_wconf 86' lang='lat' dir='ltr'>fructus</span> <span class='ocrx_word' id='word_1_275' title='bbox 1147 2125 1247 2161; x_wconf 88' lang='lat' dir='ltr'>quos</span> <span class='ocrx_word' id='word_1_276' title='bbox 1292 2113 1497 2150; x_wconf 89' lang='lat' dir='ltr'>inveniunt</span> <span class='ocrx_word' id='word_1_277' title='bbox 1536 2121 1693 2161; x_wconf 83' lang='lat' dir='ltr'>sugunt,</span> 
     </span>
     <span class='ocr_line' id='line_1_49' title="bbox 382 2169 1690 2219; baseline 0.002 -15"><span class='ocrx_word' id='word_1_278' title='bbox 382 2169 561 2205; x_wconf 88' lang='lat' dir='ltr'>lacerant</span> <span class='ocrx_word' id='word_1_279' title='bbox 604 2169 665 2205; x_wconf 89' lang='lat' dir='ltr'>vel</span> <span class='ocrx_word' id='word_1_280' title='bbox 709 2171 929 2206; x_wconf 86' lang='lat' dir='ltr'>corrodunt</span> <span class='ocrx_word' id='word_1_281' title='bbox 973 2179 1010 2207; x_wconf 89' lang='lat' dir='ltr'>et</span> <span class='ocrx_word' id='word_1_282' title='bbox 1054 2171 1102 2207; x_wconf 91' lang='lat' dir='ltr'>de</span> <span class='ocrx_word' id='word_1_283' title='bbox 1145 2170 1332 2219; x_wconf 86' lang='lat' dir='ltr'>nequicia</span> <span class='ocrx_word' id='word_1_284' title='bbox 1376 2171 1481 2208; x_wconf 91' lang='lat' dir='ltr'>facto</span> <span class='ocrx_word' id='word_1_285' title='bbox 1526 2184 1690 2208; x_wconf 85' lang='lat' dir='ltr'>suorum</span> 
     </span>
     <span class='ocr_line' id='line_1_50' title="bbox 381 2226 1692 2278; baseline 0.002 -17"><span class='ocrx_word' id='word_1_286' title='bbox 381 2226 685 2274; x_wconf 82' lang='lat' dir='ltr'>particularium</span> <span class='ocrx_word' id='word_1_287' title='bbox 731 2227 908 2264; x_wconf 88' lang='lat' dir='ltr'>indicent</span> <span class='ocrx_word' id='word_1_288' title='bbox 947 2229 1137 2265; x_wconf 90' lang='lat' dir='ltr'>mundam</span> <span class='ocrx_word' id='word_1_289' title='bbox 1184 2230 1232 2266; x_wconf 88' lang='lat' dir='ltr'>ab</span> <span class='ocrx_word' id='word_1_290' title='bbox 1279 2228 1528 2278; x_wconf 82' lang='lat' dir='ltr'>experiencia</span> <span class='ocrx_word' id='word_1_291' title='bbox 1573 2242 1692 2278; x_wconf 90' lang='lat' dir='ltr'>quarn</span> 
     </span>
     <span class='ocr_line' id='line_1_51' title="bbox 379 2293 587 2321; baseline 0 -1"><span class='ocrx_word' id='word_1_292' title='bbox 379 2293 587 2321; x_wconf 86' lang='lat' dir='ltr'>noverunt.</span> 
     </span>
    </p>

    <p class='ocr_par' dir='ltr' id='par_1_10' title="bbox 379 2342 1749 2624">
     <span class='ocr_line' id='line_1_52' title="bbox 437 2342 1749 2393; baseline 0.002 -15"><span class='ocrx_word' id='word_1_293' title='bbox 437 2343 514 2378; x_wconf 86' lang='lat' dir='ltr'>Sed</span> <span class='ocrx_word' id='word_1_294' title='bbox 537 2342 732 2390; x_wconf 86' lang='lat' dir='ltr'>replicant</span> <span class='ocrx_word' id='word_1_295' title='bbox 756 2343 1025 2380; x_wconf 89' lang='lat' dir='ltr'>communiter</span> <span class='ocrx_word' id='word_1_296' title='bbox 1040 2345 1148 2393; x_wconf 89' lang='lat' dir='ltr'>quod</span> <span class='ocrx_word' id='word_1_297' title='bbox 1171 2344 1279 2381; x_wconf 79' lang='lat' dir='ltr'>iuxta</span> <span class='ocrx_word' id='word_1_298' title='bbox 1301 2344 1506 2382; x_wconf 88' lang='lat' dir='ltr'>racionem</span> <span class='ocrx_word' id='word_1_299' title='bbox 1524 2343 1690 2381; x_wconf 87' lang='lat' dir='ltr'>terciam</span> <span class='ocrx_word' id='word_1_300' title='bbox 1709 2347 1749 2380; x_wconf 77' lang='lat'>35</span> 
     </span>
     <span class='ocr_line' id='line_1_53' title="bbox 379 2399 1691 2450; baseline 0.002 -15"><span class='ocrx_word' id='word_1_301' title='bbox 379 2399 561 2447; x_wconf 88' lang='lat' dir='ltr'>superius</span> <span class='ocrx_word' id='word_1_302' title='bbox 598 2413 717 2437; x_wconf 90' lang='lat' dir='ltr'>nemo</span> <span class='ocrx_word' id='word_1_303' title='bbox 756 2401 949 2438; x_wconf 84' lang='lat' dir='ltr'>innuitive</span> <span class='ocrx_word' id='word_1_304' title='bbox 986 2402 1047 2439; x_wconf 88' lang='lat' dir='ltr'>vel</span> <span class='ocrx_word' id='word_1_305' title='bbox 1091 2402 1211 2438; x_wconf 89' lang='lat' dir='ltr'>tacite</span> <span class='ocrx_word' id='word_1_306' title='bbox 1255 2402 1515 2449; x_wconf 88' lang='lat' dir='ltr'>mendicaret,</span> <span class='ocrx_word' id='word_1_307' title='bbox 1554 2415 1691 2450; x_wconf 89' lang='lat' dir='ltr'>ymmo</span> 
     </span>
     <span class='ocr_line' id='line_1_54' title="bbox 379 2457 1690 2508; baseline 0.002 -15"><span class='ocrx_word' id='word_1_308' title='bbox 379 2457 410 2493; x_wconf 87' lang='lat' dir='ltr'>si</span> <span class='ocrx_word' id='word_1_309' title='bbox 454 2457 598 2506; x_wconf 88' lang='lat' dir='ltr'>aliquis</span> <span class='ocrx_word' id='word_1_310' title='bbox 643 2458 773 2495; x_wconf 88' lang='lat' dir='ltr'>viator</span> <span class='ocrx_word' id='word_1_311' title='bbox 823 2472 845 2496; x_wconf 88' lang='lat' dir='ltr'>a</span> <span class='ocrx_word' id='word_1_312' title='bbox 892 2472 1051 2496; x_wconf 87' lang='lat' dir='ltr'>summo</span> <span class='ocrx_word' id='word_1_313' title='bbox 1103 2461 1229 2508; x_wconf 83' lang='lat' dir='ltr'>gradu</span> <span class='ocrx_word' id='word_1_314' title='bbox 1272 2460 1453 2508; x_wconf 90' lang='lat' dir='ltr'>possibili</span> <span class='ocrx_word' id='word_1_315' title='bbox 1497 2460 1690 2497; x_wconf 89' lang='lat' dir='ltr'>virtutum</span> 
     </span>
     <span class='ocr_line' id='line_1_55' title="bbox 380 2515 1691 2566; baseline 0.002 -15"><span class='ocrx_word' id='word_1_316' title='bbox 380 2515 551 2561; x_wconf 83' lang='lat' dir='ltr'>deficiat,</span> <span class='ocrx_word' id='word_1_317' title='bbox 587 2517 809 2564; x_wconf 88' lang='lat' dir='ltr'>culpandus</span> <span class='ocrx_word' id='word_1_318' title='bbox 841 2517 955 2554; x_wconf 88' lang='lat' dir='ltr'>foret.</span> <span class='ocrx_word' id='word_1_319' title='bbox 991 2517 1172 2555; x_wconf 87' lang='lat' dir='ltr'>Christus</span> <span class='ocrx_word' id='word_1_320' title='bbox 1204 2526 1341 2555; x_wconf 88' lang='lat' dir='ltr'>tamen</span> <span class='ocrx_word' id='word_1_321' title='bbox 1372 2517 1542 2555; x_wconf 87' lang='lat' dir='ltr'>faciliter</span> <span class='ocrx_word' id='word_1_322' title='bbox 1564 2517 1691 2566; x_wconf 85' lang='lat' dir='ltr'>possit</span> 
     </span>
     <span class='ocr_line' id='line_1_56' title="bbox 379 2573 1690 2624; baseline 0.002 -15"><span class='ocrx_word' id='word_1_323' title='bbox 379 2574 428 2609; x_wconf 87' lang='lat' dir='ltr'>ad</span> <span class='ocrx_word' id='word_1_324' title='bbox 452 2573 682 2622; x_wconf 87' lang='lat' dir='ltr'>oppositum</span> <span class='ocrx_word' id='word_1_325' title='bbox 713 2574 924 2621; x_wconf 78' lang='lat' dir='ltr'>inclinare3</span> <span class='ocrx_word' id='word_1_326' title='bbox 954 2577 1023 2612; x_wconf 88' lang='lat' dir='ltr'>sed</span> <span class='ocrx_word' id='word_1_327' title='bbox 1045 2576 1144 2612; x_wconf 88' lang='lat' dir='ltr'>tales</span> <span class='ocrx_word' id='word_1_328' title='bbox 1173 2577 1324 2624; x_wconf 82' lang='lat' dir='ltr'>pseudo</span> <span class='ocrx_word' id='word_1_329' title='bbox 1347 2576 1529 2613; x_wconf 89' lang='lat' dir='ltr'>nesciunt</span> <span class='ocrx_word' id='word_1_330' title='bbox 1552 2575 1690 2612; x_wconf 89' lang='lat' dir='ltr'>distin-</span> 
     </span>
    </p>
   </div>
   <div class='ocr_carea' id='block_1_7' title="bbox 377 2706 1687 2813">
    <p class='ocr_par' dir='ltr' id='par_1_11' title="bbox 377 2706 1687 2813">
     <span class='ocr_line' id='line_1_57' title="bbox 450 2706 1687 2744; baseline 0.002 -12"><span class='ocrx_word' id='word_1_331' title='bbox 450 2714 468 2733; x_wconf 83' lang='lat'>1.</span> <span class='ocrx_word' id='word_1_332' title='bbox 489 2706 522 2733; x_wconf 87' lang='lat' dir='ltr'>In</span> <span class='ocrx_word' id='word_1_333' title='bbox 544 2713 657 2741; x_wconf 57' lang='lat' dir='ltr'>marg:</span> <span class='ocrx_word' id='word_1_334' title='bbox 679 2714 705 2734; x_wconf 81' lang='lat'>2.</span> <span class='ocrx_word' id='word_1_335' title='bbox 735 2707 774 2734; x_wconf 80' lang='lat' dir='ltr'>ib.</span> <span class='ocrx_word' id='word_1_336' title='bbox 797 2707 891 2735; x_wconf 83' lang='lat' dir='ltr'>Cod.:</span> <span class='ocrx_word' id='word_1_337' title='bbox 920 2716 1119 2743; x_wconf 81' lang='lat' dir='ltr'>progressum</span> <span class='ocrx_word' id='word_1_338' title='bbox 1143 2713 1215 2744; x_wconf 65' lang='lat' dir='ltr'>patu)</span> <span class='ocrx_word' id='word_1_339' title='bbox 1238 2709 1388 2744; x_wconf 82' lang='lat' dir='ltr'>(patulum</span> <span class='ocrx_word' id='word_1_340' title='bbox 1399 2709 1433 2744; x_wconf 63' lang='grc' dir='ltr'>ἓ).</span> <span class='ocrx_word' id='word_1_341' title='bbox 1534 2708 1570 2736; x_wconf 78' lang='lat'>15.</span> <span class='ocrx_word' id='word_1_342' title='bbox 1593 2708 1687 2735; x_wconf 87' lang='lat' dir='ltr'>Cod.:</span> 
     </span>
     <span class='ocr_line' id='line_1_58' title="bbox 379 2740 1687 2776; baseline 0.003 -9"><span class='ocrx_word' id='word_1_343' title='bbox 379 2740 514 2776; x_wconf 72' lang='lat' dir='ltr'>Beguini.</span> <span class='ocrx_word' id='word_1_344' title='bbox 577 2741 617 2768; x_wconf 78' lang='lat'>16.</span> <span class='ocrx_word' id='word_1_345' title='bbox 640 2741 733 2769; x_wconf 81' lang='lat' dir='ltr'>Cod.:</span> <span class='ocrx_word' id='word_1_346' title='bbox 756 2746 787 2768; x_wconf 95' lang='lat' dir='ltr'>ut</span> <span class='ocrx_word' id='word_1_347' title='bbox 807 2747 917 2770; x_wconf 85' lang='lat' dir='ltr'>vetant.</span> <span class='ocrx_word' id='word_1_348' title='bbox 982 2751 1029 2776; x_wconf 83' lang='lat'>24.</span> <span class='ocrx_word' id='word_1_349' title='bbox 1050 2742 1143 2770; x_wconf 82' lang='lat' dir='ltr'>Cod.:</span> <span class='ocrx_word' id='word_1_350' title='bbox 1164 2743 1306 2770; x_wconf 86' lang='lat' dir='ltr'>cadavar.</span> <span class='ocrx_word' id='word_1_351' title='bbox 1369 2743 1409 2771; x_wconf 84' lang='lat'>31.</span> <span class='ocrx_word' id='word_1_352' title='bbox 1432 2743 1526 2771; x_wconf 88' lang='lat' dir='ltr'>Cod.:</span> <span class='ocrx_word' id='word_1_353' title='bbox 1549 2752 1584 2770; x_wconf 83' lang='lat' dir='ltr'>su</span> <span class='ocrx_word' id='word_1_354' title='bbox 1609 2747 1687 2771; x_wconf 73' lang='lat' dir='ltr'>Oent.</span> 
     </span>
     <span class='ocr_line' id='line_1_59' title="bbox 377 2751 1686 2813; baseline 0.002 -11"><span class='ocrx_word' id='word_1_355' title='bbox 377 2774 420 2803; x_wconf 86' lang='lat'>33.</span> <span class='ocrx_word' id='word_1_356' title='bbox 442 2775 537 2803; x_wconf 89' lang='lat' dir='ltr'>Cod.:</span> <span class='ocrx_word' id='word_1_357' title='bbox 558 2776 792 2811; x_wconf 82' lang='lat' dir='ltr'>experienciam.</span> <span class='ocrx_word' id='word_1_358' title='bbox 894 2776 935 2805; x_wconf 86' lang='lat'>35.</span> <span class='ocrx_word' id='word_1_359' title='bbox 955 2777 989 2805; x_wconf 92' lang='lat' dir='ltr'>In</span> <span class='ocrx_word' id='word_1_360' title='bbox 1010 2785 1123 2812; x_wconf 49' lang='lat' dir='ltr'>marga</span> <span class='ocrx_word' id='word_1_361' title='bbox 1144 2777 1318 2813; x_wconf 82' lang='lat' dir='ltr'>Replicacio</span> <span class='ocrx_word' id='word_1_362' title='bbox 1339 2778 1480 2806; x_wconf 85' lang='lat' dir='ltr'>fratrum.</span> <span class='ocrx_word' id='word_1_363' title='bbox 1587 2751 1686 2806; x_wconf 49' lang='lat' dir='ltr'>1igln</span> 
     </span>
    </p>
   </div>
   <div class='ocr_carea' id='block_1_8' title="bbox 379 2810 694 2845">
    <p class='ocr_par' dir='ltr' id='par_1_12' title="bbox 379 2810 694 2845">
     <span class='ocr_line' id='line_1_60' title="bbox 379 2810 694 2845; baseline 0 -8"><span class='ocrx_word' id='word_1_364' title='bbox 379 2818 491 2845; x_wconf 59' lang='lat' dir='ltr'>marg:</span> <span class='ocrx_word' id='word_1_365' title='bbox 511 2810 694 2845; x_wconf 84' lang='lat' dir='ltr'>Responsio.</span> 
     </span>
    </p>
   </div>
   <div class='ocr_carea' id='block_1_9' title="bbox 451 2876 1131 2927">
    <p class='ocr_par' dir='ltr' id='par_1_13' title="bbox 451 2876 1131 2927">
     <span class='ocr_line' id='line_1_61' title="bbox 451 2876 1131 2927; baseline 0.004 -13"><span class='ocrx_word' id='word_1_366' title='bbox 451 2892 502 2915; x_wconf 86' lang='lat'>22.</span> <span class='ocrx_word' id='word_1_367' title='bbox 530 2882 581 2915; x_wconf 83' lang='lat' dir='ltr'>Cf.</span> <span class='ocrx_word' id='word_1_368' title='bbox 601 2876 817 2925; x_wconf 82' lang='lat' dir='ltr'>Trialogum‚</span> <span class='ocrx_word' id='word_1_369' title='bbox 844 2894 921 2927; x_wconf 85' lang='lat' dir='ltr'>pag.</span> <span class='ocrx_word' id='word_1_370' title='bbox 950 2884 1027 2925; x_wconf 80' lang='lat'><strong>336,</strong></span> <span class='ocrx_word' id='word_1_371' title='bbox 1052 2884 1131 2926; x_wconf 80' lang='lat'>433.</span> 
     </span>
    </p>
   </div>
  </div>
 </body>
</html>
