<?xml version="1.0" encoding="UTF-8"?>
<!DOCTYPE html PUBLIC "-//W3C//DTD XHTML 1.0 Transitional//EN"
    "http://www.w3.org/TR/xhtml1/DTD/xhtml1-transitional.dtd">
<html xmlns="http://www.w3.org/1999/xhtml" xml:lang="en" lang="en">
 <head>
  <title>
</title>
<meta http-equiv="Content-Type" content="text/html;charset=utf-8" />
  <meta name='ocr-system' content='tesseract 3.04.00' />
  <meta name='ocr-capabilities' content='ocr_page ocr_carea ocr_par ocr_line ocrx_word'/>
</head>
<body>
  <div class='ocr_page' id='page_1' title='image "./iohanniswyclifse0703wycl_0346.png"; bbox 0 0 1944 3323; ppageno 0'>
   <div class='ocr_carea' id='block_1_1' title="bbox 212 520 452 558">
    <p class='ocr_par' dir='ltr' id='par_1_1' title="bbox 212 520 452 558">
     <span class='ocr_line' id='line_1_1' title="bbox 212 520 452 558; baseline 0 -12"><span class='ocrx_word' id='word_1_1' title='bbox 212 520 280 547; x_wconf 75' lang='lat' dir='ltr'><strong>(jod</strong></span> <span class='ocrx_word' id='word_1_2' title='bbox 303 520 363 547; x_wconf 83' lang='lat' dir='ltr'><strong>will</strong></span> <span class='ocrx_word' id='word_1_3' title='bbox 385 520 452 558; x_wconf 76' lang='lat' dir='ltr'><strong>give</strong></span> 
     </span>
    </p>
   </div>
   <div class='ocr_carea' id='block_1_2' title="bbox 232 555 431 624">
    <p class='ocr_par' dir='ltr' id='par_1_2' title="bbox 232 555 431 624">
     <span class='ocr_line' id='line_1_2' title="bbox 232 555 431 581; baseline 0 0"><span class='ocrx_word' id='word_1_4' title='bbox 232 555 385 581; x_wconf 75' lang='lat' dir='ltr'><strong>whatever</strong></span> <span class='ocrx_word' id='word_1_5' title='bbox 405 563 431 581; x_wconf 71' lang='lat' dir='ltr'><strong>is</strong></span> 
     </span>
     <span class='ocr_line' id='line_1_3' title="bbox 284 589 375 624; baseline -0.011 -8"><span class='ocrx_word' id='word_1_6' title='bbox 284 589 375 624; x_wconf 81' lang='lat' dir='ltr'><strong>good.</strong></span> 
     </span>
    </p>
   </div>
   <div class='ocr_carea' id='block_1_3' title="bbox 228 1617 439 1652">
    <p class='ocr_par' dir='ltr' id='par_1_3' title="bbox 228 1617 439 1652">
     <span class='ocr_line' id='line_1_4' title="bbox 228 1617 439 1652; baseline 0 -8"><span class='ocrx_word' id='word_1_7' title='bbox 228 1617 439 1652; x_wconf 77' lang='lat' dir='ltr'><strong>Dispositions</strong></span> 
     </span>
    </p>
   </div>
   <div class='ocr_carea' id='block_1_4' title="bbox 199 1653 472 1680">
    <p class='ocr_par' dir='ltr' id='par_1_4' title="bbox 199 1653 472 1680">
     <span class='ocr_line' id='line_1_5' title="bbox 199 1653 472 1680; baseline 0.004 -2"><span class='ocrx_word' id='word_1_8' title='bbox 199 1654 312 1680; x_wconf 80' lang='lat' dir='ltr'><strong>needed</strong></span> <span class='ocrx_word' id='word_1_9' title='bbox 335 1653 363 1680; x_wconf 84' lang='lat' dir='ltr'><strong>in</strong></span> <span class='ocrx_word' id='word_1_10' title='bbox 386 1654 472 1679; x_wconf 83' lang='lat' dir='ltr'><strong>those</strong></span> 
     </span>
    </p>
   </div>
   <div class='ocr_carea' id='block_1_5' title="bbox 246 1688 424 1723">
    <p class='ocr_par' dir='ltr' id='par_1_5' title="bbox 246 1688 424 1723">
     <span class='ocr_line' id='line_1_6' title="bbox 246 1688 424 1723; baseline 0.006 -10"><span class='ocrx_word' id='word_1_11' title='bbox 246 1688 316 1714; x_wconf 74' lang='lat' dir='ltr'><strong>who</strong></span> <span class='ocrx_word' id='word_1_12' title='bbox 339 1695 424 1723; x_wconf 77' lang='lat' dir='ltr'><strong>pray.</strong></span> 
     </span>
    </p>
   </div>
   <div class='ocr_carea' id='block_1_6' title="bbox 229 1965 441 2034">
    <p class='ocr_par' dir='ltr' id='par_1_6' title="bbox 229 1965 441 2034">
     <span class='ocr_line' id='line_1_7' title="bbox 259 1965 414 2004; baseline -0.006 -12"><span class='ocrx_word' id='word_1_13' title='bbox 259 1974 277 1992; x_wconf 84' lang='lat'><strong>1.</strong></span> <span class='ocrx_word' id='word_1_14' title='bbox 300 1965 414 2004; x_wconf 72' lang='lat' dir='ltr'><strong>Mutua}</strong></span> 
     </span>
     <span class='ocr_line' id='line_1_8' title="bbox 229 2008 441 2034; baseline 0 -8"><span class='ocrx_word' id='word_1_15' title='bbox 229 2008 441 2034; x_wconf 75' lang='lat' dir='ltr'><strong>compassion.</strong></span> 
     </span>
    </p>
   </div>
   <div class='ocr_carea' id='block_1_7' title="bbox 759 281 1791 337">
    <p class='ocr_par' dir='ltr' id='par_1_7' title="bbox 759 281 1791 337">
     <span class='ocr_line' id='line_1_9' title="bbox 759 281 1791 337; baseline 0 -13"><span class='ocrx_word' id='word_1_16' title='bbox 759 294 982 325; x_wconf 80' lang='lat' dir='ltr'>JOHANNIS</span> <span class='ocrx_word' id='word_1_17' title='bbox 1002 294 1181 326; x_wconf 69' lang='lat' dir='ltr'>WYCIJF</span> <span class='ocrx_word' id='word_1_18' title='bbox 1201 295 1458 326; x_wconf 71' lang='lat' dir='ltr'>SERMONUM</span> <span class='ocrx_word' id='word_1_19' title='bbox 1490 281 1640 337; x_wconf 63' lang='lat' dir='ltr'>[SERMO</span> <span class='ocrx_word' id='word_1_20' title='bbox 1658 292 1791 320; x_wconf 68' lang='grc' dir='ltr'>ΧΧΧΙΧ·</span> 
     </span>
    </p>
   </div>
   <div class='ocr_carea' id='block_1_8' title="bbox 481 398 1852 2647">
    <p class='ocr_par' dir='ltr' id='par_1_8' title="bbox 481 398 1852 958">
     <span class='ocr_line' id='line_1_10' title="bbox 485 398 1792 449; baseline 0.001 -14"><span class='ocrx_word' id='word_1_21' title='bbox 485 398 665 448; x_wconf 88' lang='lat' dir='ltr'><strong>quamvis</strong></span> <span class='ocrx_word' id='word_1_22' title='bbox 705 408 763 435; x_wconf 80' lang='lat' dir='ltr'><strong>ter</strong></span> <span class='ocrx_word' id='word_1_23' title='bbox 804 399 956 447; x_wconf 64' lang='lat' dir='ltr'><strong>rogavit</strong></span> <span class='ocrx_word' id='word_1_24' title='bbox 991 400 1206 436; x_wconf 79' lang='lat' dir='ltr'><strong>Dominum</strong></span> <span class='ocrx_word' id='word_1_25' title='bbox 1249 402 1354 449; x_wconf 91' lang='lat' dir='ltr'><strong>quod</strong></span> <span class='ocrx_word' id='word_1_26' title='bbox 1395 403 1443 437; x_wconf 81' lang='lat' dir='ltr'><strong>ab</strong></span> <span class='ocrx_word' id='word_1_27' title='bbox 1483 414 1529 436; x_wconf 75' lang='lat' dir='ltr'><strong>co</strong></span> <span class='ocrx_word' id='word_1_28' title='bbox 1572 400 1792 437; x_wconf 86' lang='lat' dir='ltr'><strong>discederet</strong></span> 
     </span>
     <span class='ocr_line' id='line_1_11' title="bbox 485 456 1791 506; baseline 0.001 -14"><span class='ocrx_word' id='word_1_29' title='bbox 485 456 671 493; x_wconf 88' lang='lat' dir='ltr'><strong>stimulus</strong></span> <span class='ocrx_word' id='word_1_30' title='bbox 713 457 842 493; x_wconf 86' lang='lat' dir='ltr'><strong>carnis</strong></span> <span class='ocrx_word' id='word_1_31' title='bbox 883 470 964 501; x_wconf 86' lang='lat' dir='ltr'><strong>sue,</strong></span> <span class='ocrx_word' id='word_1_32' title='bbox 1006 457 1224 494; x_wconf 83' lang='lat' dir='ltr'><strong>discessum</strong></span> <span class='ocrx_word' id='word_1_33' title='bbox 1264 467 1399 495; x_wconf 88' lang='lat' dir='ltr'><strong>tamen</strong></span> <span class='ocrx_word' id='word_1_34' title='bbox 1439 458 1532 506; x_wconf 86' lang='lat' dir='ltr'><strong>quia</strong></span> <span class='ocrx_word' id='word_1_35' title='bbox 1571 459 1671 494; x_wconf 86' lang='lat' dir='ltr'><strong>foret</strong></span> <span class='ocrx_word' id='word_1_36' title='bbox 1719 457 1791 494; x_wconf 89' lang='lat' dir='ltr'><strong>sibi</strong></span> 
     </span>
     <span class='ocr_line' id='line_1_12' title="bbox 485 514 1790 564; baseline 0.001 -14"><span class='ocrx_word' id='word_1_37' title='bbox 485 514 637 550; x_wconf 89' lang='lat' dir='ltr'><strong>inutilis</strong></span> <span class='ocrx_word' id='word_1_38' title='bbox 676 527 756 551; x_wconf 91' lang='lat' dir='ltr'><strong>non</strong></span> <span class='ocrx_word' id='word_1_39' title='bbox 790 516 974 552; x_wconf 86' lang='lat' dir='ltr'><strong>habebat.</strong></span> <span class='ocrx_word' id='word_1_40' title='bbox 1021 518 1068 551; x_wconf 86' lang='lat' dir='ltr'><strong>Et</strong></span> <span class='ocrx_word' id='word_1_41' title='bbox 1101 519 1158 561; x_wconf 87' lang='lat' dir='ltr'><strong>(ut</strong></span> <span class='ocrx_word' id='word_1_42' title='bbox 1191 516 1362 553; x_wconf 88' lang='lat' dir='ltr'><strong>breviter</strong></span> <span class='ocrx_word' id='word_1_43' title='bbox 1396 516 1566 560; x_wconf 83' lang='lat' dir='ltr'><strong>dicatur)</strong></span> <span class='ocrx_word' id='word_1_44' title='bbox 1600 515 1790 564; x_wconf 85' lang='lat' dir='ltr'><strong>quicquid</strong></span> 
     </span>
     <span class='ocr_line' id='line_1_13' title="bbox 485 572 1794 621; baseline 0 -12"><span class='ocrx_word' id='word_1_45' title='bbox 485 572 629 620; x_wconf 89' lang='lat' dir='ltr'><strong>aliquis</strong></span> <span class='ocrx_word' id='word_1_46' title='bbox 668 585 689 608; x_wconf 87' lang='lat' dir='ltr'><strong>a</strong></span> <span class='ocrx_word' id='word_1_47' title='bbox 723 573 897 609; x_wconf 91' lang='lat' dir='ltr'><strong>Domino</strong></span> <span class='ocrx_word' id='word_1_48' title='bbox 938 574 1200 621; x_wconf 80' lang='lat' dir='ltr'><strong>postulaverit</strong></span> <span class='ocrx_word' id='word_1_49' title='bbox 1239 575 1287 610; x_wconf 88' lang='lat' dir='ltr'><strong>ab</strong></span> <span class='ocrx_word' id='word_1_50' title='bbox 1322 587 1367 610; x_wconf 88' lang='lat' dir='ltr'><strong>eo</strong></span> <span class='ocrx_word' id='word_1_51' title='bbox 1401 573 1700 610; x_wconf 81' lang='lat' dir='ltr'><strong>racionabiliter</strong></span> <span class='ocrx_word' id='word_1_52' title='bbox 1733 586 1794 609; x_wconf 83' lang='lat' dir='ltr'><strong>ex-</strong></span> 
     </span>
     <span class='ocr_line' id='line_1_14' title="bbox 484 630 1825 680; baseline 0 -14"><span class='ocrx_word' id='word_1_53' title='bbox 484 630 716 675; x_wconf 85' lang='lat' dir='ltr'><strong>hibendum,</strong></span> <span class='ocrx_word' id='word_1_54' title='bbox 752 643 840 667; x_wconf 91' lang='lat' dir='ltr'><strong>cum</strong></span> <span class='ocrx_word' id='word_1_55' title='bbox 875 633 979 667; x_wconf 88' lang='lat' dir='ltr'><strong>Deus</strong></span> <span class='ocrx_word' id='word_1_56' title='bbox 1013 631 1064 667; x_wconf 90' lang='lat' dir='ltr'><strong>sit</strong></span> <span class='ocrx_word' id='word_1_57' title='bbox 1093 632 1237 668; x_wconf 86' lang='lat' dir='ltr'><strong>veritas</strong></span> <span class='ocrx_word' id='word_1_58' title='bbox 1271 640 1307 668; x_wconf 88' lang='lat' dir='ltr'><strong>et</strong></span> <span class='ocrx_word' id='word_1_59' title='bbox 1340 631 1449 668; x_wconf 89' lang='lat' dir='ltr'><strong>racio</strong></span> <span class='ocrx_word' id='word_1_60' title='bbox 1483 631 1626 680; x_wconf 83' lang='lat' dir='ltr'><strong>prima⁷</strong></span> <span class='ocrx_word' id='word_1_61' title='bbox 1659 635 1825 667; x_wconf 75' lang='lat' dir='ltr'><strong>neces-5</strong></span> 
     </span>
     <span class='ocr_line' id='line_1_15' title="bbox 485 687 1793 738; baseline 0.001 -15"><span class='ocrx_word' id='word_1_62' title='bbox 485 687 590 724; x_wconf 90' lang='lat' dir='ltr'><strong>sario</strong></span> <span class='ocrx_word' id='word_1_63' title='bbox 630 688 846 734; x_wconf 79' lang='lat' dir='ltr'><strong>obtinebit3</strong></span> <span class='ocrx_word' id='word_1_64' title='bbox 887 697 923 725; x_wconf 88' lang='lat' dir='ltr'><strong>et</strong></span> <span class='ocrx_word' id='word_1_65' title='bbox 962 698 1056 725; x_wconf 89' lang='lat' dir='ltr'><strong>tunc</strong></span> <span class='ocrx_word' id='word_1_66' title='bbox 1095 690 1222 725; x_wconf 88' lang='lat' dir='ltr'><strong>solum</strong></span> <span class='ocrx_word' id='word_1_67' title='bbox 1265 689 1363 738; x_wconf 91' lang='lat' dir='ltr'><strong>petit</strong></span> <span class='ocrx_word' id='word_1_68' title='bbox 1402 690 1441 725; x_wconf 86' lang='lat' dir='ltr'><strong>in</strong></span> <span class='ocrx_word' id='word_1_69' title='bbox 1479 689 1643 726; x_wconf 89' lang='lat' dir='ltr'><strong>nomine</strong></span> <span class='ocrx_word' id='word_1_70' title='bbox 1685 688 1793 725; x_wconf 91' lang='lat' dir='ltr'><strong>verbi</strong></span> 
     </span>
     <span class='ocr_line' id='line_1_16' title="bbox 486 745 1795 797; baseline 0.002 -16"><span class='ocrx_word' id='word_1_71' title='bbox 486 745 570 782; x_wconf 90' lang='lat' dir='ltr'><strong>Dei.</strong></span> <span class='ocrx_word' id='word_1_72' title='bbox 620 747 734 782; x_wconf 87' lang='lat' dir='ltr'><strong>Unde</strong></span> <span class='ocrx_word' id='word_1_73' title='bbox 773 746 966 783; x_wconf 85' lang='lat' dir='ltr'><strong>Johannis</strong></span> <span class='ocrx_word' id='word_1_74' title='bbox 1011 749 1113 793; x_wconf 76' lang='lat' dir='ltr'>XV0‚</span> <span class='ocrx_word' id='word_1_75' title='bbox 1158 760 1223 792; x_wconf 88' lang='lat'><strong>17:</strong></span> <span class='ocrx_word' id='word_1_76' title='bbox 1277 748 1319 783; x_wconf 82' lang='lat' dir='ltr'><strong>Si</strong></span> <span class='ocrx_word' id='word_1_77' title='bbox 1359 748 1558 797; x_wconf 77' lang='lat' dir='ltr'><strong>quicquam</strong></span> <span class='ocrx_word' id='word_1_78' title='bbox 1598 747 1795 797; x_wconf 77' lang='lat' dir='ltr'><strong>pecieritis</strong></span> 
     </span>
     <span class='ocr_line' id='line_1_17' title="bbox 481 804 1792 854; baseline 0.002 -16"><span class='ocrx_word' id='word_1_79' title='bbox 481 811 634 852; x_wconf 79' lang='lat' dir='ltr'><strong>patrem</strong></span> <span class='ocrx_word' id='word_1_80' title='bbox 669 804 704 839; x_wconf 87' lang='lat' dir='ltr'><strong>in</strong></span> <span class='ocrx_word' id='word_1_81' title='bbox 738 804 888 841; x_wconf 81' lang='lat' dir='ltr'><strong>nomine</strong></span> <span class='ocrx_word' id='word_1_82' title='bbox 910 817 1005 849; x_wconf 83' lang='lat' dir='ltr'><strong>meo,</strong></span> <span class='ocrx_word' id='word_1_83' title='bbox 1029 806 1133 840; x_wconf 77' lang='lat' dir='ltr'><strong>dabit</strong></span> <span class='ocrx_word' id='word_1_84' title='bbox 1158 805 1272 841; x_wconf 74' lang='lat' dir='ltr'><strong>vobis.</strong></span> <span class='ocrx_word' id='word_1_85' title='bbox 1308 807 1674 854; x_wconf 85' lang='lat' dir='ltr'><strong>Quantumcunque</strong></span> <span class='ocrx_word' id='word_1_86' title='bbox 1698 817 1792 852; x_wconf 82' lang='lat' dir='ltr'><strong>ergo</strong></span> 
     </span>
     <span class='ocr_line' id='line_1_18' title="bbox 485 861 1793 911; baseline 0 -14"><span class='ocrx_word' id='word_1_87' title='bbox 485 874 603 897; x_wconf 87' lang='lat' dir='ltr'><strong>orans</strong></span> <span class='ocrx_word' id='word_1_88' title='bbox 637 861 806 909; x_wconf 89' lang='lat' dir='ltr'><strong>petitum</strong></span> <span class='ocrx_word' id='word_1_89' title='bbox 839 875 919 899; x_wconf 91' lang='lat' dir='ltr'><strong>non</strong></span> <span class='ocrx_word' id='word_1_90' title='bbox 952 862 1154 911; x_wconf 79' lang='lat' dir='ltr'><strong>impetrat,</strong></span> <span class='ocrx_word' id='word_1_91' title='bbox 1189 862 1288 899; x_wconf 87' lang='lat' dir='ltr'><strong>sciat</strong></span> <span class='ocrx_word' id='word_1_92' title='bbox 1312 864 1418 910; x_wconf 90' lang='lat' dir='ltr'><strong>quod</strong></span> <span class='ocrx_word' id='word_1_93' title='bbox 1452 863 1548 899; x_wconf 86' lang='lat' dir='ltr'><strong>illud</strong></span> <span class='ocrx_word' id='word_1_94' title='bbox 1582 876 1662 899; x_wconf 87' lang='lat' dir='ltr'><strong>non</strong></span> <span class='ocrx_word' id='word_1_95' title='bbox 1695 862 1793 910; x_wconf 88' lang='lat' dir='ltr'><strong>petit</strong></span> 
     </span>
     <span class='ocr_line' id='line_1_19' title="bbox 485 919 1852 958; baseline 0.004 -3"><span class='ocrx_word' id='word_1_96' title='bbox 485 919 524 955; x_wconf 91' lang='lat' dir='ltr'><strong>in</strong></span> <span class='ocrx_word' id='word_1_97' title='bbox 556 919 720 956; x_wconf 88' lang='lat' dir='ltr'><strong>nomine</strong></span> <span class='ocrx_word' id='word_1_98' title='bbox 751 919 842 957; x_wconf 89' lang='lat' dir='ltr'><strong>Jesu</strong></span> <span class='ocrx_word' id='word_1_99' title='bbox 877 920 1037 958; x_wconf 89' lang='lat' dir='ltr'><strong>Christi.</strong></span> <span class='ocrx_word' id='word_1_100' title='bbox 1814 934 1852 955; x_wconf 79' lang='lat'><strong>10</strong></span> 
     </span>
    </p>

    <p class='ocr_par' dir='ltr' id='par_1_9' title="bbox 485 977 1852 1605">
     <span class='ocr_line' id='line_1_20' title="bbox 543 977 1792 1023; baseline 0 -10"><span class='ocrx_word' id='word_1_101' title='bbox 543 979 743 1014; x_wconf 88' lang='lat' dir='ltr'><strong>Debemus</strong></span> <span class='ocrx_word' id='word_1_102' title='bbox 777 978 902 1015; x_wconf 88' lang='lat' dir='ltr'><strong>eciam</strong></span> <span class='ocrx_word' id='word_1_103' title='bbox 937 979 977 1014; x_wconf 90' lang='lat' dir='ltr'><strong>in</strong></span> <span class='ocrx_word' id='word_1_104' title='bbox 1009 978 1266 1015; x_wconf 81' lang='lat' dir='ltr'><strong>oracionibus</strong></span> <span class='ocrx_word' id='word_1_105' title='bbox 1300 991 1383 1015; x_wconf 88' lang='lat' dir='ltr'><strong>esse</strong></span> <span class='ocrx_word' id='word_1_106' title='bbox 1413 978 1590 1015; x_wconf 90' lang='lat' dir='ltr'><strong>eiusdem</strong></span> <span class='ocrx_word' id='word_1_107' title='bbox 1614 977 1792 1023; x_wconf 81' lang='lat' dir='ltr'><strong>affectus,</strong></span> 
     </span>
     <span class='ocr_line' id='line_1_21' title="bbox 485 1034 1794 1085; baseline 0 -14"><span class='ocrx_word' id='word_1_108' title='bbox 485 1034 577 1084; x_wconf 88' lang='lat' dir='ltr'><strong>quia</strong></span> <span class='ocrx_word' id='word_1_109' title='bbox 613 1035 747 1072; x_wconf 80' lang='lat' dir='ltr'><strong>divino</strong></span> <span class='ocrx_word' id='word_1_110' title='bbox 780 1036 1034 1085; x_wconf 88' lang='lat' dir='ltr'><strong>beneplacito</strong></span> <span class='ocrx_word' id='word_1_111' title='bbox 1069 1036 1328 1081; x_wconf 85' lang='lat' dir='ltr'><strong>conformari,</strong></span> <span class='ocrx_word' id='word_1_112' title='bbox 1353 1036 1445 1085; x_wconf 88' lang='lat' dir='ltr'><strong>quia</strong></span> <span class='ocrx_word' id='word_1_113' title='bbox 1480 1036 1595 1073; x_wconf 86' lang='lat' dir='ltr'><strong>aliter</strong></span> <span class='ocrx_word' id='word_1_114' title='bbox 1618 1035 1794 1072; x_wconf 87' lang='lat' dir='ltr'><strong>indebite</strong></span> 
     </span>
     <span class='ocr_line' id='line_1_22' title="bbox 485 1093 1795 1142; baseline 0 -13"><span class='ocrx_word' id='word_1_115' title='bbox 485 1093 707 1130; x_wconf 85' lang='lat' dir='ltr'><strong>diceremus</strong></span> <span class='ocrx_word' id='word_1_116' title='bbox 746 1094 986 1142; x_wconf 84' lang='lat' dir='ltr'><strong>peticionem</strong></span> <span class='ocrx_word' id='word_1_117' title='bbox 1027 1094 1215 1131; x_wconf 83' lang='lat' dir='ltr'><strong>terciam:</strong></span> <span class='ocrx_word' id='word_1_118' title='bbox 1254 1095 1343 1130; x_wconf 76' lang='lat' dir='ltr'><strong>Fiat</strong></span> <span class='ocrx_word' id='word_1_119' title='bbox 1382 1095 1556 1130; x_wconf 75' lang='lat' dir='ltr'><strong>voluntas</strong></span> <span class='ocrx_word' id='word_1_120' title='bbox 1589 1102 1665 1139; x_wconf 81' lang='lat' dir='ltr'><strong>tua,</strong></span> <span class='ocrx_word' id='word_1_121' title='bbox 1698 1094 1795 1130; x_wconf 86' lang='lat' dir='ltr'><strong>sicut</strong></span> 
     </span>
     <span class='ocr_line' id='line_1_23' title="bbox 485 1150 1794 1200; baseline -0.001 -13"><span class='ocrx_word' id='word_1_122' title='bbox 485 1152 520 1187; x_wconf 81' lang='lat' dir='ltr'><strong>in</strong></span> <span class='ocrx_word' id='word_1_123' title='bbox 552 1152 632 1188; x_wconf 88' lang='lat' dir='ltr'><strong>celo</strong></span> <span class='ocrx_word' id='word_1_124' title='bbox 665 1159 700 1188; x_wconf 83' lang='lat' dir='ltr'><strong>et</strong></span> <span class='ocrx_word' id='word_1_125' title='bbox 732 1152 768 1188; x_wconf 85' lang='lat' dir='ltr'><strong>in</strong></span> <span class='ocrx_word' id='word_1_126' title='bbox 801 1160 931 1198; x_wconf 79' lang='lat' dir='ltr'><strong>terra;</strong></span> <span class='ocrx_word' id='word_1_127' title='bbox 969 1162 1004 1189; x_wconf 90' lang='lat' dir='ltr'><strong>et</strong></span> <span class='ocrx_word' id='word_1_128' title='bbox 1044 1166 1131 1189; x_wconf 92' lang='lat' dir='ltr'><strong>cum</strong></span> <span class='ocrx_word' id='word_1_129' title='bbox 1167 1152 1234 1189; x_wconf 89' lang='lat' dir='ltr'><strong>illa</strong></span> <span class='ocrx_word' id='word_1_130' title='bbox 1266 1152 1413 1200; x_wconf 88' lang='lat' dir='ltr'><strong>peticio</strong></span> <span class='ocrx_word' id='word_1_131' title='bbox 1446 1154 1594 1189; x_wconf 86' lang='lat' dir='ltr'><strong>Sancto</strong></span> <span class='ocrx_word' id='word_1_132' title='bbox 1628 1150 1794 1200; x_wconf 88' lang='lat' dir='ltr'><strong>Spiritui</strong></span> 
     </span>
     <span class='ocr_line' id='line_1_24' title="bbox 486 1209 1850 1259; baseline -0.001 -14"><span class='ocrx_word' id='word_1_133' title='bbox 486 1211 788 1257; x_wconf 77' lang='lat' dir='ltr'><strong>correspondet,</strong></span> <span class='ocrx_word' id='word_1_134' title='bbox 814 1219 923 1258; x_wconf 88' lang='lat' dir='ltr'><strong>patet</strong></span> <span class='ocrx_word' id='word_1_135' title='bbox 947 1224 1065 1259; x_wconf 89' lang='lat' dir='ltr'><strong>quam</strong></span> <span class='ocrx_word' id='word_1_136' title='bbox 1093 1210 1207 1247; x_wconf 88' lang='lat' dir='ltr'><strong>multi</strong></span> <span class='ocrx_word' id='word_1_137' title='bbox 1236 1223 1317 1247; x_wconf 89' lang='lat' dir='ltr'><strong>non</strong></span> <span class='ocrx_word' id='word_1_138' title='bbox 1341 1219 1457 1247; x_wconf 87' lang='lat' dir='ltr'><strong>orant</strong></span> <span class='ocrx_word' id='word_1_139' title='bbox 1480 1210 1520 1246; x_wconf 92' lang='lat' dir='ltr'><strong>in</strong></span> <span class='ocrx_word' id='word_1_140' title='bbox 1543 1210 1612 1246; x_wconf 91' lang='lat' dir='ltr'><strong>illo</strong></span> <span class='ocrx_word' id='word_1_141' title='bbox 1636 1209 1792 1258; x_wconf 86' lang='lat' dir='ltr'><strong>spiritu,</strong></span> <span class='ocrx_word' id='word_1_142' title='bbox 1814 1212 1850 1244; x_wconf 88' lang='lat'><strong>15</strong></span> 
     </span>
     <span class='ocr_line' id='line_1_25' title="bbox 486 1267 1794 1305; baseline -0.001 -2"><span class='ocrx_word' id='word_1_143' title='bbox 486 1276 522 1304; x_wconf 89' lang='lat' dir='ltr'><strong>et</strong></span> <span class='ocrx_word' id='word_1_144' title='bbox 555 1267 611 1304; x_wconf 88' lang='lat' dir='ltr'><strong>sic</strong></span> <span class='ocrx_word' id='word_1_145' title='bbox 645 1268 759 1304; x_wconf 87' lang='lat' dir='ltr'><strong>multi</strong></span> <span class='ocrx_word' id='word_1_146' title='bbox 789 1268 994 1305; x_wconf 88' lang='lat' dir='ltr'><strong>intellectu</strong></span> <span class='ocrx_word' id='word_1_147' title='bbox 1023 1278 1060 1305; x_wconf 90' lang='lat' dir='ltr'><strong>et</strong></span> <span class='ocrx_word' id='word_1_148' title='bbox 1084 1269 1228 1305; x_wconf 87' lang='lat' dir='ltr'><strong>affectu</strong></span> <span class='ocrx_word' id='word_1_149' title='bbox 1253 1268 1444 1305; x_wconf 90' lang='lat' dir='ltr'><strong>contrarii</strong></span> <span class='ocrx_word' id='word_1_150' title='bbox 1469 1268 1650 1304; x_wconf 85' lang='lat' dir='ltr'><strong>localiter</strong></span> <span class='ocrx_word' id='word_1_151' title='bbox 1673 1267 1794 1303; x_wconf 87' lang='lat' dir='ltr'><strong>simul</strong></span> 
     </span>
     <span class='ocr_line' id='line_1_26' title="bbox 486 1325 1794 1374; baseline 0 -13"><span class='ocrx_word' id='word_1_152' title='bbox 486 1334 615 1371; x_wconf 88' lang='lat' dir='ltr'><strong>orant,</strong></span> <span class='ocrx_word' id='word_1_153' title='bbox 668 1327 736 1362; x_wconf 90' lang='lat' dir='ltr'><strong>sed</strong></span> <span class='ocrx_word' id='word_1_154' title='bbox 787 1335 953 1374; x_wconf 88' lang='lat' dir='ltr'><strong>propter</strong></span> <span class='ocrx_word' id='word_1_155' title='bbox 997 1326 1325 1363; x_wconf 86' lang='lat' dir='ltr'><strong>contrarietatem</strong></span> <span class='ocrx_word' id='word_1_156' title='bbox 1371 1325 1533 1374; x_wconf 88' lang='lat' dir='ltr'><strong>spiritus</strong></span> <span class='ocrx_word' id='word_1_157' title='bbox 1577 1338 1658 1362; x_wconf 90' lang='lat' dir='ltr'><strong>non</strong></span> <span class='ocrx_word' id='word_1_158' title='bbox 1703 1333 1794 1361; x_wconf 89' lang='lat' dir='ltr'><strong>sunt</strong></span> 
     </span>
     <span class='ocr_line' id='line_1_27' title="bbox 485 1383 1793 1432; baseline 0 -13"><span class='ocrx_word' id='word_1_159' title='bbox 485 1384 574 1432; x_wconf 82' lang='lat' dir='ltr'><strong>plus</strong></span> <span class='ocrx_word' id='word_1_160' title='bbox 608 1396 728 1432; x_wconf 91' lang='lat' dir='ltr'><strong>quam</strong></span> <span class='ocrx_word' id='word_1_161' title='bbox 763 1396 880 1420; x_wconf 87' lang='lat' dir='ltr'><strong>canes</strong></span> <span class='ocrx_word' id='word_1_162' title='bbox 919 1385 1112 1421; x_wconf 86' lang='lat' dir='ltr'><strong>bellantes</strong></span> <span class='ocrx_word' id='word_1_163' title='bbox 1151 1384 1191 1420; x_wconf 90' lang='lat' dir='ltr'><strong>in</strong></span> <span class='ocrx_word' id='word_1_164' title='bbox 1237 1385 1377 1421; x_wconf 86' lang='lat' dir='ltr'><strong>eodem</strong></span> <span class='ocrx_word' id='word_1_165' title='bbox 1423 1384 1560 1420; x_wconf 91' lang='lat' dir='ltr'><strong>saculo</strong></span> <span class='ocrx_word' id='word_1_166' title='bbox 1601 1383 1793 1428; x_wconf 77' lang='lat' dir='ltr'><strong>exauditi3</strong></span> 
     </span>
     <span class='ocr_line' id='line_1_28' title="bbox 486 1440 1794 1491; baseline -0.002 -13"><span class='ocrx_word' id='word_1_167' title='bbox 486 1454 556 1489; x_wconf 88' lang='lat' dir='ltr'><strong>per</strong></span> <span class='ocrx_word' id='word_1_168' title='bbox 594 1440 670 1478; x_wconf 89' lang='lat' dir='ltr'><strong>ista</strong></span> <span class='ocrx_word' id='word_1_169' title='bbox 708 1454 883 1491; x_wconf 85' lang='lat' dir='ltr'><strong>namque</strong></span> <span class='ocrx_word' id='word_1_170' title='bbox 924 1442 1193 1479; x_wconf 88' lang='lat' dir='ltr'><strong>communiter</strong></span> <span class='ocrx_word' id='word_1_171' title='bbox 1232 1442 1369 1478; x_wconf 88' lang='lat' dir='ltr'><strong>oracio</strong></span> <span class='ocrx_word' id='word_1_172' title='bbox 1415 1450 1471 1478; x_wconf 86' lang='lat' dir='ltr'><strong>est</strong></span> <span class='ocrx_word' id='word_1_173' title='bbox 1517 1442 1693 1478; x_wconf 89' lang='lat' dir='ltr'><strong>confusa.</strong></span> <span class='ocrx_word' id='word_1_174' title='bbox 1747 1443 1794 1476; x_wconf 90' lang='lat' dir='ltr'><strong>Et</strong></span> 
     </span>
     <span class='ocr_line' id='line_1_29' title="bbox 486 1499 1852 1548; baseline -0.001 -13"><span class='ocrx_word' id='word_1_175' title='bbox 486 1501 624 1536; x_wconf 89' lang='lat' dir='ltr'><strong>eadem</strong></span> <span class='ocrx_word' id='word_1_176' title='bbox 666 1508 722 1536; x_wconf 90' lang='lat' dir='ltr'><strong>est</strong></span> <span class='ocrx_word' id='word_1_177' title='bbox 761 1500 1036 1537; x_wconf 88' lang='lat' dir='ltr'><strong>consideracio</strong></span> <span class='ocrx_word' id='word_1_178' title='bbox 1076 1500 1107 1537; x_wconf 89' lang='lat' dir='ltr'><strong>si</strong></span> <span class='ocrx_word' id='word_1_179' title='bbox 1145 1499 1280 1548; x_wconf 87' lang='lat' dir='ltr'><strong>aliqua</strong></span> <span class='ocrx_word' id='word_1_180' title='bbox 1318 1512 1489 1548; x_wconf 88' lang='lat' dir='ltr'><strong>persona</strong></span> <span class='ocrx_word' id='word_1_181' title='bbox 1528 1499 1567 1535; x_wconf 93' lang='lat' dir='ltr'><strong>in</strong></span> <span class='ocrx_word' id='word_1_182' title='bbox 1607 1499 1796 1536; x_wconf 89' lang='lat' dir='ltr'><strong>oracione</strong></span> <span class='ocrx_word' id='word_1_183' title='bbox 1811 1513 1852 1534; x_wconf 76' lang='lat'><strong>20</strong></span> 
     </span>
     <span class='ocr_line' id='line_1_30' title="bbox 486 1557 1242 1605; baseline 0.003 -13"><span class='ocrx_word' id='word_1_184' title='bbox 486 1557 603 1594; x_wconf 90' lang='lat' dir='ltr'><strong>fuerit</strong></span> <span class='ocrx_word' id='word_1_185' title='bbox 636 1558 889 1605; x_wconf 87' lang='lat' dir='ltr'><strong>beneplacito</strong></span> <span class='ocrx_word' id='word_1_186' title='bbox 923 1559 994 1595; x_wconf 86' lang='lat' dir='ltr'><strong>Dei</strong></span> <span class='ocrx_word' id='word_1_187' title='bbox 1028 1558 1242 1595; x_wconf 83' lang='lat' dir='ltr'><strong>contraria.</strong></span> 
     </span>
    </p>

    <p class='ocr_par' dir='ltr' id='par_1_10' title="bbox 486 1614 1852 2647">
     <span class='ocr_line' id='line_1_31' title="bbox 543 1614 1795 1664; baseline -0.001 -13"><span class='ocrx_word' id='word_1_188' title='bbox 543 1615 760 1664; x_wconf 80' lang='lat' dir='ltr'><strong>Exequitur</strong></span> <span class='ocrx_word' id='word_1_189' title='bbox 783 1625 916 1652; x_wconf 85' lang='lat' dir='ltr'><strong>autem</strong></span> <span class='ocrx_word' id='word_1_190' title='bbox 942 1619 1079 1653; x_wconf 85' lang='lat' dir='ltr'><strong>Petrus</strong></span> <span class='ocrx_word' id='word_1_191' title='bbox 1110 1615 1398 1664; x_wconf 88' lang='lat' dir='ltr'><strong>disposiciones</strong></span> <span class='ocrx_word' id='word_1_192' title='bbox 1431 1614 1674 1652; x_wconf 85' lang='lat' dir='ltr'><strong>necessarias</strong></span> <span class='ocrx_word' id='word_1_193' title='bbox 1707 1627 1795 1650; x_wconf 88' lang='lat' dir='ltr'><strong>ora-</strong></span> 
     </span>
     <span class='ocr_line' id='line_1_32' title="bbox 486 1671 1794 1723; baseline -0.002 -14"><span class='ocrx_word' id='word_1_194' title='bbox 486 1673 577 1717; x_wconf 70' lang='lat' dir='ltr'><strong>tori,</strong></span> <span class='ocrx_word' id='word_1_195' title='bbox 601 1683 642 1709; x_wconf 91' lang='lat' dir='ltr'><strong>ut</strong></span> <span class='ocrx_word' id='word_1_196' title='bbox 665 1674 935 1710; x_wconf 86' lang='lat' dir='ltr'><strong>necessarium</strong></span> <span class='ocrx_word' id='word_1_197' title='bbox 960 1684 1015 1711; x_wconf 90' lang='lat' dir='ltr'><strong>est</strong></span> <span class='ocrx_word' id='word_1_198' title='bbox 1040 1676 1147 1723; x_wconf 90' lang='lat' dir='ltr'><strong>quod</strong></span> <span class='ocrx_word' id='word_1_199' title='bbox 1170 1683 1308 1722; x_wconf 87' lang='lat' dir='ltr'><strong>petens</strong></span> <span class='ocrx_word' id='word_1_200' title='bbox 1332 1673 1550 1722; x_wconf 82' lang='lat' dir='ltr'><strong>quidquam</strong></span> <span class='ocrx_word' id='word_1_201' title='bbox 1576 1686 1598 1709; x_wconf 89' lang='lat' dir='ltr'><strong>a</strong></span> <span class='ocrx_word' id='word_1_202' title='bbox 1621 1671 1794 1709; x_wconf 88' lang='lat' dir='ltr'><strong>Domino</strong></span> 
     </span>
     <span class='ocr_line' id='line_1_33' title="bbox 486 1729 1793 1781; baseline -0.002 -14"><span class='ocrx_word' id='word_1_203' title='bbox 486 1731 536 1767; x_wconf 89' lang='lat' dir='ltr'><strong>sit</strong></span> <span class='ocrx_word' id='word_1_204' title='bbox 569 1732 808 1781; x_wconf 77' lang='lat' dir='ltr'><strong>compaciens</strong></span> <span class='ocrx_word' id='word_1_205' title='bbox 847 1733 958 1769; x_wconf 88' lang='lat' dir='ltr'><strong>fratri</strong></span> <span class='ocrx_word' id='word_1_206' title='bbox 997 1746 1068 1769; x_wconf 90' lang='lat' dir='ltr'><strong>suo</strong></span> <span class='ocrx_word' id='word_1_207' title='bbox 1109 1733 1165 1780; x_wconf 85' lang='lat' dir='ltr'><strong>(ut</strong></span> <span class='ocrx_word' id='word_1_208' title='bbox 1198 1740 1308 1780; x_wconf 89' lang='lat' dir='ltr'><strong>patet</strong></span> <span class='ocrx_word' id='word_1_209' title='bbox 1347 1731 1386 1767; x_wconf 92' lang='lat' dir='ltr'><strong>in</strong></span> <span class='ocrx_word' id='word_1_210' title='bbox 1419 1731 1613 1779; x_wconf 84' lang='lat' dir='ltr'><strong>parabola</strong></span> <span class='ocrx_word' id='word_1_211' title='bbox 1647 1729 1793 1767; x_wconf 85' lang='lat' dir='ltr'><strong>Christi</strong></span> 
     </span>
     <span class='ocr_line' id='line_1_34' title="bbox 488 1787 1849 1837; baseline -0.001 -12"><span class='ocrx_word' id='word_1_212' title='bbox 488 1791 534 1825; x_wconf 91' lang='lat' dir='ltr'><strong>de</strong></span> <span class='ocrx_word' id='word_1_213' title='bbox 586 1789 720 1826; x_wconf 83' lang='lat' dir='ltr'><strong>villico</strong></span> <span class='ocrx_word' id='word_1_214' title='bbox 765 1790 932 1826; x_wconf 86' lang='lat' dir='ltr'><strong>Matthei</strong></span> <span class='ocrx_word' id='word_1_215' title='bbox 972 1792 1128 1836; x_wconf 59' lang='lat' dir='ltr'>XXIV».</span> <span class='ocrx_word' id='word_1_216' title='bbox 1182 1791 1295 1826; x_wconf 90' lang='lat' dir='ltr'><strong>Unde</strong></span> <span class='ocrx_word' id='word_1_217' title='bbox 1348 1791 1397 1825; x_wconf 89' lang='lat' dir='ltr'><strong>ad</strong></span> <span class='ocrx_word' id='word_1_218' title='bbox 1451 1787 1793 1837; x_wconf 88' lang='lat' dir='ltr'><strong>compacienciam</strong></span> <span class='ocrx_word' id='word_1_219' title='bbox 1811 1791 1849 1823; x_wconf 76' lang='lat'><strong>25</strong></span> 
     </span>
     <span class='ocr_line' id='line_1_35' title="bbox 486 1846 1794 1896; baseline -0.002 -13"><span class='ocrx_word' id='word_1_220' title='bbox 486 1847 651 1884; x_wconf 80' lang='lat' dir='ltr'><strong>viatoris</strong></span> <span class='ocrx_word' id='word_1_221' title='bbox 697 1848 915 1896; x_wconf 88' lang='lat' dir='ltr'><strong>requiritur</strong></span> <span class='ocrx_word' id='word_1_222' title='bbox 960 1848 999 1884; x_wconf 91' lang='lat' dir='ltr'><strong>in</strong></span> <span class='ocrx_word' id='word_1_223' title='bbox 1045 1861 1090 1884; x_wconf 91' lang='lat' dir='ltr'><strong>eo</strong></span> <span class='ocrx_word' id='word_1_224' title='bbox 1137 1846 1369 1896; x_wconf 76' lang='lat' dir='ltr'><strong>prudencia,</strong></span> <span class='ocrx_word' id='word_1_225' title='bbox 1416 1855 1457 1882; x_wconf 88' lang='lat' dir='ltr'><strong>ut</strong></span> <span class='ocrx_word' id='word_1_226' title='bbox 1503 1846 1794 1895; x_wconf 90' lang='lat' dir='ltr'><strong>compaciendo</strong></span> 
     </span>
     <span class='ocr_line' id='line_1_36' title="bbox 487 1903 1794 1954; baseline -0.002 -13"><span class='ocrx_word' id='word_1_227' title='bbox 487 1905 655 1950; x_wconf 82' lang='lat' dir='ltr'><strong>iniustis,</strong></span> <span class='ocrx_word' id='word_1_228' title='bbox 681 1907 813 1941; x_wconf 85' lang='lat' dir='ltr'><strong>dando</strong></span> <span class='ocrx_word' id='word_1_229' title='bbox 836 1905 1048 1954; x_wconf 88' lang='lat' dir='ltr'><strong>pecuniam</strong></span> <span class='ocrx_word' id='word_1_230' title='bbox 1075 1905 1267 1942; x_wconf 88' lang='lat' dir='ltr'><strong>mendicis</strong></span> <span class='ocrx_word' id='word_1_231' title='bbox 1290 1904 1431 1941; x_wconf 83' lang='lat' dir='ltr'><strong>validis</strong></span> <span class='ocrx_word' id='word_1_232' title='bbox 1452 1905 1512 1940; x_wconf 81' lang='lat' dir='ltr'><strong>vel</strong></span> <span class='ocrx_word' id='word_1_233' title='bbox 1536 1903 1794 1952; x_wconf 83' lang='lat' dir='ltr'><strong>peccantibus</strong></span> 
     </span>
     <span class='ocr_line' id='line_1_37' title="bbox 488 1961 1794 2012; baseline -0.002 -14"><span class='ocrx_word' id='word_1_234' title='bbox 488 1962 527 1999; x_wconf 93' lang='lat' dir='ltr'><strong>in</strong></span> <span class='ocrx_word' id='word_1_235' title='bbox 572 1976 812 2012; x_wconf 89' lang='lat' dir='ltr'><strong>quocunque</strong></span> <span class='ocrx_word' id='word_1_236' title='bbox 856 1964 935 2000; x_wconf 91' lang='lat' dir='ltr'><strong>alio</strong></span> <span class='ocrx_word' id='word_1_237' title='bbox 980 1976 1123 2012; x_wconf 73' lang='lat' dir='ltr'><strong>genere</strong></span> <span class='ocrx_word' id='word_1_238' title='bbox 1168 1962 1334 2011; x_wconf 89' lang='lat' dir='ltr'><strong>peccati.</strong></span> <span class='ocrx_word' id='word_1_239' title='bbox 1389 1962 1618 2010; x_wconf 83' lang='lat' dir='ltr'><strong>Requiritur</strong></span> <span class='ocrx_word' id='word_1_240' title='bbox 1663 1961 1794 2010; x_wconf 89' lang='lat' dir='ltr'><strong>primo</strong></span> 
     </span>
     <span class='ocr_line' id='line_1_38' title="bbox 488 2019 1794 2069; baseline -0.002 -12"><span class='ocrx_word' id='word_1_241' title='bbox 488 2020 716 2069; x_wconf 87' lang='lat' dir='ltr'><strong>compassio</strong></span> <span class='ocrx_word' id='word_1_242' title='bbox 757 2021 1030 2058; x_wconf 87' lang='lat' dir='ltr'><strong>misericordie</strong></span> <span class='ocrx_word' id='word_1_243' title='bbox 1068 2020 1300 2069; x_wconf 78' lang='lat' dir='ltr'><strong>spiritualis,</strong></span> <span class='ocrx_word' id='word_1_244' title='bbox 1341 2029 1383 2056; x_wconf 92' lang='lat' dir='ltr'><strong>ut</strong></span> <span class='ocrx_word' id='word_1_245' title='bbox 1414 2020 1598 2057; x_wconf 84' lang='lat' dir='ltr'><strong>videlicet</strong></span> <span class='ocrx_word' id='word_1_246' title='bbox 1639 2021 1688 2056; x_wconf 87' lang='lat' dir='ltr'><strong>ab</strong></span> <span class='ocrx_word' id='word_1_247' title='bbox 1727 2019 1794 2054; x_wconf 88' lang='lat' dir='ltr'><strong>illo</strong></span> 
     </span>
     <span class='ocr_line' id='line_1_39' title="bbox 488 2077 1852 2128; baseline -0.001 -14"><span class='ocrx_word' id='word_1_248' title='bbox 488 2078 655 2115; x_wconf 87' lang='lat' dir='ltr'><strong>crimine</strong></span> <span class='ocrx_word' id='word_1_249' title='bbox 695 2092 774 2128; x_wconf 88' lang='lat' dir='ltr'><strong>quo</strong></span> <span class='ocrx_word' id='word_1_250' title='bbox 807 2089 994 2127; x_wconf 73' lang='lat' dir='ltr'><strong>gravatur</strong></span> <span class='ocrx_word' id='word_1_251' title='bbox 1032 2079 1194 2127; x_wconf 84' lang='lat' dir='ltr'><strong>spiritus</strong></span> <span class='ocrx_word' id='word_1_252' title='bbox 1240 2079 1441 2114; x_wconf 91' lang='lat' dir='ltr'><strong>liberetur.</strong></span> <span class='ocrx_word' id='word_1_253' title='bbox 1487 2080 1535 2113; x_wconf 88' lang='lat' dir='ltr'><strong>Et</strong></span> <span class='ocrx_word' id='word_1_254' title='bbox 1574 2077 1665 2113; x_wconf 89' lang='lat' dir='ltr'><strong>hinc</strong></span> <span class='ocrx_word' id='word_1_255' title='bbox 1703 2089 1795 2124; x_wconf 87' lang='lat' dir='ltr'><strong>sepe</strong></span> <span class='ocrx_word' id='word_1_256' title='bbox 1810 2091 1852 2113; x_wconf 59' lang='grc' dir='ltr'><strong>»ο</strong></span> 
     </span>
     <span class='ocr_line' id='line_1_40' title="bbox 489 2134 1792 2186; baseline -0.002 -14"><span class='ocrx_word' id='word_1_257' title='bbox 489 2136 682 2184; x_wconf 75' lang='lat' dir='ltr'><strong>contingit</strong></span> <span class='ocrx_word' id='word_1_258' title='bbox 722 2139 827 2186; x_wconf 88' lang='lat' dir='ltr'><strong>quod</strong></span> <span class='ocrx_word' id='word_1_259' title='bbox 867 2137 956 2174; x_wconf 88' lang='lat' dir='ltr'><strong>talis</strong></span> <span class='ocrx_word' id='word_1_260' title='bbox 996 2137 1224 2185; x_wconf 87' lang='lat' dir='ltr'><strong>compassio</strong></span> <span class='ocrx_word' id='word_1_261' title='bbox 1263 2136 1429 2184; x_wconf 90' lang='lat' dir='ltr'><strong>requirit</strong></span> <span class='ocrx_word' id='word_1_262' title='bbox 1473 2134 1792 2172; x_wconf 88' lang='lat' dir='ltr'><strong>subtraccionem</strong></span> 
     </span>
     <span class='ocr_line' id='line_1_41' title="bbox 488 2192 1793 2243; baseline -0.003 -12"><span class='ocrx_word' id='word_1_263' title='bbox 488 2195 751 2242; x_wconf 86' lang='lat' dir='ltr'><strong>possessionis</strong></span> <span class='ocrx_word' id='word_1_264' title='bbox 799 2208 917 2243; x_wconf 86' lang='lat' dir='ltr'><strong>quam</strong></span> <span class='ocrx_word' id='word_1_265' title='bbox 965 2195 1142 2243; x_wconf 88' lang='lat' dir='ltr'><strong>possidet</strong></span> <span class='ocrx_word' id='word_1_266' title='bbox 1187 2194 1241 2231; x_wconf 87' lang='lat' dir='ltr'><strong>ita</strong></span> <span class='ocrx_word' id='word_1_267' title='bbox 1286 2207 1475 2242; x_wconf 80' lang='lat' dir='ltr'><strong>peccans;</strong></span> <span class='ocrx_word' id='word_1_268' title='bbox 1526 2206 1644 2229; x_wconf 86' lang='lat' dir='ltr'><strong>nemo</strong></span> <span class='ocrx_word' id='word_1_269' title='bbox 1690 2192 1793 2229; x_wconf 91' lang='lat' dir='ltr'><strong>enim</strong></span> 
     </span>
     <span class='ocr_line' id='line_1_42' title="bbox 489 2250 1795 2301; baseline -0.003 -12"><span class='ocrx_word' id='word_1_270' title='bbox 489 2254 604 2288; x_wconf 89' lang='lat' dir='ltr'><strong>debet</strong></span> <span class='ocrx_word' id='word_1_271' title='bbox 645 2255 816 2289; x_wconf 85' lang='lat' dir='ltr'><strong>multare</strong></span> <span class='ocrx_word' id='word_1_272' title='bbox 856 2252 1044 2301; x_wconf 86' lang='lat' dir='ltr'><strong>aliquem,</strong></span> <span class='ocrx_word' id='word_1_273' title='bbox 1086 2254 1241 2289; x_wconf 84' lang='lat' dir='ltr'><strong>auferre</strong></span> <span class='ocrx_word' id='word_1_274' title='bbox 1280 2254 1328 2288; x_wconf 90' lang='lat' dir='ltr'><strong>ab</strong></span> <span class='ocrx_word' id='word_1_275' title='bbox 1369 2265 1415 2288; x_wconf 87' lang='lat' dir='ltr'><strong>eo</strong></span> <span class='ocrx_word' id='word_1_276' title='bbox 1454 2251 1607 2300; x_wconf 88' lang='lat' dir='ltr'><strong>aliquid</strong></span> <span class='ocrx_word' id='word_1_277' title='bbox 1645 2250 1719 2286; x_wconf 89' lang='lat' dir='ltr'><strong>nisi</strong></span> <span class='ocrx_word' id='word_1_278' title='bbox 1753 2262 1795 2286; x_wconf 84' lang='lat' dir='ltr'><strong>ex</strong></span> 
     </span>
     <span class='ocr_line' id='line_1_43' title="bbox 489 2307 1795 2359; baseline -0.003 -12"><span class='ocrx_word' id='word_1_279' title='bbox 489 2311 655 2347; x_wconf 86' lang='lat' dir='ltr'><strong>caritate</strong></span> <span class='ocrx_word' id='word_1_280' title='bbox 689 2320 725 2347; x_wconf 89' lang='lat' dir='ltr'><strong>et</strong></span> <span class='ocrx_word' id='word_1_281' title='bbox 759 2311 977 2359; x_wconf 86' lang='lat' dir='ltr'><strong>prudencia</strong></span> <span class='ocrx_word' id='word_1_282' title='bbox 1013 2319 1238 2356; x_wconf 80' lang='lat' dir='ltr'><strong>rnoveatur3</strong></span> <span class='ocrx_word' id='word_1_283' title='bbox 1273 2318 1309 2346; x_wconf 94' lang='lat' dir='ltr'><strong>et</strong></span> <span class='ocrx_word' id='word_1_284' title='bbox 1339 2311 1388 2346; x_wconf 88' lang='lat' dir='ltr'><strong>ad</strong></span> <span class='ocrx_word' id='word_1_285' title='bbox 1422 2322 1543 2357; x_wconf 88' lang='lat' dir='ltr'><strong>opera</strong></span> <span class='ocrx_word' id='word_1_286' title='bbox 1576 2307 1795 2356; x_wconf 89' lang='lat' dir='ltr'><strong>spiritualis</strong></span> 
     </span>
     <span class='ocr_line' id='line_1_44' title="bbox 490 2365 1850 2417; baseline -0.003 -13"><span class='ocrx_word' id='word_1_287' title='bbox 490 2368 762 2405; x_wconf 87' lang='lat' dir='ltr'><strong>misericordie</strong></span> <span class='ocrx_word' id='word_1_288' title='bbox 786 2370 874 2417; x_wconf 88' lang='lat' dir='ltr'><strong>plus</strong></span> <span class='ocrx_word' id='word_1_289' title='bbox 898 2381 1017 2417; x_wconf 87' lang='lat' dir='ltr'><strong>quam</strong></span> <span class='ocrx_word' id='word_1_290' title='bbox 1049 2370 1096 2405; x_wconf 90' lang='lat' dir='ltr'><strong>ad</strong></span> <span class='ocrx_word' id='word_1_291' title='bbox 1122 2381 1244 2416; x_wconf 88' lang='lat' dir='ltr'><strong>opera</strong></span> <span class='ocrx_word' id='word_1_292' title='bbox 1275 2367 1496 2416; x_wconf 88' lang='lat' dir='ltr'><strong>corporalis</strong></span> <span class='ocrx_word' id='word_1_293' title='bbox 1522 2365 1795 2402; x_wconf 89' lang='lat' dir='ltr'><strong>misericordie</strong></span> <span class='ocrx_word' id='word_1_294' title='bbox 1812 2369 1850 2400; x_wconf 75' lang='lat'><strong>35</strong></span> 
     </span>
     <span class='ocr_line' id='line_1_45' title="bbox 490 2422 1796 2475; baseline -0.003 -12"><span class='ocrx_word' id='word_1_295' title='bbox 490 2428 605 2463; x_wconf 87' lang='lat' dir='ltr'><strong>debet</strong></span> <span class='ocrx_word' id='word_1_296' title='bbox 638 2428 813 2475; x_wconf 88' lang='lat' dir='ltr'><strong>prudens</strong></span> <span class='ocrx_word' id='word_1_297' title='bbox 846 2428 1065 2471; x_wconf 82' lang='lat' dir='ltr'><strong>attendere⁷</strong></span> <span class='ocrx_word' id='word_1_298' title='bbox 1100 2426 1192 2474; x_wconf 87' lang='lat' dir='ltr'><strong>quia</strong></span> <span class='ocrx_word' id='word_1_299' title='bbox 1226 2438 1348 2474; x_wconf 85' lang='lat' dir='ltr'><strong>opera</strong></span> <span class='ocrx_word' id='word_1_300' title='bbox 1388 2423 1609 2473; x_wconf 88' lang='lat' dir='ltr'><strong>corporalis</strong></span> <span class='ocrx_word' id='word_1_301' title='bbox 1643 2422 1796 2460; x_wconf 88' lang='lat' dir='ltr'><strong>miseri-</strong></span> 
     </span>
     <span class='ocr_line' id='line_1_46' title="bbox 489 2480 1796 2532; baseline -0.003 -12"><span class='ocrx_word' id='word_1_302' title='bbox 489 2485 624 2521; x_wconf 89' lang='lat' dir='ltr'><strong>cordie</strong></span> <span class='ocrx_word' id='word_1_303' title='bbox 662 2498 742 2521; x_wconf 91' lang='lat' dir='ltr'><strong>non</strong></span> <span class='ocrx_word' id='word_1_304' title='bbox 782 2494 872 2521; x_wconf 88' lang='lat' dir='ltr'><strong>sunt</strong></span> <span class='ocrx_word' id='word_1_305' title='bbox 904 2484 1018 2520; x_wconf 87' lang='lat' dir='ltr'><strong>utilia</strong></span> <span class='ocrx_word' id='word_1_306' title='bbox 1050 2484 1125 2520; x_wconf 91' lang='lat' dir='ltr'><strong>nisi</strong></span> <span class='ocrx_word' id='word_1_307' title='bbox 1159 2485 1206 2519; x_wconf 90' lang='lat' dir='ltr'><strong>de</strong></span> <span class='ocrx_word' id='word_1_308' title='bbox 1239 2492 1389 2532; x_wconf 88' lang='lat' dir='ltr'><strong>quanto</strong></span> <span class='ocrx_word' id='word_1_309' title='bbox 1423 2495 1545 2531; x_wconf 88' lang='lat' dir='ltr'><strong>opera</strong></span> <span class='ocrx_word' id='word_1_310' title='bbox 1578 2480 1796 2530; x_wconf 86' lang='lat' dir='ltr'><strong>spiritualis</strong></span> 
     </span>
     <span class='ocr_line' id='line_1_47' title="bbox 490 2539 1795 2590; baseline -0.002 -13"><span class='ocrx_word' id='word_1_311' title='bbox 490 2542 763 2579; x_wconf 88' lang='lat' dir='ltr'><strong>misericordie</strong></span> <span class='ocrx_word' id='word_1_312' title='bbox 787 2550 1111 2590; x_wconf 79' lang='lat' dir='ltr'><strong>presupponunt3</strong></span> <span class='ocrx_word' id='word_1_313' title='bbox 1146 2554 1237 2577; x_wconf 85' lang='lat' dir='ltr'><strong>nam</strong></span> <span class='ocrx_word' id='word_1_314' title='bbox 1261 2541 1409 2577; x_wconf 88' lang='lat' dir='ltr'><strong>notatis</strong></span> <span class='ocrx_word' id='word_1_315' title='bbox 1433 2549 1583 2588; x_wconf 90' lang='lat' dir='ltr'><strong>septem</strong></span> <span class='ocrx_word' id='word_1_316' title='bbox 1609 2539 1795 2587; x_wconf 90' lang='lat' dir='ltr'><strong>operibus</strong></span> 
     </span>
     <span class='ocr_line' id='line_1_48' title="bbox 490 2597 1795 2647; baseline -0.003 -11"><span class='ocrx_word' id='word_1_317' title='bbox 490 2600 712 2647; x_wconf 87' lang='lat' dir='ltr'><strong>corporalis</strong></span> <span class='ocrx_word' id='word_1_318' title='bbox 753 2600 1028 2636; x_wconf 87' lang='lat' dir='ltr'><strong>misericordie</strong></span> <span class='ocrx_word' id='word_1_319' title='bbox 1066 2608 1175 2647; x_wconf 88' lang='lat' dir='ltr'><strong>patet</strong></span> <span class='ocrx_word' id='word_1_320' title='bbox 1216 2600 1322 2647; x_wconf 87' lang='lat' dir='ltr'><strong>quod</strong></span> <span class='ocrx_word' id='word_1_321' title='bbox 1367 2599 1451 2646; x_wconf 88' lang='lat' dir='ltr'><strong>ipsa</strong></span> <span class='ocrx_word' id='word_1_322' title='bbox 1495 2610 1566 2646; x_wconf 89' lang='lat' dir='ltr'><strong>per</strong></span> <span class='ocrx_word' id='word_1_323' title='bbox 1610 2597 1795 2634; x_wconf 88' lang='lat' dir='ltr'><strong>accidens</strong></span> 
     </span>
    </p>
   </div>
   <div class='ocr_carea' id='block_1_9' title="bbox 490 2654 1852 2731">
    <p class='ocr_par' dir='ltr' id='par_1_11' title="bbox 490 2654 1852 2731">
     <span class='ocr_line' id='line_1_49' title="bbox 490 2654 1852 2705; baseline -0.003 -11"><span class='ocrx_word' id='word_1_324' title='bbox 490 2667 581 2693; x_wconf 86' lang='lat' dir='ltr'><strong>sunt</strong></span> <span class='ocrx_word' id='word_1_325' title='bbox 621 2657 792 2703; x_wconf 85' lang='lat' dir='ltr'><strong>habitus,</strong></span> <span class='ocrx_word' id='word_1_326' title='bbox 834 2671 922 2694; x_wconf 90' lang='lat' dir='ltr'><strong>cum</strong></span> <span class='ocrx_word' id='word_1_327' title='bbox 965 2659 1085 2694; x_wconf 89' lang='lat' dir='ltr'><strong>homo</strong></span> <span class='ocrx_word' id='word_1_328' title='bbox 1119 2665 1251 2705; x_wconf 87' lang='lat' dir='ltr'><strong>potest</strong></span> <span class='ocrx_word' id='word_1_329' title='bbox 1284 2657 1489 2704; x_wconf 88' lang='lat' dir='ltr'><strong>peccando</strong></span> <span class='ocrx_word' id='word_1_330' title='bbox 1522 2655 1561 2691; x_wconf 88' lang='lat' dir='ltr'><strong>in</strong></span> <span class='ocrx_word' id='word_1_331' title='bbox 1594 2654 1791 2691; x_wconf 87' lang='lat' dir='ltr'><strong>datarium</strong></span> <span class='ocrx_word' id='word_1_332' title='bbox 1807 2667 1852 2698; x_wconf 87' lang='lat'><strong>40</strong></span> 
     </span>
     <span class='ocr_line' id='line_1_50' title="bbox 708 2716 724 2731; baseline 0 0"><span class='ocrx_word' id='word_1_333' title='bbox 708 2716 724 2731; x_wconf 58' lang='grc' dir='ltr'><strong><em>Β</em></strong></span> 
     </span>
    </p>
   </div>
   <div class='ocr_carea' id='block_1_10' title="bbox 490 2788 1794 2859">
    <p class='ocr_par' dir='ltr' id='par_1_12' title="bbox 490 2788 1794 2859">
     <span class='ocr_line' id='line_1_51' title="bbox 562 2788 1792 2823; baseline -0.003 -5"><span class='ocrx_word' id='word_1_334' title='bbox 562 2798 586 2818; x_wconf 84' lang='lat'><strong>2.</strong></span> <span class='ocrx_word' id='word_1_335' title='bbox 609 2791 703 2818; x_wconf 80' lang='lat' dir='ltr'><strong>Cod.:</strong></span> <span class='ocrx_word' id='word_1_336' title='bbox 725 2791 906 2818; x_wconf 78' lang='lat' dir='ltr'><strong>dissessum.</strong></span> <span class='ocrx_word' id='word_1_337' title='bbox 972 2798 1008 2818; x_wconf 75' lang='lat'><strong>12.</strong></span> <span class='ocrx_word' id='word_1_338' title='bbox 1031 2790 1235 2823; x_wconf 76' lang='lat' dir='ltr'><strong>conformari3</strong></span> <span class='ocrx_word' id='word_1_339' title='bbox 1257 2790 1369 2817; x_wconf 83' lang='lat' dir='ltr'><strong>scilicet</strong></span> <span class='ocrx_word' id='word_1_340' title='bbox 1390 2789 1547 2816; x_wconf 78' lang='lat' dir='ltr'><strong>debemus.</strong></span> <span class='ocrx_word' id='word_1_341' title='bbox 1609 2796 1654 2815; x_wconf 82' lang='lat'><strong>20.</strong></span> <span class='ocrx_word' id='word_1_342' title='bbox 1677 2788 1792 2822; x_wconf 79' lang='lat' dir='ltr'><strong>aliqua;</strong></span> 
     </span>
     <span class='ocr_line' id='line_1_52' title="bbox 490 2823 1794 2859; baseline -0.004 -6"><span class='ocrx_word' id='word_1_343' title='bbox 490 2827 574 2853; x_wconf 82' lang='lat' dir='ltr'><strong>cod.:</strong></span> <span class='ocrx_word' id='word_1_344' title='bbox 597 2827 623 2852; x_wconf 62' lang='grc' dir='ltr'><strong>α’</strong></span> <span class='ocrx_word' id='word_1_345' title='bbox 636 2837 664 2850; x_wconf 70' lang='lat' dir='ltr'><strong><em>z</em></strong></span> <span class='ocrx_word' id='word_1_346' title='bbox 681 2831 791 2853; x_wconf 77' lang='lat' dir='ltr'><strong>autem.</strong></span> <span class='ocrx_word' id='word_1_347' title='bbox 848 2825 893 2852; x_wconf 71' lang='lat'><strong>20.</strong></span> <span class='ocrx_word' id='word_1_348' title='bbox 911 2830 957 2859; x_wconf 78' lang='lat' dir='ltr'><strong>ut3</strong></span> <span class='ocrx_word' id='word_1_349' title='bbox 974 2826 1085 2852; x_wconf 77' lang='lat' dir='ltr'><strong>rectius</strong></span> <span class='ocrx_word' id='word_1_350' title='bbox 1101 2833 1155 2851; x_wconf 80' lang='lat' dir='ltr'><strong>nec</strong></span> <span class='ocrx_word' id='word_1_351' title='bbox 1170 2824 1402 2859; x_wconf 78' lang='lat' dir='ltr'><strong>compacieudo.</strong></span> <span class='ocrx_word' id='word_1_352' title='bbox 1458 2824 1501 2851; x_wconf 57' lang='lat'><strong>233.</strong></span> <span class='ocrx_word' id='word_1_353' title='bbox 1518 2823 1611 2851; x_wconf 54' lang='lat' dir='ltr'><strong>coa:</strong></span> <span class='ocrx_word' id='word_1_354' title='bbox 1628 2831 1696 2849; x_wconf 80' lang='lat' dir='ltr'><strong>nam</strong></span> <span class='ocrx_word' id='word_1_355' title='bbox 1714 2830 1794 2848; x_wconf 80' lang='lat' dir='ltr'><strong>narn.</strong></span> 
     </span>
    </p>
   </div>
   <div class='ocr_carea' id='block_1_11' title="bbox 565 2909 914 2949">
    <p class='ocr_par' dir='ltr' id='par_1_13' title="bbox 565 2909 914 2949">
     <span class='ocr_line' id='line_1_53' title="bbox 565 2909 914 2949; baseline -0.003 -8"><span class='ocrx_word' id='word_1_356' title='bbox 565 2910 613 2941; x_wconf 74' lang='lat'><strong>13.</strong></span> <span class='ocrx_word' id='word_1_357' title='bbox 641 2909 759 2941; x_wconf 83' lang='lat' dir='ltr'><strong>Matth.</strong></span> <span class='ocrx_word' id='word_1_358' title='bbox 778 2910 833 2949; x_wconf 85' lang='lat' dir='ltr'><strong>Vl,</strong></span> <span class='ocrx_word' id='word_1_359' title='bbox 864 2919 914 2940; x_wconf 76' lang='lat' dir='ltr'><strong>ro.</strong></span> 
     </span>
    </p>
   </div>
  </div>
 </body>
</html>
