1944 3323
192 256 241 290 ‘2⁸
771 263 993 295 ionANNis
1015 262 1194 293 chrw
1214 260 1467 292 sERMONUM
1554 245 1705 303 [SERMO
1727 256 1778 283 lv.

478 385 566 409 cum
591 373 777 408 omnibus
801 372 833 407 ei
858 370 1054 406 similibus
1077 369 1193 405 suerit
1219 368 1257 403 in
1282 368 1448 403 inferno.
1486 368 1576 402 Ideo
1601 367 1778 402 solebam

478 433 620 466 docere
666 430 858 477 populum
900 437 1039 464 contra
1079 435 1285 475 questores
1326 435 1361 462 et
1402 423 1652 471 indulgencie
1692 436 1782 459 ven«

480 488 628 524 ditores
664 489 769 535 quod
805 487 921 522 tidem
950 486 1105 533 plenam
1132 484 1277 521 faciant
1303 485 1348 519 de
1374 482 1525 530 peccati
1551 481 1784 517 dimissione

478 555 513 583 et
538 545 788 592 indulgencie
821 543 1043 584 habicione,
1069 551 1281 590 antequam
1317 541 1526 577 refundant
1559 538 1783 587 pecuniam,

477 604 569 652 quia
604 612 824 639 mercantes
857 602 971 638 aliter
1005 600 1241 637 altrinsecus
1275 599 1403 635 forent
1436 597 1545 633 stulti
1579 606 1615 633 et
1648 596 1817 632 vendi-b

477 671 582 697 tores
614 662 674 697 vel
707 660 745 696 in
780 660 854 696 lide
888 660 1102 695 deficerent
1135 658 1193 693 vel
1228 657 1343 693 aliter
1366 668 1445 691 non
1470 668 1563 690 suos
1587 666 1781 690 commer-

478 728 611 756 cantes
645 720 691 755 de
726 717 989 754 mercimonio
1029 724 1277 759 securarent3
1325 714 1392 750 illa
1431 712 1535 749 enim
1575 711 1782 748 securacio

476 786 532 813 est
567 779 648 812 Deo
681 775 857 824 propria.

246 855 272 877 4*
296 844 404 879 ,ιω-οῖ’
534 836 687 879 Quarta
721 833 853 882 passio
893 832 1073 880 predicta
1113 840 1168 866 est
1208 828 1397 877 gaudium
1444 829 1491 863 de
1531 827 1675 863 iterum
1715 827 1782 862 ad-

215 887 432 948 ζζζξζζῂᾋζκᾞζ
476 892 634 940 quisito.
681 894 799 927 Notet
838 903 930 938 ergo
971 888 1096 925 fidelis
1135 888 1202 936 qui
1246 885 1403 923 notorie
1448 886 1582 932 lapsus
1627 883 1699 920 fuit
1742 883 1840 920 into

476 950 627 987 crimen
682 958 718 985 et
774 949 1033 997 postmodum
1092 959 1161 994 per
1213 943 1359 981 Christi
1413 942 1588 991 graciam
1646 941 1782 978 revixit

476 1017 668 1056 quantum
723 1006 861 1043 exhinc
912 1017 1030 1053 super
1083 1012 1440 1052 quantumcunque
1488 999 1781 1048 possessionem

477 1064 711 1113 temporalis
756 1064 848 1100 boni
892 1064 981 1111 plus
1019 1062 1190 1110 gaudeat
1230 1069 1266 1096 et
1306 1072 1376 1108 per
1416 1060 1491 1095 hoc
1531 1057 1782 1094 convinceret

477 1124 507 1160 si
541 1124 684 1159 habeat
718 1121 997 1158 rectitudinem
1033 1119 1151 1155 trium
1187 1117 1417 1166 passionum
1449 1116 1721 1164 predictarum
1747 1123 1784 1150 et

478 1182 610 1225 fidem,
657 1193 766 1228 spem
814 1192 859 1216 ac
900 1178 1108 1215 caritatem
1150 1189 1224 1225 que
1265 1188 1405 1212 omnes
1444 1174 1538 1210 istas
1580 1172 1840 1221 passiones&

477 1248 650 1287 quatuor
695 1231 1055 1287 inseparabiliter}
1096 1234 1357 1279 comitentur3
1402 1231 1468 1281 qui
1515 1231 1618 1268 enim
1665 1231 1783 1267 habet
1803 1220 1881 1280 ΕΘΗ

478 1296 758 1333 rectitudinem
801 1296 966 1331 istarum
1006 1302 1179 1342 quatuor
1219 1291 1345 1328 credit
1384 1290 1423 1326 in
1464 1292 1605 1335 Deum,
1650 1297 1783 1336 sperat
1801 1275 1859 1306 ²4¹

478 1354 766 1391 beatitudinem
816 1362 852 1389 et
900 1353 1017 1388 habet
1065 1350 1322 1387 condiciones
1370 1347 1542 1385 sedecim
1591 1346 1780 1383 caritatis.

191 1433 256 1458 Men
279 1440 450 1458 euremaro
476 1412 547 1448 Vix
587 1425 707 1448 unum
749 1419 1003 1459 peccatorem
1049 1408 1224 1445 invenies
1265 1407 1360 1455 quin
1400 1407 1487 1454 plus
1525 1406 1696 1452 gaudeat
1735 1405 1782 1439 de

198 1470 275 1534 Ψξξζῑά
294 1467 450 1527 Ἤζᾎιιῇᾯὲη,
477 1469 751 1518 adquisicione
785 1467 1068 1516 temporalium
1102 1479 1221 1515 quam
1252 1467 1298 1501 de
1322 1462 1595 1512 adquisicione
1620 1461 1689 1498 Dei
1714 1474 1783 1509 per
1800 1473 1842 1493 20

200 1523 330 1562 elirissi's
350 1544 448 1569 grace.
477 1527 667 1575 graciam,
712 1535 753 1563 ut
793 1535 901 1574 patet
941 1527 988 1561 de
1027 1524 1104 1560 illis
1138 1523 1204 1572 qui
1238 1524 1325 1571 plus
1359 1523 1532 1570 gaudent
1565 1521 1611 1556 de
1645 1518 1783 1567 adqui-

477 1585 626 1621 sicione
659 1584 841 1621 amicicie
873 1584 933 1619 vel
964 1582 1117 1619 brachii
1140 1580 1330 1618 secularis
1354 1578 1640 1616 benevolencia
1664 1590 1781 1626 quam

479 1644 525 1679 de
558 1642 836 1691 adquisicione
868 1640 1000 1689 gracie
1032 1641 1092 1677 vel
1125 1638 1306 1676 amicicie
1338 1640 1429 1674 Jesu
1453 1635 1613 1674 Christi.
1648 1637 1695 1671 Et
1728 1634 1784 1670 sic

479 1700 653 1737 invenies
686 1702 733 1736 de
756 1698 1034 1748 peccatoribus
1058 1699 1233 1734 secundo
1258 1705 1423 1744 peccato
1449 1696 1651 1730 mundano
1676 1693 1783 1740 quod

477 1759 565 1806 plus
603 1759 776 1805 gaudent
815 1758 862 1793 de
902 1756 1177 1805 adquisicione
1217 1753 1384 1790 dominii
1423 1753 1482 1789 vel
1523 1750 1784 1800 possessionis
1801 1754 1840 1785 25

478 1816 761 1863 temporalium
796 1814 957 1862 copiose
990 1827 1110 1862 quam
1145 1814 1191 1849 de
1225 1814 1330 1848 bono
1363 1809 1560 1859 spirituali
1584 1822 1654 1857 per
1677 1809 1781 1856 quod

478 1873 612 1910 anima
645 1882 838 1921 perpetuo
879 1880 978 1908 esset
1018 1873 1146 1907 beata.
1191 1872 1239 1906 Et
1279 1869 1384 1905 idem
1424 1877 1533 1916 patet
1574 1869 1620 1902 de
1659 1865 1783 1901 tercio

477 1944 619 1979 genere
652 1940 924 1979 peccatorum,
958 1938 1000 1965 ut
1032 1929 1211 1965 carnales
1245 1928 1291 1962 de
1321 1927 1561 1974 voluptuoso
1593 1923 1782 1967 vescibili,

479 1991 525 2025 de
564 1989 703 2037 pulcra
743 1987 896 2025 amasia
933 1988 993 2023 vel
1031 1999 1150 2022 uxore
1190 1998 1309 2033 quam
1346 1986 1392 2020 de
1426 1982 1624 2032 spirituali
1663 1983 1782 2024 bono,

478 2047 568 2083 licet
600 2047 674 2083 ista
707 2046 906 2082 inlinitum
941 2043 1161 2081 excesserit.
1196 2043 1235 2079 Si
1265 2042 1321 2079 vis
1350 2051 1482 2079 autem
1515 2041 1660 2076 habere
1693 2051 1783 2087 pro·
1801 2041 1841 2072 30

478 2105 687 2141 bacionern
712 2105 893 2145 istorum,
928 2103 1087 2139 attende
1121 2100 1373 2148 diligenciam
1408 2099 1513 2135 circa
1545 2096 1784 2145 temporalia

478 2162 552 2198 ista
591 2163 736 2199 factam
781 2171 818 2198 et
857 2160 1116 2197 adhesionem
1156 2172 1200 2195 ac
1241 2158 1467 2206 passionem
1509 2155 1652 2195 anime,
1693 2167 1783 2190 cum

478 2221 635 2256 fuerunt
675 2219 883 2268 acquisita,
924 2228 960 2254 et
999 2217 1072 2254 erit
1112 2216 1367 2253 manifestum
1401 2213 1592 2250 indicium
1626 2214 1672 2248 de
1706 2224 1783 2260 quo

478 2278 643 2315 istorum
690 2279 887 2313 bonorum
934 2288 1172 2312 conversans
1212 2274 1251 2310 in
1289 2274 1423 2310 seculo
1463 2271 1587 2319 magis
1626 2271 1784 2318 gaudet.

479 2340 558 2372 Nec
591 2335 756 2372 dubium
790 2334 885 2383 quin
917 2335 1048 2370 nullus
1081 2333 1170 2369 talis
1204 2341 1245 2367 ut
1278 2332 1333 2367 sic
1356 2332 1501 2379 gaudet
1526 2329 1566 2364 in
1589 2327 1840 2367 Domino;35

479 2395 585 2442 quod
619 2403 675 2429 est
710 2402 848 2429 contra
884 2394 1087 2428 decretum
1122 2389 1304 2438 Apostoli
1339 2387 1505 2424 dicentis
1544 2386 1716 2422 Gaudete
1748 2384 1783 2419 in

479 2452 645 2487 Domino
668 2464 830 2500 semper.
866 2450 933 2486 Ille
967 2458 1099 2485 autem
1134 2448 1278 2496 gaudet
1303 2447 1342 2482 in
1365 2445 1550 2489 Domino,
1574 2443 1784 2491 gaudendo

480 2512 527 2546 de
560 2509 735 2557 qualibet
769 2517 964 2551 creatura,
999 2506 1065 2554 qui
1105 2506 1316 2553 gaudendo
1357 2506 1404 2540 de
1444 2503 1511 2539 illa
1551 2502 1695 2549 gaudet
1737 2501 1784 2535 de

480 2567 564 2615 ipsa
598 2568 815 2602 secundum
851 2565 1053 2602 racionem
1090 2564 1171 2599 eius
1207 2562 1473 2611 potissimam,
1508 2569 1548 2595 ut
1572 2558 1783 2606 gaudendo

559 2709 577 2730 ι.
599 2699 693 2725 flod:
723 2698 871 2725 retundat.
1015 2697 1037 2724 5.
1061 2696 1154 2724 Cod.:
1176 2695 1365 2722 altrincecus.
1509 2703 1537 2727 ⁴)-
1559 2693 1591 2719 In
1614 2699 1727 2725 marg:
1764 2700 1783 2723 ι.

481 2743 521 2761 io.
543 2734 635 2760 Cod.:
659 2733 708 2767 qui
732 2733 803 2759 sive.
923 2741 963 2763 ιο,
987 2741 1019 2759 11.
1041 2731 1136 2758 Cod.:
1158 2731 1186 2757 in
1209 2730 1348 2757 crimine„
1462 2737 1494 2755 ιι.
1516 2727 1610 2753 Cod.:
1633 2725 1783 2752 reminxit.

482 2768 518 2795 13.
541 2768 633 2795 (j‹›d.;
656 2767 845 2794 convincere.
863 2776 880 2802 q
901 2767 971 2799 (sic).
1054 2767 1092 2793 ιιὶ.
1115 2765 1209 2793 Cod.:
1232 2764 1470 2791 committentur.
1544 2761 1584 2788 32.
1607 2761 1733 2793 sactam3
1755 2760 1783 2786 in

480 2803 564 2830 eod:
586 2803 609 2830 c*
631 2804 707 2829 lain.

549 2873 602 2907 36.
628 2874 717 2906 Phil.
745 2874 801 2913 iv,
827 2884 859 2914 4.
