<?xml version="1.0" encoding="UTF-8"?>
<!DOCTYPE html PUBLIC "-//W3C//DTD XHTML 1.0 Transitional//EN"
    "http://www.w3.org/TR/xhtml1/DTD/xhtml1-transitional.dtd">
<html xmlns="http://www.w3.org/1999/xhtml" xml:lang="en" lang="en">
 <head>
  <title>
</title>
<meta http-equiv="Content-Type" content="text/html;charset=utf-8" />
  <meta name='ocr-system' content='tesseract 3.04.00' />
  <meta name='ocr-capabilities' content='ocr_page ocr_carea ocr_par ocr_line ocrx_word'/>
</head>
<body>
  <div class='ocr_page' id='page_1' title='image "./iohanniswyclifse0703wycl_0354.png"; bbox 0 0 1944 3323; ppageno 0'>
   <div class='ocr_carea' id='block_1_1' title="bbox 197 238 272 273">
    <p class='ocr_par' dir='ltr' id='par_1_1' title="bbox 197 238 272 273">
     <span class='ocr_line' id='line_1_1' title="bbox 197 239 213 272; textangle 90"><span class='ocrx_word' id='word_1_1' title='bbox 197 239 213 272; x_wconf 56' lang='lat' dir='ltr'>Q)</span> 
     </span>
     <span class='ocr_line' id='line_1_2' title="bbox 226 238 242 272; textangle 90"><span class='ocrx_word' id='word_1_2' title='bbox 226 238 242 272; x_wconf 57' lang='grc' dir='ltr'>ω</span> 
     </span>
     <span class='ocr_line' id='line_1_3' title="bbox 253 248 272 273; textangle 90"><span class='ocrx_word' id='word_1_3' title='bbox 253 248 272 273; x_wconf 61' lang='lat' dir='ltr'>KQ</span> 
     </span>
    </p>
   </div>
   <div class='ocr_carea' id='block_1_2' title="bbox 773 226 1786 284">
    <p class='ocr_par' dir='ltr' id='par_1_2' title="bbox 773 226 1786 284">
     <span class='ocr_line' id='line_1_4' title="bbox 773 226 1786 284; baseline -0.007 -9"><span class='ocrx_word' id='word_1_4' title='bbox 773 242 995 275; x_wconf 82' lang='lat' dir='ltr'>JOHANNIS</span> <span class='ocrx_word' id='word_1_5' title='bbox 1017 242 1195 274; x_wconf 72' lang='lat' dir='ltr'>wvcmr</span> <span class='ocrx_word' id='word_1_6' title='bbox 1214 241 1468 273; x_wconf 61' lang='lat' dir='ltr'>seawioNUM</span> <span class='ocrx_word' id='word_1_7' title='bbox 1552 226 1703 284; x_wconf 77' lang='lat' dir='ltr'>[SERMO</span> <span class='ocrx_word' id='word_1_8' title='bbox 1725 237 1786 264; x_wconf 58' lang='grc' dir='ltr'>Μ.</span> 
     </span>
    </p>
   </div>
   <div class='ocr_carea' id='block_1_3' title="bbox 193 345 1894 2540">
    <p class='ocr_par' dir='ltr' id='par_1_3' title="bbox 479 345 1823 743">
     <span class='ocr_line' id='line_1_5' title="bbox 479 345 1785 398; baseline -0.005 -11"><span class='ocrx_word' id='word_1_9' title='bbox 479 363 731 398; x_wconf 76' lang='lat' dir='ltr'>surgeremus</span> <span class='ocrx_word' id='word_1_10' title='bbox 771 351 820 386; x_wconf 90' lang='lat' dir='ltr'>ad</span> <span class='ocrx_word' id='word_1_11' title='bbox 861 361 1004 385; x_wconf 89' lang='lat' dir='ltr'>novam</span> <span class='ocrx_word' id='word_1_12' title='bbox 1044 348 1167 384; x_wconf 85' lang='lat' dir='ltr'>vitam</span> <span class='ocrx_word' id='word_1_13' title='bbox 1208 349 1399 383; x_wconf 88' lang='lat' dir='ltr'>mundam</span> <span class='ocrx_word' id='word_1_14' title='bbox 1442 359 1463 382; x_wconf 93' lang='lat' dir='ltr'>a</span> <span class='ocrx_word' id='word_1_15' title='bbox 1501 354 1668 394; x_wconf 89' lang='lat' dir='ltr'>peccato</span> <span class='ocrx_word' id='word_1_16' title='bbox 1701 345 1785 382; x_wconf 87' lang='lat' dir='ltr'>sine</span> 
     </span>
     <span class='ocr_line' id='line_1_6' title="bbox 480 404 1786 456; baseline -0.005 -11"><span class='ocrx_word' id='word_1_17' title='bbox 480 408 791 456; x_wconf 88' lang='lat' dir='ltr'>interrupcione,</span> <span class='ocrx_word' id='word_1_18' title='bbox 823 407 925 443; x_wconf 88' lang='lat' dir='ltr'>sicut</span> <span class='ocrx_word' id='word_1_19' title='bbox 949 406 1129 442; x_wconf 91' lang='lat' dir='ltr'>Christus</span> <span class='ocrx_word' id='word_1_20' title='bbox 1163 405 1377 442; x_wconf 80' lang='lat' dir='ltr'>resurrexit</span> <span class='ocrx_word' id='word_1_21' title='bbox 1409 404 1663 454; x_wconf 74' lang='lat' dir='ltr'>immortalis,</span> <span class='ocrx_word' id='word_1_22' title='bbox 1695 416 1786 440; x_wconf 87' lang='lat' dir='ltr'>nam</span> 
     </span>
     <span class='ocr_line' id='line_1_7' title="bbox 481 461 1787 512; baseline -0.005 -9"><span class='ocrx_word' id='word_1_23' title='bbox 481 468 638 504; x_wconf 88' lang='lat' dir='ltr'>ablutus</span> <span class='ocrx_word' id='word_1_24' title='bbox 683 466 723 502; x_wconf 87' lang='lat' dir='ltr'>in</span> <span class='ocrx_word' id='word_1_25' title='bbox 762 464 927 501; x_wconf 88' lang='lat' dir='ltr'>flumine</span> <span class='ocrx_word' id='word_1_26' title='bbox 965 463 1103 511; x_wconf 82' lang='lat' dir='ltr'><strong>surgit.</strong></span> <span class='ocrx_word' id='word_1_27' title='bbox 1150 465 1197 499; x_wconf 88' lang='lat' dir='ltr'>Et</span> <span class='ocrx_word' id='word_1_28' title='bbox 1241 472 1350 512; x_wconf 90' lang='lat' dir='ltr'>patet</span> <span class='ocrx_word' id='word_1_29' title='bbox 1398 461 1624 499; x_wconf 84' lang='lat' dir='ltr'><strong>extendenti</strong></span> <span class='ocrx_word' id='word_1_30' title='bbox 1667 462 1787 498; x_wconf 88' lang='lat' dir='ltr'>verba</span> 
     </span>
     <span class='ocr_line' id='line_1_8' title="bbox 482 519 1788 572; baseline -0.005 -11"><span class='ocrx_word' id='word_1_31' title='bbox 482 524 675 572; x_wconf 88' lang='lat' dir='ltr'>temporis</span> <span class='ocrx_word' id='word_1_32' title='bbox 714 532 751 559; x_wconf 90' lang='lat' dir='ltr'>et</span> <span class='ocrx_word' id='word_1_33' title='bbox 791 521 1019 559; x_wconf 84' lang='lat' dir='ltr'>admittenti</span> <span class='ocrx_word' id='word_1_34' title='bbox 1058 521 1381 570; x_wconf 82' lang='lat' dir='ltr'>predicacionem</span> <span class='ocrx_word' id='word_1_35' title='bbox 1425 521 1644 557; x_wconf 88' lang='lat' dir='ltr'>secundum</span> <span class='ocrx_word' id='word_1_36' title='bbox 1678 519 1788 556; x_wconf 91' lang='lat' dir='ltr'>habi-</span> 
     </span>
     <span class='ocr_line' id='line_1_9' title="bbox 481 577 1823 629; baseline -0.004 -11"><span class='ocrx_word' id='word_1_37' title='bbox 481 582 659 619; x_wconf 83' lang='lat' dir='ltr'>tudinem</span> <span class='ocrx_word' id='word_1_38' title='bbox 700 582 906 629; x_wconf 88' lang='lat' dir='ltr'>quomodo</span> <span class='ocrx_word' id='word_1_39' title='bbox 952 579 1087 616; x_wconf 87' lang='lat' dir='ltr'>fideles</span> <span class='ocrx_word' id='word_1_40' title='bbox 1127 579 1200 615; x_wconf 85' lang='lat' dir='ltr'>rite</span> <span class='ocrx_word' id='word_1_41' title='bbox 1239 578 1431 627; x_wconf 85' lang='lat' dir='ltr'>baptizati</span> <span class='ocrx_word' id='word_1_42' title='bbox 1473 587 1509 614; x_wconf 90' lang='lat' dir='ltr'>et</span> <span class='ocrx_word' id='word_1_43' title='bbox 1550 577 1590 614; x_wconf 89' lang='lat' dir='ltr'>in</span> <span class='ocrx_word' id='word_1_44' title='bbox 1629 577 1823 614; x_wconf 75' lang='lat' dir='ltr'>Christos</span> 
     </span>
     <span class='ocr_line' id='line_1_10' title="bbox 481 635 1789 687; baseline -0.004 -11"><span class='ocrx_word' id='word_1_45' title='bbox 481 639 735 687; x_wconf 81' lang='lat' dir='ltr'>baptizantur</span> <span class='ocrx_word' id='word_1_46' title='bbox 773 638 813 674; x_wconf 91' lang='lat' dir='ltr'>in</span> <span class='ocrx_word' id='word_1_47' title='bbox 852 638 934 675; x_wconf 90' lang='lat' dir='ltr'>eius</span> <span class='ocrx_word' id='word_1_48' title='bbox 975 646 1115 683; x_wconf 87' lang='lat' dir='ltr'>morte,</span> <span class='ocrx_word' id='word_1_49' title='bbox 1150 636 1243 685; x_wconf 86' lang='lat' dir='ltr'>quia</span> <span class='ocrx_word' id='word_1_50' title='bbox 1282 636 1321 672; x_wconf 90' lang='lat' dir='ltr'>in</span> <span class='ocrx_word' id='word_1_51' title='bbox 1360 636 1503 673; x_wconf 90' lang='lat' dir='ltr'>virtute</span> <span class='ocrx_word' id='word_1_52' title='bbox 1544 635 1683 672; x_wconf 86' lang='lat' dir='ltr'>mortis</span> <span class='ocrx_word' id='word_1_53' title='bbox 1721 647 1789 671; x_wconf 91' lang='lat' dir='ltr'>sue</span> 
     </span>
     <span class='ocr_line' id='line_1_11' title="bbox 481 695 1524 743; baseline -0.004 -9"><span class='ocrx_word' id='word_1_54' title='bbox 481 708 517 735; x_wconf 87' lang='lat' dir='ltr'>et</span> <span class='ocrx_word' id='word_1_55' title='bbox 551 698 633 734; x_wconf 90' lang='lat' dir='ltr'>eius</span> <span class='ocrx_word' id='word_1_56' title='bbox 666 696 929 733; x_wconf 84' lang='lat' dir='ltr'>similitudine</span> <span class='ocrx_word' id='word_1_57' title='bbox 961 695 1224 743; x_wconf 80' lang='lat' dir='ltr'>spiritualiter</span> <span class='ocrx_word' id='word_1_58' title='bbox 1256 695 1524 743; x_wconf 81' lang='lat' dir='ltr'>baptizantur.</span> 
     </span>
    </p>

    <p class='ocr_par' dir='ltr' id='par_1_4' title="bbox 200 751 1789 803">
     <span class='ocr_line' id='line_1_12' title="bbox 200 751 1789 803; baseline -0.003 -12"><span class='ocrx_word' id='word_1_59' title='bbox 200 766 231 791; x_wconf 75' lang='lat'>111</span> <span class='ocrx_word' id='word_1_60' title='bbox 255 765 389 803; x_wconf 54' lang='lat' dir='ltr'>[mmmm</span> <span class='ocrx_word' id='word_1_61' title='bbox 413 773 457 803; x_wconf 56' lang='grc' dir='ltr'>χω</span> <span class='ocrx_word' id='word_1_62' title='bbox 538 758 587 792; x_wconf 82' lang='lat' dir='ltr'>Et</span> <span class='ocrx_word' id='word_1_63' title='bbox 620 768 709 792; x_wconf 87' lang='lat' dir='ltr'>cum</span> <span class='ocrx_word' id='word_1_64' title='bbox 735 756 851 803; x_wconf 86' lang='lat' dir='ltr'>plene</span> <span class='ocrx_word' id='word_1_65' title='bbox 875 766 920 790; x_wconf 89' lang='lat' dir='ltr'>ac</span> <span class='ocrx_word' id='word_1_66' title='bbox 944 752 1016 789; x_wconf 89' lang='lat' dir='ltr'>rite</span> <span class='ocrx_word' id='word_1_67' title='bbox 1040 755 1089 790; x_wconf 86' lang='lat' dir='ltr'>ad</span> <span class='ocrx_word' id='word_1_68' title='bbox 1113 765 1272 789; x_wconf 85' lang='lat' dir='ltr'>sensum</span> <span class='ocrx_word' id='word_1_69' title='bbox 1297 752 1497 789; x_wconf 83' lang='lat' dir='ltr'>misticum</span> <span class='ocrx_word' id='word_1_70' title='bbox 1521 751 1789 800; x_wconf 87' lang='lat' dir='ltr'>baptizantur,</span> 
     </span>
    </p>

    <p class='ocr_par' dir='ltr' id='par_1_5' title="bbox 193 799 1849 1442">
     <span class='ocr_line' id='line_1_13' title="bbox 193 799 1790 868; baseline -0.003 -20"><span class='ocrx_word' id='word_1_71' title='bbox 193 808 242 826; x_wconf 48' lang='lat'>³¹⁴⁸</span> <span class='ocrx_word' id='word_1_72' title='bbox 265 799 464 868; x_wconf 44' lang='lat' dir='ltr'>{¹3¹1ss&#39;l&#39;ffgl17wssh</span> <span class='ocrx_word' id='word_1_73' title='bbox 482 823 592 863; x_wconf 87' lang='lat' dir='ltr'>patet</span> <span class='ocrx_word' id='word_1_74' title='bbox 631 815 739 861; x_wconf 87' lang='lat' dir='ltr'>quod</span> <span class='ocrx_word' id='word_1_75' title='bbox 777 814 923 848; x_wconf 89' lang='lat' dir='ltr'>nedum</span> <span class='ocrx_word' id='word_1_76' title='bbox 965 813 1014 847; x_wconf 85' lang='lat' dir='ltr'>ad</span> <span class='ocrx_word' id='word_1_77' title='bbox 1053 824 1213 847; x_wconf 86' lang='lat' dir='ltr'>sensum</span> <span class='ocrx_word' id='word_1_78' title='bbox 1254 810 1456 846; x_wconf 83' lang='lat' dir='ltr'>misticum</span> <span class='ocrx_word' id='word_1_79' title='bbox 1501 822 1591 846; x_wconf 87' lang='lat' dir='ltr'>cum</span> <span class='ocrx_word' id='word_1_80' title='bbox 1632 808 1790 845; x_wconf 88' lang='lat' dir='ltr'>Christo</span> 
     </span>
     <span class='ocr_line' id='line_1_14' title="bbox 485 866 1849 918; baseline -0.004 -10"><span class='ocrx_word' id='word_1_81' title='bbox 485 871 692 916; x_wconf 81' lang='lat' dir='ltr'>morimur,</span> <span class='ocrx_word' id='word_1_82' title='bbox 727 872 795 907; x_wconf 85' lang='lat' dir='ltr'>sed</span> <span class='ocrx_word' id='word_1_83' title='bbox 829 869 973 918; x_wconf 82' lang='lat' dir='ltr'>sepulti</span> <span class='ocrx_word' id='word_1_84' title='bbox 1006 882 1143 905; x_wconf 90' lang='lat' dir='ltr'>sumus</span> <span class='ocrx_word' id='word_1_85' title='bbox 1168 881 1257 905; x_wconf 90' lang='lat' dir='ltr'>cum</span> <span class='ocrx_word' id='word_1_86' title='bbox 1283 868 1370 916; x_wconf 91' lang='lat' dir='ltr'>ipso</span> <span class='ocrx_word' id='word_1_87' title='bbox 1394 881 1466 916; x_wconf 88' lang='lat' dir='ltr'>pro</span> <span class='ocrx_word' id='word_1_88' title='bbox 1490 876 1575 904; x_wconf 93' lang='lat' dir='ltr'>toto</span> <span class='ocrx_word' id='word_1_89' title='bbox 1599 866 1790 904; x_wconf 89' lang='lat' dir='ltr'>viacionis</span> <span class='ocrx_word' id='word_1_90' title='bbox 1811 881 1849 901; x_wconf 90' lang='lat'>10</span> 
     </span>
     <span class='ocr_line' id='line_1_15' title="bbox 483 924 1790 976; baseline -0.005 -10"><span class='ocrx_word' id='word_1_91' title='bbox 483 930 617 966; x_wconf 90' lang='lat' dir='ltr'>triduo</span> <span class='ocrx_word' id='word_1_92' title='bbox 651 929 691 965; x_wconf 90' lang='lat' dir='ltr'>in</span> <span class='ocrx_word' id='word_1_93' title='bbox 723 929 922 976; x_wconf 64' lang='lat' dir='ltr'>sepulcro</span> <span class='ocrx_word' id='word_1_94' title='bbox 969 927 1080 963; x_wconf 87' lang='lat' dir='ltr'>Sicut</span> <span class='ocrx_word' id='word_1_95' title='bbox 1113 926 1217 963; x_wconf 89' lang='lat' dir='ltr'>enim</span> <span class='ocrx_word' id='word_1_96' title='bbox 1252 925 1443 974; x_wconf 89' lang='lat' dir='ltr'>baptizati</span> <span class='ocrx_word' id='word_1_97' title='bbox 1476 924 1718 962; x_wconf 85' lang='lat' dir='ltr'>sensibiliter</span> <span class='ocrx_word' id='word_1_98' title='bbox 1750 924 1790 960; x_wconf 91' lang='lat' dir='ltr'>in</span> 
     </span>
     <span class='ocr_line' id='line_1_16' title="bbox 484 982 1791 1036; baseline -0.005 -12"><span class='ocrx_word' id='word_1_99' title='bbox 484 1001 589 1036; x_wconf 87' lang='lat' dir='ltr'>aqua</span> <span class='ocrx_word' id='word_1_100' title='bbox 628 995 875 1034; x_wconf 86' lang='lat' dir='ltr'>merguntur,</span> <span class='ocrx_word' id='word_1_101' title='bbox 915 985 970 1022; x_wconf 91' lang='lat' dir='ltr'>sic</span> <span class='ocrx_word' id='word_1_102' title='bbox 1009 986 1059 1021; x_wconf 89' lang='lat' dir='ltr'>ad</span> <span class='ocrx_word' id='word_1_103' title='bbox 1093 986 1197 1021; x_wconf 89' lang='lat' dir='ltr'>hunc</span> <span class='ocrx_word' id='word_1_104' title='bbox 1230 996 1389 1020; x_wconf 88' lang='lat' dir='ltr'>sensum</span> <span class='ocrx_word' id='word_1_105' title='bbox 1425 983 1626 1020; x_wconf 88' lang='lat' dir='ltr'>misticum</span> <span class='ocrx_word' id='word_1_106' title='bbox 1661 982 1701 1018; x_wconf 89' lang='lat' dir='ltr'>in</span> <span class='ocrx_word' id='word_1_107' title='bbox 1733 995 1791 1018; x_wconf 90' lang='lat' dir='ltr'>se-</span> 
     </span>
     <span class='ocr_line' id='line_1_17' title="bbox 486 1039 1792 1094; baseline -0.005 -12"><span class='ocrx_word' id='word_1_108' title='bbox 486 1047 624 1094; x_wconf 92' lang='lat' dir='ltr'>pulcro</span> <span class='ocrx_word' id='word_1_109' title='bbox 658 1044 902 1082; x_wconf 84' lang='lat' dir='ltr'>includimur</span> <span class='ocrx_word' id='word_1_110' title='bbox 935 1052 972 1080; x_wconf 89' lang='lat' dir='ltr'>et</span> <span class='ocrx_word' id='word_1_111' title='bbox 1005 1043 1114 1091; x_wconf 89' lang='lat' dir='ltr'>prius</span> <span class='ocrx_word' id='word_1_112' title='bbox 1137 1041 1312 1091; x_wconf 87' lang='lat' dir='ltr'>peccatis</span> <span class='ocrx_word' id='word_1_113' title='bbox 1337 1041 1545 1078; x_wconf 90' lang='lat' dir='ltr'>morimur.</span> <span class='ocrx_word' id='word_1_114' title='bbox 1581 1042 1673 1077; x_wconf 87' lang='lat' dir='ltr'>Ideo</span> <span class='ocrx_word' id='word_1_115' title='bbox 1697 1039 1792 1076; x_wconf 88' lang='lat' dir='ltr'>dicit</span> 
     </span>
     <span class='ocr_line' id='line_1_18' title="bbox 486 1099 1790 1151; baseline -0.005 -11"><span class='ocrx_word' id='word_1_116' title='bbox 486 1105 650 1140; x_wconf 84' lang='lat' dir='ltr'>Paulus:</span> <span class='ocrx_word' id='word_1_117' title='bbox 702 1103 924 1151; x_wconf 79' lang='lat' dir='ltr'>Consepulti</span> <span class='ocrx_word' id='word_1_118' title='bbox 954 1102 1051 1138; x_wconf 81' lang='lat' dir='ltr'>enim</span> <span class='ocrx_word' id='word_1_119' title='bbox 1084 1114 1216 1137; x_wconf 79' lang='lat' dir='ltr'>snmus</span> <span class='ocrx_word' id='word_1_120' title='bbox 1248 1112 1331 1136; x_wconf 82' lang='lat' dir='ltr'>cum</span> <span class='ocrx_word' id='word_1_121' title='bbox 1365 1100 1430 1135; x_wconf 88' lang='lat' dir='ltr'>illo</span> <span class='ocrx_word' id='word_1_122' title='bbox 1458 1112 1532 1148; x_wconf 79' lang='lat' dir='ltr'>per</span> <span class='ocrx_word' id='word_1_123' title='bbox 1564 1099 1790 1148; x_wconf 78' lang='lat' dir='ltr'>baptismum</span> 
     </span>
     <span class='ocr_line' id='line_1_19' title="bbox 484 1156 1848 1197; baseline -0.004 0"><span class='ocrx_word' id='word_1_124' title='bbox 484 1163 519 1197; x_wconf 83' lang='lat' dir='ltr'>in</span> <span class='ocrx_word' id='word_1_125' title='bbox 553 1169 728 1197; x_wconf 77' lang='lat' dir='ltr'>mortem.</span> <span class='ocrx_word' id='word_1_126' title='bbox 774 1163 821 1196; x_wconf 86' lang='lat' dir='ltr'>Et</span> <span class='ocrx_word' id='word_1_127' title='bbox 861 1160 915 1196; x_wconf 88' lang='lat' dir='ltr'>ita</span> <span class='ocrx_word' id='word_1_128' title='bbox 949 1159 1050 1197; x_wconf 88' lang='lat' dir='ltr'>sicut</span> <span class='ocrx_word' id='word_1_129' title='bbox 1083 1159 1264 1195; x_wconf 87' lang='lat' dir='ltr'>Christus</span> <span class='ocrx_word' id='word_1_130' title='bbox 1299 1158 1538 1194; x_wconf 88' lang='lat' dir='ltr'>miraculose</span> <span class='ocrx_word' id='word_1_131' title='bbox 1571 1156 1738 1193; x_wconf 80' lang='lat' dir='ltr'>surrexit</span> <span class='ocrx_word' id='word_1_132' title='bbox 1771 1159 1848 1192; x_wconf 74' lang='lat'>:115</span> 
     </span>
     <span class='ocr_line' id='line_1_20' title="bbox 486 1214 1793 1265; baseline -0.005 -9"><span class='ocrx_word' id='word_1_133' title='bbox 486 1219 667 1265; x_wconf 86' lang='lat' dir='ltr'>mortuis,</span> <span class='ocrx_word' id='word_1_134' title='bbox 701 1219 757 1255; x_wconf 90' lang='lat' dir='ltr'>sic</span> <span class='ocrx_word' id='word_1_135' title='bbox 790 1227 928 1254; x_wconf 85' lang='lat' dir='ltr'>nostra</span> <span class='ocrx_word' id='word_1_136' title='bbox 961 1216 1113 1254; x_wconf 86' lang='lat' dir='ltr'>levacio</span> <span class='ocrx_word' id='word_1_137' title='bbox 1148 1218 1195 1252; x_wconf 89' lang='lat' dir='ltr'>de</span> <span class='ocrx_word' id='word_1_138' title='bbox 1227 1217 1338 1252; x_wconf 88' lang='lat' dir='ltr'>fonte</span> <span class='ocrx_word' id='word_1_139' title='bbox 1371 1215 1625 1263; x_wconf 88' lang='lat' dir='ltr'>baptismatis</span> <span class='ocrx_word' id='word_1_140' title='bbox 1650 1214 1793 1261; x_wconf 89' lang='lat' dir='ltr'>figurat</span> 
     </span>
     <span class='ocr_line' id='line_1_21' title="bbox 485 1271 1792 1326; baseline -0.005 -13"><span class='ocrx_word' id='word_1_141' title='bbox 485 1279 691 1326; x_wconf 88' lang='lat' dir='ltr'>quomodo</span> <span class='ocrx_word' id='word_1_142' title='bbox 732 1278 923 1313; x_wconf 88' lang='lat' dir='ltr'>debemus</span> <span class='ocrx_word' id='word_1_143' title='bbox 968 1289 1040 1324; x_wconf 87' lang='lat' dir='ltr'>pro</span> <span class='ocrx_word' id='word_1_144' title='bbox 1085 1283 1280 1323; x_wconf 86' lang='lat' dir='ltr'>perpetuo</span> <span class='ocrx_word' id='word_1_145' title='bbox 1326 1285 1488 1321; x_wconf 79' lang='lat' dir='ltr'>surgere</span> <span class='ocrx_word' id='word_1_146' title='bbox 1533 1285 1555 1309; x_wconf 97' lang='lat' dir='ltr'>a</span> <span class='ocrx_word' id='word_1_147' title='bbox 1598 1271 1792 1320; x_wconf 70' lang='lat' dir='ltr'>peccatis,</span> 
     </span>
     <span class='ocr_line' id='line_1_22' title="bbox 485 1330 1792 1382; baseline -0.006 -10"><span class='ocrx_word' id='word_1_148' title='bbox 485 1336 574 1372; x_wconf 88' lang='lat' dir='ltr'>ideo</span> <span class='ocrx_word' id='word_1_149' title='bbox 619 1335 714 1371; x_wconf 89' lang='lat' dir='ltr'>dicit</span> <span class='ocrx_word' id='word_1_150' title='bbox 760 1335 904 1371; x_wconf 88' lang='lat' dir='ltr'>Paulus</span> <span class='ocrx_word' id='word_1_151' title='bbox 949 1335 1055 1382; x_wconf 92' lang='lat' dir='ltr'>quod</span> <span class='ocrx_word' id='word_1_152' title='bbox 1101 1333 1288 1381; x_wconf 81' lang='lat' dir='ltr'>quomodo</span> <span class='ocrx_word' id='word_1_153' title='bbox 1332 1331 1508 1368; x_wconf 76' lang='lat' dir='ltr'>surrexit</span> <span class='ocrx_word' id='word_1_154' title='bbox 1551 1330 1729 1366; x_wconf 74' lang='lat' dir='ltr'>Christus</span> <span class='ocrx_word' id='word_1_155' title='bbox 1772 1343 1792 1365; x_wconf 83' lang='grc' dir='ltr'><em>α</em></span> 
     </span>
     <span class='ocr_line' id='line_1_23' title="bbox 486 1388 1795 1442; baseline -0.005 -14"><span class='ocrx_word' id='word_1_156' title='bbox 486 1394 648 1429; x_wconf 74' lang='lat' dir='ltr'>mortuis</span> <span class='ocrx_word' id='word_1_157' title='bbox 681 1406 755 1442; x_wconf 77' lang='lat' dir='ltr'>per</span> <span class='ocrx_word' id='word_1_158' title='bbox 791 1393 962 1442; x_wconf 65' lang='lat' dir='ltr'>gloriam</span> <span class='ocrx_word' id='word_1_159' title='bbox 998 1392 1138 1441; x_wconf 75' lang='lat' dir='ltr'>pati-is,</span> <span class='ocrx_word' id='word_1_160' title='bbox 1176 1391 1227 1426; x_wconf 70' lang='lat' dir='ltr'>ita</span> <span class='ocrx_word' id='word_1_161' title='bbox 1266 1398 1300 1426; x_wconf 87' lang='lat' dir='ltr'>et</span> <span class='ocrx_word' id='word_1_162' title='bbox 1338 1402 1406 1425; x_wconf 80' lang='lat' dir='ltr'>nos</span> <span class='ocrx_word' id='word_1_163' title='bbox 1443 1389 1478 1424; x_wconf 82' lang='lat' dir='ltr'>in</span> <span class='ocrx_word' id='word_1_164' title='bbox 1517 1388 1682 1424; x_wconf 77' lang='lat' dir='ltr'>novitate</span> <span class='ocrx_word' id='word_1_165' title='bbox 1722 1388 1795 1423; x_wconf 82' lang='lat' dir='ltr'>vite</span> 
     </span>
    </p>

    <p class='ocr_par' dir='ltr' id='par_1_6' title="bbox 209 1445 1852 1494">
     <span class='ocr_line' id='line_1_24' title="bbox 209 1445 1852 1494; baseline -0.003 -9"><span class='ocrx_word' id='word_1_166' title='bbox 209 1460 267 1485; x_wconf 68' lang='lat' dir='ltr'>and</span> <span class='ocrx_word' id='word_1_167' title='bbox 292 1459 457 1485; x_wconf 64' lang='lat' dir='ltr'>ariseuew</span> <span class='ocrx_word' id='word_1_168' title='bbox 486 1452 736 1488; x_wconf 76' lang='lat' dir='ltr'>ambulemus.</span> <span class='ocrx_word' id='word_1_169' title='bbox 784 1450 894 1486; x_wconf 81' lang='lat' dir='ltr'>Sicut</span> <span class='ocrx_word' id='word_1_170' title='bbox 933 1449 1037 1486; x_wconf 91' lang='lat' dir='ltr'>enim</span> <span class='ocrx_word' id='word_1_171' title='bbox 1078 1448 1260 1486; x_wconf 88' lang='lat' dir='ltr'>Christus</span> <span class='ocrx_word' id='word_1_172' title='bbox 1304 1459 1513 1494; x_wconf 79' lang='lat' dir='ltr'>resurgens</span> <span class='ocrx_word' id='word_1_173' title='bbox 1553 1445 1794 1482; x_wconf 89' lang='lat' dir='ltr'>immortalis</span> <span class='ocrx_word' id='word_1_174' title='bbox 1812 1459 1852 1480; x_wconf 82' lang='lat'>20</span> 
     </span>
    </p>

    <p class='ocr_par' dir='ltr' id='par_1_7' title="bbox 294 1502 1794 1549">
     <span class='ocr_line' id='line_1_25' title="bbox 294 1502 1794 1549; baseline -0.006 -2"><span class='ocrx_word' id='word_1_175' title='bbox 294 1502 374 1520; x_wconf 54' lang='lat'>‘¹³⁹⁰&#39;</span> <span class='ocrx_word' id='word_1_176' title='bbox 488 1510 614 1546; x_wconf 86' lang='lat' dir='ltr'>factus</span> <span class='ocrx_word' id='word_1_177' title='bbox 647 1509 776 1545; x_wconf 88' lang='lat' dir='ltr'>fuerat</span> <span class='ocrx_word' id='word_1_178' title='bbox 810 1521 852 1545; x_wconf 83' lang='lat' dir='ltr'>ex</span> <span class='ocrx_word' id='word_1_179' title='bbox 884 1507 1060 1544; x_wconf 85' lang='lat' dir='ltr'>novitate</span> <span class='ocrx_word' id='word_1_180' title='bbox 1100 1506 1260 1542; x_wconf 88' lang='lat' dir='ltr'>docium</span> <span class='ocrx_word' id='word_1_181' title='bbox 1300 1517 1426 1541; x_wconf 89' lang='lat' dir='ltr'>novus</span> <span class='ocrx_word' id='word_1_182' title='bbox 1466 1505 1601 1549; x_wconf 90' lang='lat' dir='ltr'>homo,</span> <span class='ocrx_word' id='word_1_183' title='bbox 1642 1503 1696 1539; x_wconf 91' lang='lat' dir='ltr'>ita</span> <span class='ocrx_word' id='word_1_184' title='bbox 1736 1515 1794 1539; x_wconf 93' lang='lat' dir='ltr'>re—</span> 
     </span>
    </p>

    <p class='ocr_par' dir='ltr' id='par_1_8' title="bbox 488 1560 1894 2540">
     <span class='ocr_line' id='line_1_26' title="bbox 488 1560 1794 1615; baseline -0.006 -11"><span class='ocrx_word' id='word_1_185' title='bbox 488 1579 652 1615; x_wconf 78' lang='lat' dir='ltr'>surgens</span> <span class='ocrx_word' id='word_1_186' title='bbox 687 1580 708 1603; x_wconf 85' lang='lat' dir='ltr'>a</span> <span class='ocrx_word' id='word_1_187' title='bbox 741 1575 908 1615; x_wconf 86' lang='lat' dir='ltr'>peccato</span> <span class='ocrx_word' id='word_1_188' title='bbox 942 1574 978 1602; x_wconf 88' lang='lat' dir='ltr'>et</span> <span class='ocrx_word' id='word_1_189' title='bbox 1019 1566 1191 1601; x_wconf 88' lang='lat' dir='ltr'>mundus</span> <span class='ocrx_word' id='word_1_190' title='bbox 1231 1576 1277 1600; x_wconf 88' lang='lat' dir='ltr'>ac</span> <span class='ocrx_word' id='word_1_191' title='bbox 1315 1571 1501 1600; x_wconf 85' lang='lat' dir='ltr'>constans</span> <span class='ocrx_word' id='word_1_192' title='bbox 1542 1561 1580 1597; x_wconf 88' lang='lat' dir='ltr'>in</span> <span class='ocrx_word' id='word_1_193' title='bbox 1618 1561 1680 1597; x_wconf 91' lang='lat' dir='ltr'>via</span> <span class='ocrx_word' id='word_1_194' title='bbox 1718 1560 1794 1597; x_wconf 88' lang='lat' dir='ltr'>vir-</span> 
     </span>
     <span class='ocr_line' id='line_1_27' title="bbox 489 1619 1793 1662; baseline -0.006 0"><span class='ocrx_word' id='word_1_195' title='bbox 489 1634 618 1662; x_wconf 89' lang='lat' dir='ltr'>tutum</span> <span class='ocrx_word' id='word_1_196' title='bbox 663 1626 873 1661; x_wconf 88' lang='lat' dir='ltr'>ambulans</span> <span class='ocrx_word' id='word_1_197' title='bbox 919 1623 1045 1660; x_wconf 88' lang='lat' dir='ltr'>eciam</span> <span class='ocrx_word' id='word_1_198' title='bbox 1085 1622 1230 1659; x_wconf 86' lang='lat' dir='ltr'>dicitur</span> <span class='ocrx_word' id='word_1_199' title='bbox 1268 1634 1394 1658; x_wconf 89' lang='lat' dir='ltr'>novus</span> <span class='ocrx_word' id='word_1_200' title='bbox 1435 1621 1570 1656; x_wconf 88' lang='lat' dir='ltr'>homo.</span> <span class='ocrx_word' id='word_1_201' title='bbox 1617 1619 1658 1654; x_wconf 85' lang='lat' dir='ltr'>Si</span> <span class='ocrx_word' id='word_1_202' title='bbox 1697 1619 1793 1655; x_wconf 80' lang='lat' dir='ltr'>enim</span> 
     </span>
     <span class='ocr_line' id='line_1_28' title="bbox 488 1677 1793 1729; baseline -0.006 -10"><span class='ocrx_word' id='word_1_203' title='bbox 488 1697 561 1720; x_wconf 88' lang='lat' dir='ltr'>nos</span> <span class='ocrx_word' id='word_1_204' title='bbox 595 1682 717 1719; x_wconf 85' lang='lat' dir='ltr'>evulsi</span> <span class='ocrx_word' id='word_1_205' title='bbox 751 1684 798 1719; x_wconf 90' lang='lat' dir='ltr'>de</span> <span class='ocrx_word' id='word_1_206' title='bbox 831 1691 938 1718; x_wconf 85' lang='lat' dir='ltr'>terra</span> <span class='ocrx_word' id='word_1_207' title='bbox 971 1682 1077 1718; x_wconf 90' lang='lat' dir='ltr'>mala</span> <span class='ocrx_word' id='word_1_208' title='bbox 1110 1693 1180 1729; x_wconf 89' lang='lat' dir='ltr'>per</span> <span class='ocrx_word' id='word_1_209' title='bbox 1214 1688 1385 1715; x_wconf 88' lang='lat' dir='ltr'>mortem</span> <span class='ocrx_word' id='word_1_210' title='bbox 1419 1677 1566 1714; x_wconf 86' lang='lat' dir='ltr'>Christi</span> <span class='ocrx_word' id='word_1_211' title='bbox 1599 1677 1793 1726; x_wconf 77' lang='lat' dir='ltr'>complan-</span> 
     </span>
     <span class='ocr_line' id='line_1_29' title="bbox 489 1736 1852 1783; baseline -0.004 -6"><span class='ocrx_word' id='word_1_212' title='bbox 489 1742 559 1777; x_wconf 76' lang='lat' dir='ltr'>tati</span> <span class='ocrx_word' id='word_1_213' title='bbox 588 1754 720 1777; x_wconf 75' lang='lat' dir='ltr'>sumus</span> <span class='ocrx_word' id='word_1_214' title='bbox 758 1741 797 1777; x_wconf 92' lang='lat' dir='ltr'>in</span> <span class='ocrx_word' id='word_1_215' title='bbox 837 1749 941 1776; x_wconf 90' lang='lat' dir='ltr'>terra</span> <span class='ocrx_word' id='word_1_216' title='bbox 982 1739 1100 1775; x_wconf 88' lang='lat' dir='ltr'>flores</span> <span class='ocrx_word' id='word_1_217' title='bbox 1140 1747 1175 1774; x_wconf 89' lang='lat' dir='ltr'>et</span> <span class='ocrx_word' id='word_1_218' title='bbox 1215 1738 1366 1774; x_wconf 88' lang='lat' dir='ltr'>fructus</span> <span class='ocrx_word' id='word_1_219' title='bbox 1398 1736 1590 1772; x_wconf 90' lang='lat' dir='ltr'>virtutum</span> <span class='ocrx_word' id='word_1_220' title='bbox 1630 1747 1700 1783; x_wconf 89' lang='lat' dir='ltr'>per</span> <span class='ocrx_word' id='word_1_221' title='bbox 1732 1747 1795 1770; x_wconf 91' lang='lat' dir='ltr'>or-</span> <span class='ocrx_word' id='word_1_222' title='bbox 1813 1739 1852 1771; x_wconf 81' lang='lat'>25</span> 
     </span>
     <span class='ocr_line' id='line_1_30' title="bbox 491 1792 1795 1846; baseline -0.006 -11"><span class='ocrx_word' id='word_1_223' title='bbox 491 1799 622 1836; x_wconf 82' lang='lat' dir='ltr'>dinem</span> <span class='ocrx_word' id='word_1_224' title='bbox 675 1798 938 1846; x_wconf 76' lang='lat' dir='ltr'>germinante,</span> <span class='ocrx_word' id='word_1_225' title='bbox 991 1806 1027 1833; x_wconf 88' lang='lat' dir='ltr'>et</span> <span class='ocrx_word' id='word_1_226' title='bbox 1079 1798 1153 1833; x_wconf 92' lang='lat' dir='ltr'>hoc</span> <span class='ocrx_word' id='word_1_227' title='bbox 1205 1795 1287 1831; x_wconf 87' lang='lat' dir='ltr'>sine</span> <span class='ocrx_word' id='word_1_228' title='bbox 1338 1793 1642 1839; x_wconf 75' lang='lat' dir='ltr'>recidivacione,</span> <span class='ocrx_word' id='word_1_229' title='bbox 1694 1792 1795 1828; x_wconf 91' lang='lat' dir='ltr'>sicut</span> 
     </span>
     <span class='ocr_line' id='line_1_31' title="bbox 491 1849 1795 1904; baseline -0.006 -11"><span class='ocrx_word' id='word_1_230' title='bbox 491 1857 672 1893; x_wconf 89' lang='lat' dir='ltr'>Christus</span> <span class='ocrx_word' id='word_1_231' title='bbox 712 1856 884 1904; x_wconf 87' lang='lat' dir='ltr'>amplius</span> <span class='ocrx_word' id='word_1_232' title='bbox 922 1868 1003 1891; x_wconf 91' lang='lat' dir='ltr'>non</span> <span class='ocrx_word' id='word_1_233' title='bbox 1048 1854 1230 1897; x_wconf 87' lang='lat' dir='ltr'>moritur,</span> <span class='ocrx_word' id='word_1_234' title='bbox 1277 1852 1439 1889; x_wconf 88' lang='lat' dir='ltr'>indubie</span> <span class='ocrx_word' id='word_1_235' title='bbox 1483 1851 1603 1887; x_wconf 89' lang='lat' dir='ltr'>simul</span> <span class='ocrx_word' id='word_1_236' title='bbox 1647 1849 1795 1886; x_wconf 88' lang='lat' dir='ltr'>erimus</span> 
     </span>
     <span class='ocr_line' id='line_1_32' title="bbox 492 1907 1794 1961; baseline -0.007 -10"><span class='ocrx_word' id='word_1_237' title='bbox 492 1915 619 1951; x_wconf 84' lang='lat' dir='ltr'>dotati</span> <span class='ocrx_word' id='word_1_238' title='bbox 664 1914 791 1961; x_wconf 86' lang='lat' dir='ltr'>gloria</span> <span class='ocrx_word' id='word_1_239' title='bbox 838 1915 887 1950; x_wconf 90' lang='lat' dir='ltr'>ad</span> <span class='ocrx_word' id='word_1_240' title='bbox 933 1912 1238 1949; x_wconf 86' lang='lat' dir='ltr'>similitudinem</span> <span class='ocrx_word' id='word_1_241' title='bbox 1288 1909 1599 1946; x_wconf 88' lang='lat' dir='ltr'>resurreccionis</span> <span class='ocrx_word' id='word_1_242' title='bbox 1633 1907 1794 1944; x_wconf 88' lang='lat' dir='ltr'>Christi.</span> 
     </span>
     <span class='ocr_line' id='line_1_33' title="bbox 493 1965 1799 2021; baseline -0.007 -12"><span class='ocrx_word' id='word_1_243' title='bbox 493 1976 538 2009; x_wconf 84' lang='lat' dir='ltr'>Et</span> <span class='ocrx_word' id='word_1_244' title='bbox 584 1981 692 2021; x_wconf 82' lang='lat' dir='ltr'>patet</span> <span class='ocrx_word' id='word_1_245' title='bbox 739 1972 874 2020; x_wconf 84' lang='lat' dir='ltr'>patule</span> <span class='ocrx_word' id='word_1_246' title='bbox 913 1983 1049 2007; x_wconf 86' lang='lat' dir='ltr'>sensus</span> <span class='ocrx_word' id='word_1_247' title='bbox 1089 1979 1234 2006; x_wconf 80' lang='lat' dir='ltr'>textus:</span> <span class='ocrx_word' id='word_1_248' title='bbox 1276 1969 1328 2011; x_wconf 82' lang='lat' dir='ltr'>Si,</span> <span class='ocrx_word' id='word_1_249' title='bbox 1369 1967 1510 2016; x_wconf 87' lang='lat' dir='ltr'>inquit,</span> <span class='ocrx_word' id='word_1_250' title='bbox 1550 1965 1799 2015; x_wconf 71' lang='lat' dir='ltr'>complantati</span> 
     </span>
     <span class='ocr_line' id='line_1_34' title="bbox 491 2026 1855 2074; baseline -0.007 -7"><span class='ocrx_word' id='word_1_251' title='bbox 491 2032 587 2074; x_wconf 71' lang='lat' dir='ltr'>facti</span> <span class='ocrx_word' id='word_1_252' title='bbox 633 2043 764 2066; x_wconf 80' lang='lat' dir='ltr'>sumus</span> <span class='ocrx_word' id='word_1_253' title='bbox 815 2029 1057 2065; x_wconf 77' lang='lat' dir='ltr'>similitudini</span> <span class='ocrx_word' id='word_1_254' title='bbox 1109 2028 1244 2063; x_wconf 78' lang='lat' dir='ltr'>mortis</span> <span class='ocrx_word' id='word_1_255' title='bbox 1289 2027 1380 2070; x_wconf 79' lang='lat' dir='ltr'>eius,</span> <span class='ocrx_word' id='word_1_256' title='bbox 1424 2026 1538 2061; x_wconf 78' lang='lat' dir='ltr'>simul</span> <span class='ocrx_word' id='word_1_257' title='bbox 1581 2032 1615 2061; x_wconf 85' lang='lat' dir='ltr'>et</span> <span class='ocrx_word' id='word_1_258' title='bbox 1665 2036 1796 2059; x_wconf 78' lang='lat' dir='ltr'>resztr-</span> <span class='ocrx_word' id='word_1_259' title='bbox 1815 2027 1855 2059; x_wconf 78' lang='lat'>30</span> 
     </span>
     <span class='ocr_line' id='line_1_35' title="bbox 493 2083 1797 2133; baseline -0.006 -9"><span class='ocrx_word' id='word_1_260' title='bbox 493 2089 676 2125; x_wconf 75' lang='lat' dir='ltr'>reccionis</span> <span class='ocrx_word' id='word_1_261' title='bbox 707 2088 861 2124; x_wconf 76' lang='lat' dir='ltr'>erimus.</span> <span class='ocrx_word' id='word_1_262' title='bbox 908 2089 1009 2123; x_wconf 90' lang='lat' dir='ltr'>Nam</span> <span class='ocrx_word' id='word_1_263' title='bbox 1050 2086 1088 2122; x_wconf 83' lang='lat' dir='ltr'>in</span> <span class='ocrx_word' id='word_1_264' title='bbox 1128 2086 1212 2133; x_wconf 87' lang='lat' dir='ltr'>lege</span> <span class='ocrx_word' id='word_1_265' title='bbox 1244 2083 1367 2121; x_wconf 69' lang='lat' dir='ltr'>veteri</span> <span class='ocrx_word' id='word_1_266' title='bbox 1399 2096 1524 2131; x_wconf 86' lang='lat' dir='ltr'>usque</span> <span class='ocrx_word' id='word_1_267' title='bbox 1557 2083 1606 2119; x_wconf 90' lang='lat' dir='ltr'>ad</span> <span class='ocrx_word' id='word_1_268' title='bbox 1639 2091 1797 2129; x_wconf 88' lang='lat' dir='ltr'>tempus</span> 
     </span>
     <span class='ocr_line' id='line_1_36' title="bbox 494 2119 1894 2196; baseline -0.007 -13"><span class='ocrx_word' id='word_1_269' title='bbox 494 2145 788 2183; x_wconf 79' lang='lat' dir='ltr'>incarnacionis</span> <span class='ocrx_word' id='word_1_270' title='bbox 828 2144 976 2182; x_wconf 87' lang='lat' dir='ltr'>Christi</span> <span class='ocrx_word' id='word_1_271' title='bbox 1017 2143 1230 2180; x_wconf 84' lang='lat' dir='ltr'>maledicta</span> <span class='ocrx_word' id='word_1_272' title='bbox 1268 2143 1396 2178; x_wconf 88' lang='lat' dir='ltr'>fuerat</span> <span class='ocrx_word' id='word_1_273' title='bbox 1424 2137 1428 2193; x_wconf 84' lang='grc' dir='ltr'>Ι</span> <span class='ocrx_word' id='word_1_274' title='bbox 1459 2150 1564 2177; x_wconf 89' lang='lat' dir='ltr'>terra</span> <span class='ocrx_word' id='word_1_275' title='bbox 1609 2138 1796 2181; x_wconf 76' lang='lat' dir='ltr'>hominis,</span> <span class='ocrx_word' id='word_1_276' title='bbox 1815 2119 1894 2196; x_wconf 45' lang='lat' dir='ltr'><strong>[⁰5¹ss</strong></span> 
     </span>
     <span class='ocr_line' id='line_1_37' title="bbox 494 2186 1850 2250; baseline -0.007 -10"><span class='ocrx_word' id='word_1_277' title='bbox 494 2214 535 2240; x_wconf 92' lang='lat' dir='ltr'>ut</span> <span class='ocrx_word' id='word_1_278' title='bbox 569 2206 664 2240; x_wconf 87' lang='lat' dir='ltr'>Gen.</span> <span class='ocrx_word' id='word_1_279' title='bbox 700 2206 784 2249; x_wconf 81' lang='lat'>1110,</span> <span class='ocrx_word' id='word_1_280' title='bbox 816 2216 860 2250; x_wconf 87' lang='lat'>17</span> <span class='ocrx_word' id='word_1_281' title='bbox 897 2202 1059 2238; x_wconf 87' lang='lat' dir='ltr'>dicitur:</span> <span class='ocrx_word' id='word_1_282' title='bbox 1100 2201 1309 2237; x_wconf 66' lang='lat' dir='ltr'>Alaledicta</span> <span class='ocrx_word' id='word_1_283' title='bbox 1348 2208 1454 2236; x_wconf 75' lang='lat' dir='ltr'>terra</span> <span class='ocrx_word' id='word_1_284' title='bbox 1494 2200 1529 2234; x_wconf 82' lang='lat' dir='ltr'>in</span> <span class='ocrx_word' id='word_1_285' title='bbox 1569 2210 1684 2247; x_wconf 75' lang='lat' dir='ltr'>opere</span> <span class='ocrx_word' id='word_1_286' title='bbox 1721 2186 1850 2239; x_wconf 48' lang='lat' dir='ltr'><em>tumus</em></span> 
     </span>
     <span class='ocr_line' id='line_1_38' title="bbox 494 2255 1797 2308; baseline -0.007 -10"><span class='ocrx_word' id='word_1_287' title='bbox 494 2264 561 2299; x_wconf 85' lang='lat' dir='ltr'>sed</span> <span class='ocrx_word' id='word_1_288' title='bbox 601 2262 640 2297; x_wconf 84' lang='lat' dir='ltr'>in</span> <span class='ocrx_word' id='word_1_289' title='bbox 685 2262 770 2308; x_wconf 84' lang='lat' dir='ltr'>lege</span> <span class='ocrx_word' id='word_1_290' title='bbox 814 2273 916 2297; x_wconf 85' lang='lat' dir='ltr'>nova</span> <span class='ocrx_word' id='word_1_291' title='bbox 961 2260 1106 2296; x_wconf 82' lang='lat' dir='ltr'>virtute</span> <span class='ocrx_word' id='word_1_292' title='bbox 1151 2257 1446 2295; x_wconf 86' lang='lat' dir='ltr'>incarnacionis</span> <span class='ocrx_word' id='word_1_293' title='bbox 1487 2255 1647 2301; x_wconf 89' lang='lat' dir='ltr'>Christi,</span> <span class='ocrx_word' id='word_1_294' title='bbox 1692 2263 1797 2290; x_wconf 88' lang='lat' dir='ltr'>terra</span> 
     </span>
     <span class='ocr_line' id='line_1_39' title="bbox 496 2313 1854 2366; baseline -0.007 -10"><span class='ocrx_word' id='word_1_295' title='bbox 496 2319 659 2356; x_wconf 80' lang='lat' dir='ltr'>humani</span> <span class='ocrx_word' id='word_1_296' title='bbox 692 2318 846 2366; x_wconf 84' lang='lat' dir='ltr'>generis</span> <span class='ocrx_word' id='word_1_297' title='bbox 879 2318 1007 2354; x_wconf 87' lang='lat' dir='ltr'>fuerat</span> <span class='ocrx_word' id='word_1_298' title='bbox 1040 2316 1262 2353; x_wconf 87' lang='lat' dir='ltr'>benedicta.</span> <span class='ocrx_word' id='word_1_299' title='bbox 1310 2316 1349 2351; x_wconf 84' lang='lat' dir='ltr'>Si</span> <span class='ocrx_word' id='word_1_300' title='bbox 1389 2327 1481 2362; x_wconf 88' lang='lat' dir='ltr'>ergo</span> <span class='ocrx_word' id='word_1_301' title='bbox 1521 2314 1561 2350; x_wconf 90' lang='lat' dir='ltr'>in</span> <span class='ocrx_word' id='word_1_302' title='bbox 1593 2313 1660 2349; x_wconf 91' lang='lat' dir='ltr'>illa</span> <span class='ocrx_word' id='word_1_303' title='bbox 1692 2321 1798 2348; x_wconf 87' lang='lat' dir='ltr'>terra</span> <span class='ocrx_word' id='word_1_304' title='bbox 1815 2316 1854 2349; x_wconf 82' lang='lat'>35</span> 
     </span>
     <span class='ocr_line' id='line_1_40' title="bbox 498 2371 1798 2426; baseline -0.006 -13"><span class='ocrx_word' id='word_1_305' title='bbox 498 2376 665 2426; x_wconf 84' lang='lat' dir='ltr'>plantati</span> <span class='ocrx_word' id='word_1_306' title='bbox 700 2376 891 2412; x_wconf 88' lang='lat' dir='ltr'>fuerimus</span> <span class='ocrx_word' id='word_1_307' title='bbox 924 2374 1220 2412; x_wconf 87' lang='lat' dir='ltr'>benediccionis</span> <span class='ocrx_word' id='word_1_308' title='bbox 1255 2373 1416 2419; x_wconf 83' lang='lat' dir='ltr'>Christi,</span> <span class='ocrx_word' id='word_1_309' title='bbox 1456 2371 1672 2420; x_wconf 89' lang='lat' dir='ltr'>participes</span> <span class='ocrx_word' id='word_1_310' title='bbox 1704 2379 1798 2406; x_wconf 90' lang='lat' dir='ltr'>tunc</span> 
     </span>
     <span class='ocr_line' id='line_1_41' title="bbox 496 2427 1798 2482; baseline -0.007 -11"><span class='ocrx_word' id='word_1_311' title='bbox 496 2435 588 2472; x_wconf 87' lang='lat' dir='ltr'>facti</span> <span class='ocrx_word' id='word_1_312' title='bbox 636 2447 772 2470; x_wconf 87' lang='lat' dir='ltr'>sumus</span> <span class='ocrx_word' id='word_1_313' title='bbox 820 2447 889 2482; x_wconf 86' lang='lat' dir='ltr'>per</span> <span class='ocrx_word' id='word_1_314' title='bbox 936 2433 1111 2482; x_wconf 83' lang='lat' dir='ltr'>graciam</span> <span class='ocrx_word' id='word_1_315' title='bbox 1163 2432 1281 2468; x_wconf 86' lang='lat' dir='ltr'>simul</span> <span class='ocrx_word' id='word_1_316' title='bbox 1323 2444 1412 2467; x_wconf 85' lang='lat' dir='ltr'>vere</span> <span class='ocrx_word' id='word_1_317' title='bbox 1456 2429 1596 2466; x_wconf 88' lang='lat' dir='ltr'>mortis</span> <span class='ocrx_word' id='word_1_318' title='bbox 1639 2427 1798 2464; x_wconf 86' lang='lat' dir='ltr'>Christi.</span> 
     </span>
     <span class='ocr_line' id='line_1_42' title="bbox 496 2488 1800 2540; baseline -0.006 -11"><span class='ocrx_word' id='word_1_319' title='bbox 496 2497 576 2530; x_wconf 89' lang='lat' dir='ltr'>Nec</span> <span class='ocrx_word' id='word_1_320' title='bbox 616 2492 781 2528; x_wconf 90' lang='lat' dir='ltr'>dubium</span> <span class='ocrx_word' id='word_1_321' title='bbox 820 2492 915 2540; x_wconf 85' lang='lat' dir='ltr'>quin</span> <span class='ocrx_word' id='word_1_322' title='bbox 954 2501 1048 2527; x_wconf 86' lang='lat' dir='ltr'>tunc</span> <span class='ocrx_word' id='word_1_323' title='bbox 1094 2490 1241 2526; x_wconf 89' lang='lat' dir='ltr'>erimus</span> <span class='ocrx_word' id='word_1_324' title='bbox 1286 2488 1502 2536; x_wconf 87' lang='lat' dir='ltr'>participes</span> <span class='ocrx_word' id='word_1_325' title='bbox 1547 2488 1697 2523; x_wconf 87' lang='lat' dir='ltr'>fructus</span> <span class='ocrx_word' id='word_1_326' title='bbox 1742 2497 1800 2521; x_wconf 89' lang='lat' dir='ltr'>re-</span> 
     </span>
    </p>
   </div>
   <div class='ocr_carea' id='block_1_4' title="bbox 495 2549 1803 2773">
    <p class='ocr_par' dir='ltr' id='par_1_9' title="bbox 495 2549 1803 2773">
     <span class='ocr_line' id='line_1_43' title="bbox 495 2549 773 2587; baseline -0.011 0"><span class='ocrx_word' id='word_1_327' title='bbox 495 2549 773 2587; x_wconf 84' lang='lat' dir='ltr'>surreccionis.</span> 
     </span>
     <span class='ocr_line' id='line_1_44' title="bbox 566 2699 1803 2740; baseline -0.007 -5"><span class='ocrx_word' id='word_1_328' title='bbox 566 2708 607 2735; x_wconf 64' lang='lat'>16.</span> <span class='ocrx_word' id='word_1_329' title='bbox 628 2707 722 2734; x_wconf 55' lang='grc' dir='ltr'><strong>(ζωὰς</strong></span> <span class='ocrx_word' id='word_1_330' title='bbox 745 2707 844 2740; x_wconf 63' lang='lat' dir='ltr'>baptis.</span> <span class='ocrx_word' id='word_1_331' title='bbox 953 2713 999 2738; x_wconf 74' lang='lat'>24.</span> <span class='ocrx_word' id='word_1_332' title='bbox 1020 2704 1062 2731; x_wconf 77' lang='lat'>25.</span> <span class='ocrx_word' id='word_1_333' title='bbox 1083 2703 1178 2730; x_wconf 73' lang='lat' dir='ltr'>Cod:</span> <span class='ocrx_word' id='word_1_334' title='bbox 1199 2703 1354 2737; x_wconf 78' lang='lat' dir='ltr'>complati.</span> <span class='ocrx_word' id='word_1_335' title='bbox 1462 2700 1505 2728; x_wconf 81' lang='lat'>32.</span> <span class='ocrx_word' id='word_1_336' title='bbox 1527 2700 1620 2728; x_wconf 87' lang='lat' dir='ltr'>Cod.:</span> <span class='ocrx_word' id='word_1_337' title='bbox 1642 2699 1803 2726; x_wconf 81' lang='lat' dir='ltr'>maledicta</span> 
     </span>
     <span class='ocr_line' id='line_1_45' title="bbox 497 2735 1598 2773; baseline -0.007 -3"><span class='ocrx_word' id='word_1_338' title='bbox 497 2742 574 2770; x_wconf 81' lang='lat' dir='ltr'>sicut</span> <span class='ocrx_word' id='word_1_339' title='bbox 594 2747 682 2768; x_wconf 75' lang='lat' dir='ltr'>terra.</span> <span class='ocrx_word' id='word_1_340' title='bbox 755 2740 801 2773; x_wconf 72' lang='lat'>34.</span> <span class='ocrx_word' id='word_1_341' title='bbox 824 2740 918 2768; x_wconf 82' lang='lat' dir='ltr'>Cod.:</span> <span class='ocrx_word' id='word_1_342' title='bbox 941 2739 1056 2766; x_wconf 81' lang='lat' dir='ltr'>Christi</span> <span class='ocrx_word' id='word_1_343' title='bbox 1078 2739 1179 2765; x_wconf 81' lang='lat' dir='ltr'>twice.</span> <span class='ocrx_word' id='word_1_344' title='bbox 1251 2736 1295 2773; x_wconf 79' lang='lat'>37.</span> <span class='ocrx_word' id='word_1_345' title='bbox 1318 2737 1412 2765; x_wconf 85' lang='lat' dir='ltr'>Cod.:</span> <span class='ocrx_word' id='word_1_346' title='bbox 1435 2736 1525 2763; x_wconf 85' lang='lat' dir='ltr'>simul</span> <span class='ocrx_word' id='word_1_347' title='bbox 1547 2735 1598 2762; x_wconf 86' lang='lat' dir='ltr'>ibi.</span> 
     </span>
    </p>
   </div>
   <div class='ocr_carea' id='block_1_5' title="bbox 572 2855 1161 2899">
    <p class='ocr_par' dir='ltr' id='par_1_10' title="bbox 572 2855 1161 2899">
     <span class='ocr_line' id='line_1_46' title="bbox 572 2855 1161 2899; baseline -0.005 -10"><span class='ocrx_word' id='word_1_348' title='bbox 572 2869 621 2898; x_wconf 79' lang='lat'>14.</span> <span class='ocrx_word' id='word_1_349' title='bbox 650 2858 751 2889; x_wconf 87' lang='lat' dir='ltr'>Rom.</span> <span class='ocrx_word' id='word_1_350' title='bbox 771 2857 827 2895; x_wconf 88' lang='lat' dir='ltr'>VI,</span> <span class='ocrx_word' id='word_1_351' title='bbox 853 2869 884 2897; x_wconf 83' lang='lat'>4.</span> <span class='ocrx_word' id='word_1_352' title='bbox 982 2865 1033 2899; x_wconf 84' lang='lat'>29.</span> <span class='ocrx_word' id='word_1_353' title='bbox 1059 2855 1104 2887; x_wconf 81' lang='lat' dir='ltr'>ib.</span> <span class='ocrx_word' id='word_1_354' title='bbox 1132 2855 1161 2886; x_wconf 77' lang='lat'>5.</span> 
     </span>
    </p>
   </div>
  </div>
 </body>
</html>
