1944 3323
145 210 225 256 432

168 1721 262 1748 what
284 1729 333 1747 are
354 1721 401 1746 {lic

182 1756 308 1782 brcadtb
331 1755 389 1781 aud

197 1791 296 1824 leugtb
319 1791 377 1816 aud

201 1825 292 1859 depth
315 1825 372 1851 :lud

162 1859 265 1893 height
284 1860 317 1885 Of
337 1859 417 1885 (iod,

726 216 950 248 ioriANNJs
971 215 1151 247 wchF
1169 215 1425 247 sERMONUM
1530 200 1685 257 [SERMO
1705 211 1739 238 L.

432 323 679 371 prestancius
702 336 822 371 quam
847 323 988 359 divicie
1020 324 1281 371 temporales:
1315 335 1405 359 nam
1434 324 1559 358 Deum
1594 323 1740 358 habere

433 382 659 429 potenciam
696 390 871 417 eternam
907 382 956 417 ad
990 381 1122 417 taliter
1155 390 1191 417 et
1223 380 1356 417 taliter
1389 379 1597 416 ditandum
1633 392 1740 415 crea-

433 449 561 476 turam
610 452 721 475 suam
767 447 857 474 sunt
903 447 1035 474 eterne
1079 438 1219 475 divicie
1267 438 1410 486 quibus
1444 440 1548 473 Deus
1586 436 1741 473 videtur

434 510 516 533 esse
556 497 778 533 formaliter
811 496 930 533 dives.
977 499 1025 532 Et
1057 496 1112 532 sic
1152 496 1331 544 implicat
1364 496 1580 543 Apostolus
1612 493 1741 531 verbis

434 554 644 591 subtilibus
685 555 818 599 iidem,
859 566 968 602 spem
1010 563 1046 590 ct
1087 554 1316 599 caritatcm;
1363 554 1479 589 iidem
1522 553 1774 588 secundum5

434 626 553 661 quam
578 613 759 648 Christus
791 621 871 648 tam
905 612 1052 648 deitate
1083 624 1203 660 quam
1237 611 1485 648 humanitate
1518 610 1671 647 habitat
1704 609 1741 644 in

434 671 622 707 cordibus
661 670 858 713 fidelium3
897 683 1006 718 spem
1049 682 1118 717 per
1151 669 1342 717 Spiritum
1378 670 1569 706 Sanctum
1604 680 1743 704 conso-

434 730 581 765 lantem
616 729 665 764 ad
700 727 989 764 beatitudinem
1025 728 1365 775 consequendum.
1388 729 1502 763 Tunc
1537 725 1641 763 enim
1676 738 1745 773 per

435 786 629 835 Spiritum
677 787 868 823 Sanctum
921 787 1208 822 corroboratur
1258 786 1380 821 homo
1432 784 1610 821 interior.
1668 784 1744 819 Sed

434 845 559 881 tercio
593 843 762 892 explicat
795 843 1018 889 caritatem,
1053 856 1143 880 cum
1174 842 1339 879 dicitur:
1373 844 1414 878 In
1447 843 1608 879 caritate
1640 841 1744 877 radi·
1765 856 1803 878 10

435 903 512 939 cati
548 910 582 938 et
609 902 786 951 fundati,
826 909 865 937 ut
897 902 1055 951 possitis
1092 902 1419 951 comprehendere
1450 914 1533 937 cum
1576 900 1747 935 omnibus

435 961 577 997 sanctis
615 972 686 1009 que
723 961 771 996 sit
809 960 987 1006 latitudo,
1027 960 1228 1009 longitudo
1268 967 1302 995 et
1341 959 1556 995 sublimitas
1588 966 1623 993 et
1650 970 1745 1006 pro-

424 1019 613 1067 fundum,
646 1018 721 1054 hoc
755 1026 824 1063 est,
858 1031 930 1054 oro
963 1027 1005 1053 ut
1035 1017 1119 1053 sitis
1152 1017 1191 1052 in
1225 1017 1390 1054 caritate
1424 1016 1590 1054 radicati
1615 1016 1748 1064 quoad

435 1077 556 1113 vitam
589 1076 759 1113 activam
790 1075 976 1121 fluidam3
1008 1088 1084 1124 que
1113 1075 1196 1111 sine
1227 1075 1361 1112 radice
1390 1073 1748 1123 predestinacionis

437 1135 475 1170 in
498 1135 579 1171 vita
611 1134 687 1171 ista
726 1147 748 1170 a
790 1133 1037 1170 beatitudine
1061 1134 1253 1179 efflueret,
1288 1146 1377 1169 cum
1402 1133 1486 1169 sitis
1509 1132 1548 1168 in
1572 1133 1646 1168 hac
1668 1131 1748 1168 vita
1767 1134 1803 1167 15

437 1202 478 1228 ut
512 1195 676 1230 arbores
709 1205 813 1241 aqua
847 1201 883 1228 et
913 1191 1041 1228 ventis
1076 1191 1352 1239 multipliciter
1373 1191 1624 1235 vacillantes3
1658 1189 1747 1225 ideo

437 1263 597 1287 necesse
631 1259 687 1287 est
711 1259 752 1286 ut
786 1249 869 1286 sitis
903 1258 1110 1298 tamquam
1144 1251 1306 1286 arbores
1340 1249 1379 1285 in
1412 1248 1578 1285 caritate
1601 1248 1748 1284 forma-

438 1309 526 1345 liter
559 1308 742 1353 radicati‚
777 1317 814 1344 et
847 1309 981 1356 quoad
1012 1307 1133 1344 vitam
1176 1307 1531 1355 contemplativam
1565 1305 1747 1343 stabilem

438 1366 617 1403 habeatis
663 1365 871 1402 caritatem
918 1374 1147 1402 constanter
1186 1365 1392 1401 fundatam
1438 1374 1645 1413 tamquam
1692 1363 1750 1398 in-

439 1424 643 1461 mobilem.
690 1426 762 1460 Per
806 1424 927 1459 talem
972 1423 1135 1471 quidem
1183 1423 1391 1459 caritatem
1436 1422 1602 1471 potestis
1646 1422 1748 1457 ultra
1765 1434 1808 1455 20

439 1483 708 1519 conscendere
732 1482 781 1518 ad
816 1482 1238 1529 comprehendendum
1265 1494 1353 1517 cum
1388 1480 1572 1517 omnibus
1605 1478 1751 1516 sanctis

438 1550 518 1576 tam
562 1540 712 1587 angelis
751 1552 870 1587 quam
917 1539 1147 1575 hominibus
1192 1538 1231 1574 in
1269 1538 1514 1575 beatitudine
1561 1537 1750 1573 noticiam

438 1598 647 1634 Trinitatis
682 1606 718 1634 et
748 1597 978 1645 passionum
1013 1597 1092 1634 sive
1125 1597 1340 1633 nocionum
1365 1609 1441 1645 que
1474 1609 1554 1633 non
1587 1595 1752 1644 potestis

441 1657 784 1704 comprehendere
817 1655 880 1691 hic
914 1655 951 1691 in
984 1655 1059 1691 via.

500 1717 573 1750 Iste
614 1723 745 1750 autem
782 1722 955 1761 quatuor
994 1712 1261 1761 proprietates
1294 1712 1400 1749 varic
1441 1721 1607 1760 possunt
1640 1711 1809 1747 intel-25

441 1772 523 1819 ligi,
565 1780 605 1807 ut
648 1772 743 1808 satis
777 1770 1040 1819 probabiliter
1073 1784 1143 1819 per
1176 1771 1428 1807 latitudinem
1465 1770 1534 1807 Dei
1569 1769 1753 1816 intelligi-

442 1839 505 1866 tur
545 1829 626 1866 eius
667 1829 928 1874 immensitas,
974 1842 1044 1877 per
1086 1829 1374 1876 longitudinem
1423 1828 1504 1864 eius
1549 1827 1751 1873 eternitas,

442 1900 511 1936 per
550 1887 812 1924 subtilitatem
854 1887 936 1923 eius
975 1886 1151 1923 infinitas
1191 1896 1227 1923 et
1267 1899 1337 1935 per
1382 1887 1623 1934 profundum
1671 1885 1753 1921 eius

441 1945 637 1982 stabilitas
671 1945 750 1981 sive
783 1945 994 1981 subtilitas.
1030 1944 1245 1992 Gregorius
1278 1954 1410 1981 autem
1448 1946 1501 1979 ΧΓ)
1525 1943 1752 1988 Moralium,

442 2003 496 2040 sic
537 2003 720 2050 intelligit
760 2003 878 2039 istum
920 2011 1090 2039 textum:
1132 2003 1272 2047 Habet,
1312 2002 1451 2051 inquit,
1487 2003 1593 2038 Deus
1625 2002 1752 2037 latitu-
1771 2014 1812 2034 30

443 2062 582 2108 dinem,
616 2061 702 2109 quia
737 2061 979 2097 dileccionem
1013 2073 1120 2096 suam
1155 2073 1271 2108 usque
1302 2062 1354 2095 ad
1380 2067 1653 2109 persequentes
1685 2071 1752 2095 ex-

441 2120 579 2165 tendit‚·
611 2120 720 2154 hahet
745 2119 1036 2168 longitudinem,
1061 2119 1146 2166 quia
1170 2119 1221 2153 ad
1245 2118 1317 2153 vile
1334 2119 1505 2167 patriam
1529 2131 1596 2154 nos
1619 2119 1754 2166 longa-

442 2177 595 2212 nimiter
617 2177 819 2212 tolerando
838 2177 1039 2225 perducit;
1062 2177 1171 2211 habet
1194 2176 1455 2220 subtilitatem,
1474 2176 1558 2224 quia
1583 2176 1753 2224 ipsorum

442 2235 741 2284 intelligencimn
777 2234 841 2282 qui
872 2235 1015 2283 recepti
1045 2234 1080 2268 in
1113 2246 1321 2282 supernum
1346 2234 1502 2282 fuerint
1534 2245 1753 2282 congrega-

443 2293 586 2328 cionem
621 2292 855 2327 transcendit
879 2300 914 2327 et
936 2293 1046 2327 Ιιαίνθῖ
1065 2293 1322 2340 profundum,
1347 2292 1432 2339 quia
1457 2291 1676 2339 dampnatis
1699 2290 1752 2325 in-
1772 2292 1810 2323 35

433 2351 567 2398 serius
591 2350 846 2385 districcionis
860 2362 926 2385 sue
941 2350 1120 2385 iudicium
1140 2349 1575 2398 inconzprelzensilyilitei·
1589 2349 1753 2384 exhibet.

450 2409 532 2451 Que
563 2415 728 2456 quatuor
759 2415 914 2444 exercet
947 2408 982 2443 in
1015 2408 1121 2443 nobis
1142 2407 1307 2457 singulis
1325 2407 1463 2455 positis
1495 2407 1530 2441 in
1563 2407 1633 2442 hac
1666 2406 1754 2448 vitu,

444 2467 529 2513 quia
575 2473 609 2501 et
655 2466 894 2502 latitudinem
939 2466 1118 2511 amando,
1164 2466 1441 2514 longitudinem
1481 2464 1682 2500 tolerando
1721 2470 1755 2498 el

445 2524 706 2559 celsitudinem
741 2536 812 2559 non
844 2524 968 2559 solum
1003 2531 1173 2559 nostram
1198 2523 1496 2572 intelligenciczm
1520 2523 1588 2557 sed
1610 2529 1645 2557 et
1669 2528 1753 2556 uota

443 2582 674 2629 superando.
723 2582 774 2616 Et
813 2581 1120 2629 profunditatem
1165 2593 1272 2615 suam
1319 2580 1470 2616 exhibet
1510 2580 1677 2615 occultos
1721 2586 1812 2622 et40

513 2702 559 2737 34.
582 2703 675 2730 Cod.:
698 2711 831 2737 superna
852 2704 964 2731 fuerint
984 2704 1235 2738 congregacione.

522 2797 571 2818 10.
598 2786 686 2828 Eph.
708 2787 762 2827 ΙΙΙ,
787 2798 836 2829 17,
861 2786 911 2819 18.
1009 2787 1050 2819 30
1089 2789 1124 2819 S.
1143 2787 1319 2828 Gregrorii
1348 2787 1434 2817 Mor.
1455 2786 1509 2816 libi
1532 2786 1572 2823 X,
1600 2795 1674 2826 cap.
1697 2784 1752 2814 IX.

447 2833 539 2874 Opp.
566 2840 651 2864 tom.
679 2833 703 2871 Ι,
729 2843 806 2874 pag.
834 2832 910 2873 346.
