1944 3323
145 247 221 282 516

187 775 253 802 The
274 780 362 803 tetra-

175 815 379 845 grammaton.

148 2162 174 2186 S.
200 2161 244 2187 He
265 2161 325 2187 will
349 2161 414 2194 give

154 2196 266 2222 cternal
289 2196 362 2222 miss
384 2200 414 2222 10

171 2231 227 2258 His
248 2235 396 2258 servants.

723 250 944 283 JOHANNIS
962 248 1145 281 wchF
1162 247 1418 280 SERMONUM
1486 233 1637 291 [SERMO
1659 243 1736 272 mx.

428 360 565 396 vocale
598 360 667 395 sed
700 358 817 403 reale,
851 364 1012 404 oportet
1045 366 1204 391 movere
1229 356 1366 391 beatos
1398 353 1574 401 singulos
1598 354 1648 389 ad
1680 352 1736 389 sic

427 418 666 454 vocandum.
711 417 759 451 Et
803 422 898 451 nota
942 414 1050 462 quod
1095 412 1200 449 circa
1243 413 1319 448 hoc
1362 423 1510 447 nomen
1547 411 1738 447 Dominus

428 476 549 511 iustus
576 481 705 510 noster
737 473 984 509 contendunt
1012 470 1188 519 plurimi,
1222 471 1290 506 sed
1313 469 1406 518 quia
1429 468 1504 505 ista
1528 468 1736 505 contencio

430 542 487 569 est
520 533 689 568 multum
724 530 916 579 apocrifa,
950 529 1039 565 ideo
1064 528 1194 565 dicam
1218 526 1469 576 probabilem
1493 526 1734 563 sentenciam

431 592 551 627 modo
590 602 669 638 quo
708 588 798 625 talis
836 587 1041 624 sentencia
1079 595 1137 623 est
1176 586 1389 634 loquenda.
1436 584 1591 620 Dicitur
1631 584 1769 620 enim5

430 649 537 697 quod
570 646 785 684 translacio
819 644 1080 694 Septuaginta
1114 652 1150 680 et
1184 642 1382 680 Hebraica
1413 642 1557 678 veritas
1590 643 1738 678 habent

430 708 518 742 loco
571 704 687 741 huius
745 703 905 740 termini
958 703 1148 738 Dominus
1199 713 1345 737 nomen
1398 699 1560 736 Domini
1617 708 1737 736 tetra-

430 771 698 811 grammaton,
730 770 766 798 et
788 762 1008 798 secundum
1033 761 1312 807 Radymoysen
1338 758 1377 793 in
1409 757 1511 794 libro
1540 759 1587 793 de
1614 757 1740 794 direc-

431 821 544 858 cione
588 819 901 869 propheciarum
941 819 1016 854 hoc
1060 830 1209 854 nomen
1253 823 1604 865 tetragrammaton
1646 816 1739 862 (hoc

431 888 500 925 est,
535 887 708 927 quatuor
740 877 962 921 literarum,
996 888 1094 924 quas
1128 888 1217 911 cum
1252 886 1389 910 earum
1422 872 1588 909 vocibus
1626 872 1738 921 igno·
1759 884 1797 905 10

431 941 596 982 ramus),
629 949 719 972 cum
744 948 823 971 non
846 934 895 971 sit
928 935 1003 970 hoc
1035 945 1183 969 nomen
1207 934 1325 977 Deus,
1360 930 1594 979 impositum
1629 940 1685 967 est
1717 921 1837 982 aFOIL,

431 997 514 1031 Deo
553 996 603 1031 ad
641 993 949 1042 significandum
997 991 1156 1028 cuidam
1204 989 1287 1026 eius
1327 989 1545 1025 essenciam
1590 990 1739 1036 absque
1756 965 1820 998 35²

431 1061 614 1100 respectu
656 1053 706 1088 ad
754 1059 993 1095 creaturam,
1040 1057 1077 1085 et
1120 1048 1210 1084 ideo
1250 1056 1307 1084 est
1345 1046 1737 1091 incommunicabile,

431 1110 533 1147 sicut
576 1123 657 1146 non
701 1118 758 1145 est
786 1104 791 1162 1
821 1110 895 1144 hoc
939 1119 1088 1144 nomen
1134 1106 1309 1142 dominus
1351 1117 1425 1141 nec
1469 1106 1545 1141 hoc
1589 1116 1737 1140 nomen

431 1170 538 1205 Deus
582 1171 639 1211 (ut
677 1175 786 1215 patet
819 1165 943 1202 Exodi
976 1166 1137 1210 XX110);
1177 1164 1282 1199 unde
1326 1162 1419 1199 solis
1464 1162 1794 1199 sacerdotibu515

430 1228 649 1262 Judeorum
687 1223 799 1261 licuit
837 1223 1046 1260 nominare
1079 1223 1154 1258 hoc
1191 1233 1340 1258 nomen
1379 1229 1416 1256 et
1453 1233 1535 1257 non
1573 1219 1740 1256 ubilibet

433 1285 501 1320 sed
534 1283 573 1319 in
605 1283 771 1331 templo.

490 1341 593 1387 Quia
630 1353 723 1388 ergo
761 1353 841 1376 non
874 1340 1042 1375 habetur
1074 1349 1223 1373 nomen
1260 1335 1429 1372 latinum
1462 1334 1539 1372 sibi
1570 1347 1739 1382 synony-

434 1413 555 1445 mum,
589 1398 680 1435 ideo
713 1398 974 1434 translatores
1004 1403 1223 1443 posuerunt
1255 1395 1345 1430 loco
1379 1392 1461 1429 eius
1485 1394 1560 1428 hoc
1592 1404 1739 1428 nomen

433 1458 607 1494 dominus
629 1457 689 1492 vel
712 1456 788 1492 hoc
820 1467 967 1491 nomen
991 1455 1098 1489 Deus
1129 1452 1212 1489 sine
1247 1450 1600 1495 determinacione,
1633 1451 1738 1486 unde
1756 1461 1798 1483 20

433 1514 649 1551 translacio
673 1513 863 1551 Caldaica
895 1513 1014 1548 habet
1038 1512 1112 1547 hoc
1144 1522 1292 1546 nomen
1314 1509 1479 1545 Messias
1510 1509 1599 1544 loco
1624 1507 1739 1544 huius

433 1572 606 1609 nominis
639 1572 834 1615 dominus,·
872 1579 908 1606 et
946 1570 1002 1606 sic
1040 1568 1188 1605 viciant
1221 1566 1465 1616 expositores
1498 1565 1620 1614 aliqui
1653 1578 1739 1602 sen-

433 1630 584 1667 tencias
629 1630 914 1666 modernorum
956 1628 1219 1671 Hebreorum,
1265 1624 1331 1674 qui
1376 1624 1432 1661 sic
1477 1632 1741 1671 corrumpunt

434 1689 591 1725 literam
633 1687 819 1723 dominus
860 1688 964 1722 Deus
1002 1683 1162 1721 vocabit
1201 1696 1290 1720 eum
1337 1684 1412 1719 hoc
1458 1694 1617 1718 nomen.
1663 1682 1739 1717 Sed

435 1746 540 1783 circa
578 1746 676 1782 tales
716 1743 999 1781 contenciones
1031 1742 1193 1778 frivolas
1225 1754 1307 1778 non
1338 1741 1454 1776 debet
1486 1739 1614 1775 fidelis
1647 1751 1740 1775 con-
1758 1740 1797 1772 25

434 1806 610 1849 tendere,
644 1804 713 1839 sed
746 1815 789 1838 ex
822 1802 899 1837 fide
931 1813 1074 1848 capere
1097 1801 1205 1848 quod
1229 1798 1410 1836 Christus
1442 1797 1491 1833 sit
1522 1809 1611 1833 vere
1636 1799 1740 1833 Deus

435 1872 472 1898 et
511 1862 632 1897 homo
672 1869 709 1897 et
749 1871 1009 1908 quoscunque
1053 1867 1180 1894 textus
1219 1857 1285 1905 qui
1325 1857 1374 1892 ad
1414 1856 1489 1891 hoc
1533 1853 1741 1890 sonuerint

435 1928 658 1967 acceptare.
683 1919 759 1954 Sed
778 1917 871 1965 quia
893 1925 1020 1952 textus
1044 1915 1246 1963 predictus
1263 1913 1482 1950 Hebraicus
1505 1914 1741 1960 reprobatus

435 1986 566 2026 potest
609 1975 714 2012 trahi
760 1978 810 2012 ad
854 1974 985 2015 istam,
1030 1973 1120 2009 ideo
1165 1974 1213 2009 ad
1253 1984 1411 2008 sensum
1451 1971 1570 2006 talem
1611 1978 1742 2018 potest

437 2034 616 2085 concedi,
649 2043 685 2070 et
718 2032 904 2069 historias
937 2031 1123 2068 recitatas
1156 2029 1337 2078 superius
1370 2036 1500 2077 potest
1533 2027 1599 2076 qui
1631 2028 1741 2064 volu·
1757 2029 1799 2061 30

438 2093 510 2129 erit
544 2093 705 2128 credere
737 2091 797 2127 vel
830 2101 1055 2138 supponere
1089 2088 1187 2125 citra
1221 2088 1353 2123 fidem.

495 2152 646 2186 Octava
691 2148 876 2185 condicio
930 2156 966 2183 et
1014 2146 1155 2182 ultima
1200 2144 1302 2193 regis
1353 2144 1479 2179 nostri
1532 2152 1589 2179 est
1634 2144 1742 2191 quod

438 2207 638 2244 beatificat
672 2205 902 2242 eternaliter
942 2217 1075 2240 servos
1115 2216 1220 2248 suos,
1263 2214 1338 2250 que
1378 2200 1562 2237 condicio
1595 2200 1634 2236 in
1666 2200 1742 2236 isto

437 2274 543 2301 textu
589 2263 841 2312 exprimitur:
882 2270 1048 2312 propter
1090 2263 1159 2297 hoc
1202 2273 1286 2296 ecce
1325 2260 1404 2295 dies
1443 2259 1607 2305 veniunt,
1653 2258 1744 2293 dicit

439 2323 642 2366 Dominus,
675 2330 709 2358 et
741 2334 813 2357 non
847 2321 971 2356 dicent
1003 2320 1126 2355 ultra:
1169 2319 1267 2354 vivet
1296 2317 1485 2353 Dominus
1517 2316 1580 2364 qui
1610 2315 1743 2352 eduxit
1759 2316 1798 2348 35

440 2381 563 2417 Lvrael
606 2381 652 2416 cle
695 2387 801 2415 terra
840 2378 990 2428 Egripti,
1028 2377 1095 2413 sed
1133 2376 1276 2412 dicent:
1315 2375 1411 2410 Vivit
1451 2374 1639 2409 Dominus
1681 2373 1745 2421 qui

439 2439 572 2475 eduxit
604 2445 638 2473 et
670 2437 837 2472 adduxit
868 2448 993 2472 semen
1027 2435 1162 2470 domus
1185 2433 1309 2469 Israel
1340 2433 1386 2468 de
1417 2439 1523 2467 terra
1556 2431 1744 2479 aquilonis

440 2504 473 2532 et
506 2497 551 2532 de
583 2495 726 2531 cunctis
763 2494 880 2530 terris
911 2494 963 2528 acl
994 2505 1087 2541 quas
1119 2492 1303 2528 eieceram
1336 2502 1399 2526 eos
1430 2489 1534 2536 illuc,
1572 2496 1606 2525 et
1638 2488 1742 2524 habi-

440 2555 570 2589 tabunt
608 2553 644 2588 in
683 2560 790 2588 terra
829 2564 909 2587 sua.
956 2552 1106 2586 Octava
1145 2557 1278 2585 autem
1318 2546 1542 2595 proprietas
1581 2544 1743 2582 Domini

440 2612 620 2648 alludens
672 2618 811 2646 octave
862 2608 957 2645 etati
1011 2606 1132 2644 seculi
1184 2605 1471 2642 beatitudinem
1525 2601 1800 2647 includenti4o

462 2791 466 2794 -
494 2756 534 2794 lq·
555 2755 692 2784 Rectius:
719 2754 793 2782 Rabi
814 2754 952 2789 Moysen.
1039 2752 1078 2782 18.
1102 2760 1142 2786 ¹9-
1166 2751 1260 2779 Cod.:
1288 2758 1495 2787 synononum.
1579 2748 1619 2776 35.
1640 2748 1742 2777 Recte:

441 2795 523 2817 v1v1t.

511 2862 552 2897 34
578 2869 611 2892 et
638 2871 738 2902 seqq.
765 2861 832 2891 Jer.
862 2860 982 2899 XXIII,
1010 2870 1041 2901 7,
1068 2858 1098 2889 8.
