1944 3323
96 289 146 323 90
679 287 901 318 iomNNJs
919 287 1102 319 wvcmr
1122 288 1374 321 SERMONUM
1451 275 1601 332 [SERMO
1623 286 1688 314 xli.

127 399 323 433 ass—trima]
439 394 552 428 Sexta
601 391 771 427 donacio
823 401 877 427 est
930 392 1058 428 curati
1104 393 1323 440 spiritualis
1369 394 1432 441 qui
1479 404 1608 442 preest
1653 396 1688 430 in

194 434 265 460 ’Ἰὼ
378 450 633 485 sollicitudine
661 458 868 497 tamquam
900 459 1036 497 pastor
1069 450 1238 487 fideliter
1268 451 1494 487 custodiens
1530 466 1685 500 gregem

379 520 507 543 suum.
555 509 658 543 Deus
698 507 801 543 enim
842 507 999 544 adintra
1041 508 1144 544 hunc
1179 510 1321 545 educat
1355 518 1391 545 et
1424 518 1562 557 pastor
1596 510 1687 547 facit

380 564 548 600 fideliter
573 566 679 612 quod
713 564 884 612 pertinet
917 578 988 601 suo
1021 565 1168 601 officio.
1211 568 1326 611 Quod
1361 567 1388 602 si
1424 576 1508 603 tota
1542 567 1687 604 sollici-

379 624 476 658 tudo
506 622 555 658 sit
585 624 632 658 ad
663 622 951 670 spoliacionem
983 632 1018 659 et
1042 622 1261 660 indebitam
1286 624 1511 661 tonsionem
1536 625 1684 668 ovium,
1704 629 1720 660 5

379 679 465 727 quis
499 688 555 716 est
589 679 857 716 mercenarius
891 681 1015 728 magis
1049 681 1340 729 dampnabilis?
1386 685 1431 718 Et
1465 684 1539 718 hoc
1572 683 1607 718 in
1643 697 1687 720 ea

380 737 648 785 proporcione
688 737 726 773 in
766 750 842 786 qua
882 738 1014 775 anime
1059 739 1325 776 beatificando
1369 740 1552 788 pociores
1596 750 1685 776 sunt

378 794 575 831 omnibus.
622 797 698 831 Sed
732 797 951 832 secundum
985 797 1088 844 leges
1122 797 1316 833 humanas
1351 811 1448 846 quas
1482 811 1561 834 non
1595 798 1687 834 licet

379 852 540 889 inficere
591 853 832 901 negligentes
882 853 921 889 111
974 854 1155 891 custodia
1199 854 1332 890 ovium
1381 865 1470 892 sunt
1515 856 1686 903 graviter

378 910 582 958 puniendi,
634 924 727 958 ergo
779 912 904 947 multo
956 912 1080 959 magis
1133 912 1376 960 negligentes
1421 913 1459 949 in
1505 914 1743 951 custodiam

378 968 512 1004 ovium
545 970 635 1004 Jesu
669 968 830 1004 Christi.

124 1041 148 1066 7-
172 1033 321 1070 Shmxmg
436 1026 615 1074 Septima
648 1026 818 1062 donacio
853 1036 909 1062 est
942 1026 1046 1062 illius
1080 1028 1143 1076 qui
1173 1029 1379 1064 miseretur
1411 1029 1445 1064 in
1479 1029 1687 1074 hilaritate,

134 1067 311 1128 2¹f1¹e¹ffl¹fffi
377 1085 451 1119 hoc
496 1093 565 1121 est.
611 1084 679 1132 qui
732 1084 910 1120 hilariter
955 1085 1198 1133 compatitur
1242 1085 1442 1133 oppressis
1490 1086 1684 1123 effectuali

284 1135 286 1137 ¹
377 1141 653 1178 misericordia
692 1141 931 1185 adiuvando,
964 1156 1043 1179 non
1078 1143 1309 1180 austeritate
1343 1144 1472 1179 vultus
1505 1153 1573 1180 aut
1605 1158 1686 1181 ver-

375 1201 516 1235 borum
551 1199 723 1248 amplius
757 1200 995 1239 desolando:
1032 1209 1066 1237 et
1092 1203 1140 1237 ad
1166 1202 1239 1237 hoc
1268 1201 1369 1237 valet
1393 1201 1566 1238 attencio
1591 1215 1684 1250 qua-
1707 1207 1742 1238 15

375 1257 598 1294 tum-decim
631 1270 796 1306 operum
830 1257 1104 1295 misericordie
1135 1261 1197 1306 (de
1228 1259 1371 1307 quibus
1400 1259 1545 1295 dicitur
1574 1269 1685 1308 parte

376 1315 532 1363 prima).
586 1317 634 1351 Et
678 1315 814 1352 omnia
856 1315 931 1352 ista
975 1316 1106 1352 officia
1151 1317 1390 1353 ordinantur
1434 1330 1455 1354 a
1500 1319 1598 1363 Deo,
1646 1327 1684 1354 ut

375 1373 529 1420 singula
562 1375 742 1409 membra
775 1373 940 1410 ecclesie
974 1374 1127 1422 prosint
1160 1374 1336 1422 singulis.
1369 1377 1543 1411 Tantum
1579 1375 1681 1411 enim

375 1431 433 1466 vel
476 1432 562 1478 plus
602 1440 769 1478 prosunt
808 1431 1028 1479 indigentes
1074 1432 1303 1480 potentibus
1342 1442 1460 1481 atque
1499 1432 1684 1468 divitibus

376 1488 604 1536 recipiendo
645 1502 782 1525 eorum
824 1489 1070 1536 suffragium,
1112 1499 1262 1537 quanto
1303 1503 1383 1526 non
1416 1500 1583 1538 prosunt
1616 1504 1743 1538 po-zo

375 1555 501 1582 tentes
547 1555 615 1582 aut
650 1546 790 1582 divites
834 1559 1047 1595 oppressos
1092 1557 1159 1584 aut
1204 1561 1398 1596 pauperes
1443 1548 1682 1584 adiuvando.

375 1606 478 1640 Deus
520 1603 622 1640 enim
664 1613 806 1652 potens
844 1604 1015 1653 utrique,
1056 1614 1097 1641 ut
1137 1607 1257 1642 modo
1297 1619 1368 1642 suo
1413 1606 1565 1653 prosint
1610 1605 1682 1642 sibi

373 1661 621 1703 altrinsecus,
679 1661 824 1698 limitat
874 1671 1020 1698 statum
1075 1676 1203 1699 suum.
1270 1665 1360 1700 Ideo
1419 1663 1455 1699 in
1514 1672 1684 1712 utroque

373 1721 553 1755 membro
578 1720 693 1755 debet
718 1719 844 1755 caveri
877 1719 1156 1768 improperans
1188 1730 1224 1757 et
1248 1721 1457 1769 indignans
1482 1721 1681 1769 superbia.

374 1778 597 1813 Membrum
638 1777 741 1813 enim
783 1778 946 1813 humani
988 1779 1167 1826 corporis
1212 1792 1291 1815 non
1339 1779 1586 1826 improperat
1625 1780 1740 1815 velzfi

373 1834 602 1882 indignatur
636 1835 762 1880 alteri,
804 1835 895 1871 licet
929 1848 950 1871 a
984 1835 1205 1872 ministerio
1239 1849 1310 1872 suo
1344 1836 1555 1872 adiuvante
1590 1837 1683 1873 defi-

375 1891 465 1929 ciat.
499 1892 613 1928 Talia
647 1892 750 1928 enim
785 1902 936 1940 septem
971 1893 1104 1929 officia
1138 1895 1284 1930 habent
1310 1896 1488 1930 membra
1519 1894 1681 1931 humani

374 1950 573 1998 corporis;
606 1949 729 1986 virtus
769 1959 961 1998 perpetua
1001 1951 1281 1999 precognoscit
1323 1952 1453 1988 futura
1488 1953 1591 1988 mala
1624 1953 1683 1988 vel

372 2008 490 2051 bona,
543 2020 632 2044 cum
683 2009 898 2056 prophetat
942 2008 1178 2045 naturaliter
1223 2009 1374 2045 homini
1420 2009 1682 2046 desiderabile

185 2082 252 2108 The
372 2066 431 2101 vel
462 2065 622 2113 sugibile
655 2065 905 2102 alimentum.
940 2068 1178 2103 Stomachus
1207 2076 1414 2116 tamquam
1448 2080 1565 2104 cocus
1598 2067 1682 2103 uni-
1700 2071 1741 2102 30

84 2117 349 2179 52:⁴2¹}ss{ljtsl'ifflssssffi
372 2123 534 2159 versalis
569 2122 768 2159 ministrat
803 2123 1038 2160 alimentum
1073 2125 1261 2161 omnibus
1295 2125 1484 2161 membris
1517 2137 1683 2174 sequen-

128 2186 176 2212 1110
198 2187 311 2213 human
371 2180 488 2225 tibus,
534 2194 627 2229 epar
673 2182 788 2217 docet
835 2181 871 2217 in
919 2182 1138 2229 digestione
1184 2184 1358 2218 secunda
1402 2196 1547 2231 purum
1593 2196 1680 2219 san-

172 2221 261 2256 body.
372 2238 528 2286 guinem
565 2238 739 2275 dividere
772 2240 820 2275 ab
856 2239 1028 2287 impuro,
1064 2252 1132 2276 cor
1165 2241 1396 2276 exhortatur
1428 2240 1611 2288 spiritum
1646 2250 1682 2277 et

372 2296 604 2343 sanguinem
652 2296 800 2332 moveri
847 2299 894 2333 ad
937 2299 1129 2341 membra,
1177 2307 1213 2333 et
1260 2297 1399 2346 quinto
1445 2297 1678 2334 alimentum

372 2354 550 2390 roridum
586 2353 723 2390 tribuit
758 2354 948 2391 membris
977 2352 980 2408 ᾖ
1009 2354 1249 2403 glutinatum
1290 2356 1343 2392 eis
1376 2368 1446 2404 per
1479 2355 1678 2392 cambium
1698 2337 1779 2423 ἐξ,

371 2424 439 2447 sue
479 2412 617 2457 forme,
658 2421 778 2459 caput
817 2425 906 2448 eum
948 2412 1126 2449 sensibus
1165 2422 1296 2461 preest
1329 2415 1502 2461 regendo
1536 2426 1680 2461 corpus

372 2471 503 2518 quoad
551 2469 781 2510 extrinseca,
844 2479 881 2506 et
931 2470 1073 2506 ultimo
1122 2470 1245 2507 virtus
1291 2471 1455 2519 regitiva
1500 2471 1679 2519 corporis

371 2527 465 2563 facit
516 2540 633 2563 omne
685 2529 908 2563 membrum
956 2527 1130 2576 compati
1176 2529 1288 2565 alteri
1334 2530 1415 2565 leso
1460 2532 1515 2573 (ut
1564 2530 1679 2565 docet

371 2585 587 2632 Apostolus
634 2586 771 2621 [Cor.
805 2587 921 2630 X110).
975 2588 1023 2621 Et
1068 2585 1178 2621 illum
1226 2586 1408 2622 ordinem
1453 2587 1676 2623 naturalem

372 2642 548 2678 creditur
579 2643 816 2690 Apostolum
851 2642 890 2678 in
924 2643 1000 2680 isto
1032 2643 1258 2691 septenario
1292 2644 1519 2681 intendisse.
1692 2657 1736 2688 40

440 2798 477 2826 15.
501 2798 595 2825 Cod.:
618 2800 675 2826 hoc
696 2800 843 2826 xidelicet.
920 2808 959 2834 ¹9·
982 2800 1074 2827 Cod.:
1098 2800 1126 2826 in
1148 2804 1262 2834 gentes.

445 2904 494 2936 ¹7·
521 2892 574 2925 Cf.
603 2894 714 2927 Serm.
740 2895 876 2926 Partem
904 2895 927 2934 1,
955 2905 1031 2937 pag.
1059 2895 1136 2936 248,
1166 2895 1230 2939 259
1257 2903 1289 2927 et
1315 2905 1415 2942 seqq.
