1944 3323
166 283 245 319 280
730 284 955 316 JOHANNIS
974 281 1157 312 WYCLIF
1178 279 1433 311 SERMONUM
1458 263 1608 321 [SERMO
1624 271 1761 300 XXXIV-

252 403 352 430 ofthe
512 394 739 430 Secundum
775 390 997 436 exemplum
1034 396 1090 423 est
1123 386 1163 422 in
1196 384 1363 422 materia
1397 385 1443 420 de
1467 382 1760 425 incarnacione,

204 439 399 465 incarnatum
456 452 521 488 ubi
556 463 633 486 non
667 448 863 496 sequitur:
899 449 974 482 Iste
998 445 1179 482 Christus
1203 452 1259 480 est
1294 441 1523 478 humanitas
1557 449 1763 487 assumpta

456 519 492 546 et
517 510 581 545 ille
606 508 709 543 idem
735 505 915 543 Christus
939 513 995 540 est
1020 502 1158 546 deitas,
1190 514 1282 548 ergo
1307 499 1535 536 humanitas
1559 506 1764 546 assumpta

457 576 514 604 est
547 566 692 609 deitas3
726 577 794 612 per
828 562 945 598 istam
980 560 1085 597 enim
1120 559 1323 608 arguciam
1357 565 1527 605 arguunt
1560 565 1595 592 et
1629 564 1764 592 tenent

457 623 580 672 aliqui
615 622 795 659 infideles
828 621 935 668 quod
970 618 1095 655 deitas
1128 630 1245 666 passa
1278 616 1350 652 fuit
1390 624 1425 651 et
1466 623 1638 659 mortua,
1673 612 1797 662 quia&

458 682 637 719 Christus
672 679 738 728 qui
773 688 830 715 cst
862 678 930 714 illa
964 677 1090 713 deitas
1124 675 1255 712 taliter
1288 687 1328 711 se
1361 674 1545 709 habebat.

193 748 422 776 ofuniversals.
514 738 702 776 Tercium
737 737 961 784 exemplum
994 743 1051 771 est
1090 734 1129 770 in
1170 732 1336 769 materia
1377 732 1423 767 de
1462 728 1764 773 universalibus,

460 811 527 846 per
561 797 668 845 quod
703 795 926 842 exemplum
963 793 1289 829 manuducuntur
1322 789 1361 825 in
1396 787 1563 824 materia
1603 788 1651 823 de
1691 787 1766 823 fide

459 855 585 892 eciam
618 853 765 902 ydiote,
805 861 847 888 ut
879 851 910 887 si
933 853 965 887 A
988 850 1037 886 sit
1070 851 1191 885 homo
1225 846 1462 891 communis,
1495 858 1576 881 non
1608 853 1767 892 oportet

460 913 489 949 si
525 914 600 949 hoc
632 913 664 948 A
703 910 753 947 sit
791 909 909 946 sortis
950 917 986 944 et
1026 909 1101 944 hoc
1140 907 1245 943 idem
1280 907 1326 950 A,
1367 917 1456 941 cum
1498 904 1620 939 homo
1660 915 1826 938 com-10

462 971 592 1008 munis
632 969 680 1005 sit
715 967 846 1005 omnis
880 968 1015 1011 homo,
1051 966 1158 1014 quod
1191 976 1297 1012 papa
1331 963 1381 999 sit
1413 961 1543 998 sortis.
1588 962 1680 997 Ideo
1714 961 1771 1006 (ut

461 1029 597 1065 dicunt
631 1026 727 1064 recti
760 1025 892 1074 logici)
925 1025 1054 1060 solum
1089 1024 1250 1071 quando
1291 1020 1468 1057 medium
1510 1018 1654 1063 existit,
1696 1019 1769 1054 hoc

462 1086 613 1135 aliquid
638 1097 798 1121 necesse
823 1092 878 1120 est
903 1095 973 1130 per
996 1082 1074 1117 vim
1101 1078 1310 1128 sillogismi
1335 1076 1565 1126 expositorii
1597 1086 1771 1113 extrema

464 1157 634 1193 quorum
676 1155 799 1178 unum
842 1150 899 1177 est
940 1152 1009 1188 per
1047 1152 1086 1175 se
1126 1137 1379 1175 communius
1420 1134 1621 1182 coniungi,
1661 1143 1702 1170 ut
1740 1133 1771 1169 si

464 1202 581 1239 sortis
616 1200 785 1237 moritur
818 1209 854 1235 et
887 1199 970 1246 ipse
1004 1206 1060 1234 est
1094 1209 1163 1245 per
1196 1208 1235 1232 se
1269 1194 1421 1243 species
1455 1194 1643 1238 humana,
1679 1201 1772 1228 tunc
1794 1194 1828 1224 15

465 1259 616 1309 species
650 1260 824 1295 humana
859 1255 1041 1292 moritur.
1092 1254 1222 1290 Minor
1261 1262 1393 1289 autem
1435 1260 1491 1287 est
1531 1251 1642 1299 falsa,
1682 1262 1771 1286 cum

466 1318 583 1355 sortis
616 1317 665 1353 sit
698 1315 948 1352 individuum
982 1314 1201 1350 secundum
1236 1324 1348 1347 suam
1374 1308 1661 1358 proprietatem
1686 1320 1773 1355 per-

467 1377 667 1419 sonalem3
714 1375 836 1409 homo
881 1381 1013 1409 autem
1056 1379 1112 1407 est
1150 1369 1302 1418 species
1341 1369 1516 1404 humana
1554 1367 1772 1402 secundum

469 1432 795 1470 communionem
850 1443 927 1479 qua
981 1428 1302 1465 communicatur
1356 1425 1517 1462 cuilibet
1569 1423 1773 1459 individuo

470 1491 574 1527 illius
608 1489 767 1538 speciei,
802 1497 838 1525 et
871 1489 991 1524 talem
1027 1484 1372 1522 extraneacionem
1407 1482 1581 1531 reperies
1614 1481 1653 1517 in
1678 1494 1775 1529 quo·
1794 1494 1833 1514 20

470 1550 565 1585 libet
597 1547 666 1584 tali
700 1546 971 1595 paralogismo
1003 1553 1146 1581 vocato
1179 1542 1400 1590 sillogismo
1434 1539 1688 1588 expositorio.

198 1617 429 1653 Anargumcut
530 1607 643 1643 Unde
682 1604 846 1653 quidam
891 1603 1024 1651 ydiote
1069 1610 1232 1650 propter
1271 1599 1457 1636 timorem
1505 1596 1777 1634 similitudinis

199 1648 434 1711 χῖἷιξςῗῧῃχῗιέἔί]
472 1673 615 1713 negant
648 1662 891 1700 sentenciam
928 1662 974 1698 de
1007 1662 1123 1696 rebus
1158 1657 1459 1702 communibus;
1493 1657 1561 1692 sed
1594 1668 1665 1692 nec
1688 1667 1777 1702 pos-

196 1717 439 1781 ¹³¹⁵kssgffiff³l¹l¹ffi¹¹³
473 1731 562 1759 sunt
586 1721 766 1758 raciones
790 1720 948 1756 illarum
973 1718 1161 1765 aufugere
1185 1728 1256 1753 nec
1280 1713 1611 1752 communitatem
1638 1722 1778 1749 nature

254 1795 386 1814 dnswer.
474 1780 603 1817 divine
637 1779 763 1815 tribus
796 1776 976 1826 personis
1009 1785 1076 1812 aut
1110 1773 1434 1811 communionem
1470 1784 1638 1820 persone
1670 1769 1833 1806 verbi25

474 1837 626 1875 naturis
673 1835 899 1884 disparibus
944 1833 1156 1870 declinare.
1222 1832 1335 1868 Unde
1381 1830 1544 1879 quidam
1589 1827 1779 1865 secularis

474 1895 621 1932 sciolus
674 1893 851 1930 interfuit
905 1890 1071 1928 consilio
1116 1890 1269 1938 perfido
1321 1888 1361 1924 in
1405 1900 1484 1936 quo
1530 1886 1779 1923 adversarius

475 1954 670 2001 scripture
705 1964 793 1988 cum
828 1950 908 1986 suis
942 1948 1081 1985 catulis
1115 1946 1313 1984 estimavit
1346 1958 1385 1982 se
1411 1947 1649 1993 dampnasse
1673 1944 1779 1992 quod
1798 1970 1857 2001 Fol

478 2020 567 2060 post
609 2008 957 2046 consecracionem
999 2005 1227 2043 substancia
1268 2004 1381 2052 panis
1421 2016 1461 2039 re
1490 1999 1493 2054 Ι
1525 2011 1670 2046 manet,
1712 2002 1779 2037 sed
1798 1995 1880 2052 260¹*

476 2070 530 2106 sic
563 2080 732 2116 arguens
766 2075 801 2103 et
836 2077 1069 2113 responsum
1109 2076 1190 2099 non
1230 2063 1378 2098 habens
1419 2059 1602 2096 dissensit
1642 2072 1779 2096 eorum
1799 2054 1855 2095 δυ’

478 2126 655 2175 perfidie.
706 2127 850 2169 Genus,
891 2122 1031 2171 inquit,
1078 2119 1421 2169 generalissimum
1465 2117 1690 2154 substancie
1729 2116 1782 2152 ibi

479 2194 624 2229 manet,
660 2192 696 2219 et
730 2183 859 2230 ipsum
893 2194 1014 2229 genus
1048 2189 1105 2216 est
1138 2190 1373 2227 quecunque
1407 2175 1635 2213 substancia
1669 2184 1705 2211 et
1729 2174 1783 2210 sic

479 2241 707 2278 substancia
740 2239 866 2288 panis,
906 2239 981 2275 nisi
1015 2237 1179 2274 omnino
1212 2248 1373 2272 omnem
1408 2246 1551 2282 panem
1586 2235 1783 2269 destruxe-

480 2301 570 2338 rint,
606 2312 697 2346 ergo
731 2296 959 2334 substancia
992 2295 1105 2344 panis
1140 2302 1273 2330 manet
1306 2302 1395 2340 post
1420 2290 1782 2328 consecracionem.

480 2357 544 2394 Sic
569 2357 671 2393 enim
698 2355 911 2392 confitetur
936 2353 1101 2391 ecclesia
1125 2353 1230 2400 quod
1256 2364 1345 2387 cum
1370 2349 1529 2387 Christo
1559 2357 1616 2386 est
1648 2357 1784 2384 nostra
1801 2353 1840 2384 35

552 2533 570 2551 1.
594 2526 623 2551 lu
648 2533 759 2558 marg:
781 2531 806 2550 2.
925 2531 949 2557 7.
971 2523 1001 2549 ln
1026 2530 1137 2555 mar-⁴4:
1160 2520 1184 2547 3.
1306 2527 1345 2545 10.
1368 2518 1467 2546 sortis
1488 2518 1525 2544 ct'.
1548 2517 1645 2545 Serm.
1670 2516 1727 2542 xol.
1749 2516 1785 2544 ΙΙ.

484 2568 550 2593 pag.
572 2559 616 2586 215
639 2564 664 2585 et
686 2559 729 2584 De
751 2558 862 2592 (jomp.
886 2558 989 2584 Hom..
1013 2564 1079 2590 pag.
1103 2563 1158 2590 99:
1180 2555 1219 2581 ib.
1242 2554 1270 2590 iu
1291 2554 1359 2580 cod.
1380 2554 1407 2580 A
1429 2552 1500 2587 plo'.
1592 2560 1625 2578 11.
1646 2552 1678 2577 In
1700 2551 1784 2577 emt:

484 2602 561 2628 papa
583 2594 643 2627 plo*
665 2593 749 2619 isim:
772 2593 844 2627 quid
867 2592 922 2618 sibi
947 2592 1008 2617 vult
1030 2591 1086 2617 lloc
1106 2591 1255 2616 verbum?
1347 2587 1384 2615 1⁴5.
1405 2588 1437 2615 In
1461 2595 1573 2621 marga
1595 2586 1675 2612 Nota
1695 2593 1786 2619 expo-

484 2628 630 2655 sicione—m
655 2628 796 2660 logicam.
905 2634 942 2653 ¹21.
966 2626 1060 2652 (]‹›d.:
1086 2633 1138 2659 per
1158 2624 1301 2656 logismo.
1410 2622 1454 2649 28.
1476 2622 1508 2648 In
1532 2629 1627 2654 marg.
1649 2620 1721 2647 intl:
1744 2619 1787 2646 De

484 2667 674 2690 <acl⁴alnclllo
695 2662 807 2688 altaris.

554 2768 584 2799 7.
612 2755 662 2789 Cf.
681 2755 900 2794 Trialogum,
933 2765 1010 2796 pag.
1039 2753 1121 2796 273:
1154 2753 1196 2784 Et
1223 2753 1255 2783 in
1283 2751 1428 2783 materia
1458 2751 1500 2781 de
1533 2748 1788 2781 universalibus

487 2814 554 2834 non
583 2808 722 2845 oportet
749 2801 924 2843 ambigere
951 2802 993 2831 de
1021 2799 1198 2841 exemplis,
1232 2805 1270 2830 ut
1297 2798 1377 2829 licet
1401 2797 1536 2839 species
1565 2795 1715 2826 humana
1744 2796 1788 2826 sit

486 2851 609 2881 Petrus
635 2856 667 2879 et
694 2848 815 2879 eadem
843 2848 976 2888 species
1003 2847 1046 2878 sit
1065 2845 1206 2883 Paulus,
1234 2855 1303 2875 non
1331 2854 1369 2875 ex
1397 2843 1477 2874 hinc
1504 2841 1662 2883 sequitur
1690 2841 1785 2880 quod

488 2896 610 2927 Petrus
633 2895 676 2926 sit
703 2894 831 2925 Paulus
859 2899 921 2924 etc.
