1944 3323
153 237 233 282 496
735 242 956 274 JOHANNIS
979 242 1156 274 wYciff
1175 242 1429 274 SERMONUM
1479 228 1630 286 [SERMO
1652 240 1744 267 [νυ.

440 352 497 394 (ut
528 348 710 396 superius
743 360 813 396 per
845 348 976 396 ipsum
1011 356 1068 384 est
1102 348 1156 383 eis
1188 349 1325 395 regula
1358 348 1540 395 recitata)
1582 357 1618 384 et
1651 357 1744 385 tunc

441 415 556 443 erunt
593 406 633 442 in
671 406 844 442 Domino
884 405 1080 442 carissimi
1121 406 1189 453 qui
1229 405 1268 441 in
1307 405 1456 442 iudicio
1494 419 1576 442 non
1614 415 1745 454 potest

442 464 623 510 deficere,
667 464 769 500 sicut
813 472 903 499 sunt
949 462 1143 499 carissimi
1181 463 1221 500 in
1259 463 1432 500 hominis
1472 464 1744 512 reputacione,

442 531 479 559 et
512 521 739 570 specialiter
771 521 802 557 si
836 521 875 557 in
907 522 1032 569 gradu
1066 521 1134 557 illo
1167 521 1430 569 perfeccionis
1466 521 1636 558 finaliter
1660 534 1746 570 per-

441 588 633 617 severent.
1765 583 1781 615 5

165 644 231 672 The
252 644 408 679 Apostle's
499 639 591 674 Ideo
629 636 762 673 subdit
800 637 1037 684 Apostolus:
1083 636 1275 672 Euodiam
1322 649 1420 687 rogo
1466 644 1501 673 et
1538 637 1745 672 Cintlzicem

190 679 382 740 Εἶὶἓῖῗιῌξξᾏ
442 696 630 745 deprecor
661 695 700 730 id
731 695 853 744 ipsum
891 707 1028 744 sapere
1066 695 1101 730 in
1134 694 1314 741 Domino,
1348 695 1465 730 eciam
1501 707 1600 744 rogo
1633 702 1668 730 et
1699 702 1747 739 te,

232 748 346 775 ‘'¹¹¹⁶¹'⁵·
439 766 628 803 germane
665 765 838 801 compar,
875 753 1015 787 adiuva
1056 752 1142 787 illas
1180 764 1250 800 que
1288 764 1433 788 mecum
1474 753 1748 788 laboraverunt

442 812 477 846 in
521 810 722 861 evangelio
766 822 849 846 cum
888 810 1080 846 Clemente
1118 817 1152 844 et
1191 810 1325 845 ceteris
1368 810 1607 845 adiutoribus
1643 810 1748 855 meis,

442 881 604 918 quorum
648 868 800 904 nomina
844 875 930 903 sunt
974 868 1009 903 in
1054 868 1152 903 libro
1197 867 1281 905 vite.
1328 869 1424 904 Istas
1470 876 1603 904 autem
1650 868 1806 903 duasio

444 926 630 962 mulieres
663 925 814 962 scilicet
842 925 1040 962 Euodiam
1075 934 1112 961 et
1141 924 1364 961 Cinthicem
1405 925 1577 973 primam
1620 934 1748 973 rogat,

445 993 481 1021 et
513 985 730 1020 secundam
768 985 832 1031 (de
865 996 943 1032 qua
978 983 1102 1031 magis
1135 982 1264 1029 timet)
1298 983 1479 1019 obnixius
1513 984 1750 1031 deprecatur

444 1043 483 1078 id
522 1042 653 1090 ipsum
694 1054 833 1089 sapere
872 1041 912 1077 in
946 1041 1134 1086 Domino,
1174 1042 1249 1077 hoc
1292 1050 1363 1087 est,
1403 1053 1543 1089 sapere
1583 1042 1750 1077 eandem

445 1100 670 1136 doctrinam
703 1113 785 1136 non
816 1100 948 1135 solum
982 1098 1239 1147 speculative,
1274 1100 1342 1135 sed
1375 1098 1601 1147 specialiter
1633 1098 1751 1135 affec-

445 1158 558 1194 cione
591 1167 628 1194 et
661 1157 898 1203 devocione3
938 1158 1119 1193 solebant
1160 1156 1263 1192 enim
1303 1156 1375 1193 iste
1415 1156 1602 1193 mulieres
1635 1159 1807 1192 evan-15

445 1216 659 1264 gelizantes
682 1215 910 1264 specialiter
931 1215 1134 1262 suscipere
1159 1223 1195 1250 et
1219 1215 1370 1260 fovere3
1395 1216 1463 1251 sed
1486 1223 1599 1262 rogat
1621 1214 1750 1250 virum

445 1275 645 1322 quendam
684 1286 920 1321 germanum
954 1285 1071 1321 quem
1105 1273 1321 1320 Apostolus
1354 1281 1471 1308 vocat
1504 1284 1749 1320 comparem,

446 1331 539 1380 quia
583 1331 621 1367 in
668 1331 978 1379 evangelizando
1024 1330 1269 1375 consocium,
1321 1339 1364 1366 ut
1414 1330 1573 1366 adiuvet
1624 1329 1751 1365 dictas

447 1389 633 1426 mulieres
673 1388 832 1436 fragiles
872 1397 908 1425 et
948 1388 1002 1424 eis
1042 1388 1270 1424 consimiles
1303 1388 1466 1424 salutari
1501 1387 1683 1424 doctrina
1717 1395 1753 1423 et

447 1447 761 1484 confirmacione
794 1445 1115 1483 conversacionis
1148 1454 1285 1482 sancte
1309 1445 1503 1494 priorum.
1538 1448 1623 1494 Ipse
1648 1445 1752 1481 enim
1771 1459 1812 1480 20

448 1505 634 1541 mulieres
680 1504 963 1541 ministrabant
1002 1504 1126 1541 Paulo
1167 1514 1203 1540 et
1243 1503 1439 1540 Clementi
1480 1516 1569 1540 cum
1612 1503 1754 1539 ceteris

448 1563 698 1600 adiutoribus
732 1562 803 1598 Dei
837 1571 955 1610 atque
989 1561 1154 1598 ecclesie
1187 1561 1227 1598 in
1258 1561 1336 1598 vite
1368 1561 1603 1598 necessariis
1636 1570 1754 1609 atque

448 1620 642 1669 hospicio.
667 1620 818 1656 Asserit
836 1629 968 1656 autem
985 1620 1202 1667 Apostolus
1219 1621 1326 1668 quod
1341 1619 1509 1656 istorum
1525 1619 1754 1655 adiutorurn

448 1678 519 1715 Dei
554 1688 590 1715 et
623 1678 788 1715 ecclesie
820 1678 985 1714 nomina
1018 1678 1166 1725 scripta
1199 1687 1290 1714 sunt
1328 1677 1367 1713 in
1406 1677 1508 1713 libro
1547 1677 1638 1721 vite,
1679 1678 1754 1712 hoc

449 1745 518 1781 est,
558 1736 598 1773 in
635 1737 756 1773 verbo
791 1736 862 1772 Dei
904 1737 953 1772 ad
991 1735 1113 1772 vitam
1154 1744 1391 1784 perpetuam
1431 1735 1660 1771 eternaliter
1699 1734 1756 1770 in·
1775 1739 1812 1770 25

448 1794 689 1831 scribuntur.
726 1794 791 1830 Ille
824 1802 957 1830 autem
991 1794 1091 1829 liber
1125 1793 1269 1830 dicitur
1301 1793 1400 1829 liber
1432 1793 1522 1839 vite,
1557 1802 1641 1828 turn
1665 1791 1757 1840 quia

450 1861 506 1889 est
551 1852 679 1900 prima
726 1851 818 1897 vita,
864 1860 949 1887 turn
996 1851 1121 1888 eciam
1167 1851 1261 1900 quia
1306 1851 1491 1887 omnibus
1535 1849 1757 1887 viventibus

450 1910 642 1946 creaturis
675 1910 796 1946 vitam
832 1909 1119 1946 communicat.

178 1975 291 2008 Proper
312 1982 417 2000 names
507 1970 555 2003 Et
602 1976 715 2003 notat
763 1967 1064 2014 Lyncolniensis
1113 1979 1202 2003 cum
1251 1966 1338 2003 aliis
1386 1968 1493 2015 quod
1542 1965 1757 2014 dupliciter

195 2009 400 2078 ωὲἷῗΞᾉΓξῩΟΓ
449 2034 581 2073 potest
614 2025 779 2072 intelligi
813 2037 960 2061 nomen
993 2025 1202 2073 proprium
1237 2024 1387 2061 scilicet
1416 2024 1554 2060 vocale
1577 2032 1613 2060 et
1637 2024 1754 2059 reale.
1774 2036 1816 2058 »ο

167 2082 426 2147 ΠἩᾏΠἬζὲἓζῐῑῡ
450 2086 605 2120 Nomen
642 2084 779 2119 vocale
819 2092 875 2119 est
922 2095 1068 2118 nomen
1116 2082 1349 2130 impositum
1396 2095 1438 2118 ex
1482 2081 1755 2118 accidencium

185 2147 346 2182 possessed
372 2147 408 2182 by
450 2141 692 2177 colleccione
716 2153 791 2188 que
824 2153 904 2176 non
937 2150 995 2176 est
1028 2140 1067 2176 in
1100 2140 1179 2176 alio
1212 2140 1399 2188 reperire.
1434 2142 1590 2176 Nomen
1623 2148 1757 2175 autern

222 2182 372 2208 theman.
449 2200 555 2235 reale
601 2207 659 2235 est
704 2198 894 2234 colleccio
935 2197 1159 2234 bonitatum
1200 2211 1321 2246 quam
1365 2210 1447 2234 non
1492 2206 1549 2234 est
1594 2197 1634 2233 in
1679 2196 1757 2232 alio

450 2256 673 2293 formaliter
705 2255 899 2304 reperire:
934 2258 981 2291 Et
1007 2255 1233 2303 intelligunt
1256 2269 1337 2292 non
1360 2256 1488 2292 solum
1514 2254 1757 2291 relacionem

450 2316 666 2350 secundum
693 2313 988 2361 idemptitatem
1012 2313 1241 2361 specificam
1267 2326 1339 2350 nec
1362 2314 1581 2349 secundum
1603 2312 1758 2360 idemp-
1775 2314 1814 2346 35

450 2372 604 2408 titatem
639 2371 886 2408 individuam
922 2373 990 2407 sed
1029 2373 1247 2408 secundum
1284 2370 1608 2408 conformitatem
1644 2370 1759 2417 plene

452 2429 716 2466 consimilem.
762 2430 859 2465 Tale
893 2438 1024 2465 autem
1059 2442 1206 2465 nomen
1240 2429 1468 2465 eternaliter
1500 2428 1687 2465 scribitur
1719 2427 1758 2462 in

450 2487 552 2523 libro
585 2487 676 2532 vite,
711 2488 805 2522 dum
840 2487 1068 2523 eternaliter
1101 2488 1150 2523 ad
1183 2487 1471 2523 beatitudinem
1497 2487 1757 2534 approbatur.

454 2546 566 2581 Unde
598 2557 697 2581 vane
731 2546 977 2581 contendunt
1010 2544 1186 2592 sophiste
1216 2544 1247 2581 si
1270 2544 1360 2581 talis
1385 2546 1506 2581 homo
1530 2543 1759 2580 eternaliter

451 2602 681 2639 inscribitur
703 2602 742 2638 in
765 2602 867 2638 libro
893 2602 984 2648 vite,
1016 2604 1110 2638 dum
1142 2602 1372 2639 eternaliter
1395 2603 1444 2639 ad
1468 2601 1754 2638 beatitudinem
1771 2612 1816 2643 40

521 2736 550 2767 6,
569 2744 599 2763 ιι,
617 2736 710 2763 Cod.:
738 2735 940 2763 Euchodiam.
1014 2743 1059 2769 24.
1081 2736 1113 2763 In
1137 2744 1249 2771 marg:
1276 2735 1368 2762 Liber
1388 2736 1456 2762 vite.
1530 2742 1576 2770 29.
1597 2735 1629 2762 In
1646 2743 1758 2769 marg:

453 2770 695 2806 Lyncoluiensis.
769 2770 807 2797 31.
829 2771 860 2798 In
884 2779 997 2804 maren:
1027 2779 1045 2797 ι.
1121 2769 1161 2797 32.
1183 2771 1215 2797 In
1239 2779 1352 2805 marg:
1380 2778 1404 2797 2.

522 2854 541 2885 6
567 2864 644 2884 -ιο,
672 2853 760 2884 Phil.
787 2854 845 2893 IV,
873 2865 901 2893 2,
931 2854 958 2886 3.
1058 2854 1111 2886 30.
1139 2854 1189 2886 Cf.
1218 2855 1326 2886 Serm.
1357 2855 1392 2887 Ρ.
1421 2855 1441 2893 1,
1469 2864 1545 2897 pag.
1575 2853 1627 2898 39.
