1944 3323
132 241 268 270 SERMo
289 230 342 287 u]
622 243 799 276 TERTIA
827 244 951 276 PARS.
1696 252 1701 275 ¹
1725 252 1731 274 1

133 349 465 387 immutacionem
500 349 698 398 propositi
730 349 897 395 variari3
943 350 1033 387 ideo
1068 352 1115 387 de
1150 351 1236 399 ipso
1271 362 1326 388 est
1360 365 1452 388 vera

134 408 337 457 sapiencia
373 409 478 444 ultra
511 408 744 451 scienciam,
779 408 870 445 ideo
903 408 1027 445 nichil
1062 409 1339 446 delectabilius
1371 410 1452 446 via-

134 467 211 504 tori
235 479 355 515 quam
381 466 421 503 id
450 466 582 514 ipsum
613 479 766 515 sapere.
802 466 913 503 Sicut
942 466 1047 503 enim
1077 468 1299 504 secundum
1325 468 1453 516 philo-

134 526 283 574 sophos
318 537 433 561 casus
466 525 670 573 appetitus
705 534 762 561 est
795 524 1052 562 manifestum
1079 525 1220 561 mortis
1244 525 1452 572 indicium,

102 583 190 620 §sic
225 596 332 620 mors
365 582 585 631 spiritualis
619 591 676 620 est
710 583 749 619 in
783 583 913 620 ianuis
948 583 1053 619 illius
1087 583 1154 631 qui
1177 596 1258 620 non
1283 584 1453 628 dormit3

134 654 274 690 sapere
319 641 358 678 id
402 640 535 690 ipsum
575 641 736 690 quidem
780 650 838 678 est
877 641 988 678 cibus
1033 641 1168 678 anime
1212 641 1298 679 sine
1343 642 1454 679 cuius

133 708 250 749 pastu
284 699 511 737 delectabili
544 708 703 748 oportet
736 699 1019 737 inevitabiliter
1043 699 1171 748 ipsam
1205 700 1322 747 mori,
1347 703 1454 750 quod

135 759 167 795 si
200 759 275 795 hac
308 758 489 795 trinitate
522 757 702 806 pascitur
733 758 819 806 ipsa
853 758 1035 805 ecclesia,
1076 767 1187 807 patet
1220 760 1329 807 quod
1360 759 1455 795 vivit

135 816 380 854 unanimiter
419 817 494 853 hac
531 816 766 865 triplicitate
805 816 1013 854 concordi.
1057 816 1192 854 Primo
1232 826 1347 854 erunt
1386 818 1455 854 ho-

81 888 119 910 10
137 875 262 912 mines
295 875 335 911 in
368 876 489 912 corde
523 875 733 923 unanimes,
766 874 798 911 si
831 874 992 923 sapiunt
1025 875 1062 911 id
1098 875 1244 924 ipsum,
1278 877 1455 913 secundo

135 942 251 970 erunt
291 933 331 969 in
369 945 466 970 voce
506 933 617 970 unius
655 934 748 980 oris,
794 933 887 982 quia
928 946 1069 970 omnes
1109 933 1214 971 idem
1256 947 1300 970 os
1339 934 1455 971 unius

136 992 315 1029 eiusdem
350 1004 534 1040 persone,
570 1000 606 1029 et
639 991 765 1028 tercio
799 993 944 1028 debent
977 992 1018 1028 in
1050 1004 1172 1040 opere
1195 993 1456 1043 honorificare

135 1051 260 1087 Deum
303 1058 459 1100 patrem
514 1051 564 1087 ad
612 1063 730 1098 quem
780 1050 1005 1099 originatur
1050 1059 1135 1088 tota
1186 1050 1455 1088 universitatis

135 1108 303 1145 ecclesie
335 1107 512 1145 variacio
546 1117 583 1145 et
614 1108 870 1146 terminatur.

82 1170 116 1202 15
193 1166 374 1204 Christus
408 1174 542 1203 autem
576 1169 797 1204 secundum
834 1167 1127 1204 humanitatem
1163 1176 1220 1204 est
1256 1167 1455 1204 mediator
1470 1174 1613 1202 without
1628 1175 1744 1210 clun-inv

136 1225 208 1262 Dei
247 1234 284 1262 et
322 1225 546 1271 hominum,
587 1225 677 1262 ideo
717 1235 883 1274 propter
920 1225 1039 1262 istam
1080 1226 1375 1263 mediacionem
1418 1235 1455 1263 et
1470 1211 1744 1272 ΨΟΚΞΞᾞῙἙᾸΞΨῪ

136 1284 254 1320 istam
307 1284 501 1321 fontalem
555 1283 873 1332 originacionern
919 1284 1147 1332 geminatur
1191 1285 1300 1321 Deus
1339 1292 1456 1334 pater

137 1342 283 1378 domini
312 1343 438 1379 nostri
455 1343 546 1379 Jesu
575 1342 732 1379 Christi.
768 1343 845 1389 Qui
880 1342 984 1379 enim
1019 1352 1126 1380 recte
1159 1343 1264 1391 sapit
1298 1344 1345 1379 de
1370 1345 1454 1379 Deo

137 1401 254 1437 debet
277 1400 409 1449 ipsum
434 1400 473 1436 in
497 1400 677 1449 qualibet
701 1400 960 1438 multitudine
990 1400 1262 1438 universitatis
1291 1402 1455 1437 tendere

79 1470 121 1492 20
138 1468 180 1495 ut
212 1460 262 1496 ad
296 1468 492 1503 centrum,
528 1468 565 1495 et
598 1459 664 1508 qui
697 1472 779 1496 non
811 1459 916 1508 sapit
948 1460 1127 1507 regulam
1163 1459 1341 1496 caritatis
1374 1472 1455 1496 non

136 1516 266 1553 noscit
303 1517 442 1566 sapide
480 1517 742 1564 Trinitatem3
788 1517 828 1553 in
867 1518 1004 1555 animo
1043 1518 1206 1567 quidem
1247 1527 1304 1554 est
1343 1518 1454 1563 fides,

138 1575 232 1623 quia
276 1576 395 1612 corde
438 1576 613 1612 creditur
651 1577 704 1611 ad
741 1576 944 1623 iusticiam,
989 1577 1026 1612 in
1066 1589 1133 1613 ore
1170 1577 1359 1625 confessio
1399 1581 1455 1620 (ut

137 1642 247 1682 patet
271 1635 386 1670 Rom.
410 1635 478 1679 XO,
504 1637 576 1680 io),
611 1635 679 1670 sed
714 1633 753 1669 in
786 1634 1103 1671 honorificencia
1131 1634 1336 1683 operacio,
1361 1634 1456 1682 quia

124 1692 231 1742 fides
268 1693 348 1729 sine
385 1692 565 1741 operibus
602 1700 756 1728 mortua
801 1700 867 1729 est.
914 1695 963 1729 Et
1008 1693 1100 1730 hinc
1140 1692 1235 1729 dicit
1274 1692 1455 1729 Christus

81 1750 318 1794 25(Matthei
356 1751 460 1796 V110‚
496 1752 578 1798 21):
625 1751 712 1786 Non
757 1751 880 1787 omnis
923 1751 988 1800 qui
1025 1751 1115 1787 dicit
1162 1751 1256 1787 milzi
1292 1751 1458 1787 Domine

139 1809 306 1845 Domine
333 1809 491 1844 intrabit
523 1809 559 1844 in
593 1821 759 1859 regnum
793 1810 979 1855 celorum,
1011 1810 1080 1846 sed
1111 1810 1175 1858 qui
1194 1810 1299 1858 facit
1322 1810 1455 1845 volun-

139 1874 254 1903 tatem
285 1867 412 1916 patris
444 1867 520 1903 mei
549 1867 614 1916 qui
643 1867 679 1903 in
713 1868 804 1904 celis
835 1876 902 1904 est.
949 1869 996 1903 Et
1037 1880 1081 1904 ex
1120 1867 1205 1904 istis
1238 1867 1364 1904 tercio
1398 1867 1456 1903 in-

138 1925 264 1961 fertur
297 1926 505 1974 quomodo
540 1927 722 1962 membra
762 1925 929 1963 ecclesie
970 1927 1115 1963 debent
1153 1925 1271 1962 inniti
1311 1925 1456 1962 unitati

139 1996 215 2032 que
261 1992 318 2020 est
362 1983 566 2020 vinculum
613 1983 805 2021 caritatis,
851 1986 899 2021 Et
944 1984 1036 2021 ideo
1082 1984 1177 2021 dicit
1216 1984 1455 2032 Apostolus:

81 2045 123 2078 30
139 2042 310 2091 Propter
341 2042 443 2091 quod
479 2042 660 2092 suscipite
698 2043 858 2079 invicem
890 2043 987 2079 sicut
1019 2050 1054 2079 et
1082 2043 1261 2079 Christus
1292 2043 1457 2091 suscepit

140 2112 206 2136 vos
228 2100 264 2136 in
288 2101 472 2137 honorem
497 2101 584 2147 Dei,
618 2102 694 2137 hoc
727 2110 785 2137 est
817 2104 999 2149 (propter
1023 2102 1093 2137 has
1117 2102 1215 2138 duas
1240 2100 1456 2149 premissas

137 2159 317 2207 suscipite
354 2159 533 2207 invicem)
572 2159 843 2207 provocancia
883 2161 933 2196 ad
973 2159 1196 2205 caritatem,
1243 2172 1332 2196 cum
1373 2158 1457 2195 sitis

138 2216 280 2253 fratres
313 2225 422 2253 tante
455 2217 633 2261 unitatis,
668 2226 706 2254 et
740 2217 892 2254 debetis
926 2218 1076 2254 moveri
1111 2219 1160 2254 ad
1195 2219 1269 2255 hoc
1303 2230 1346 2253 ex
1369 2217 1456 2253 imi-

137 2274 296 2311 tacione
320 2274 468 2312 Christi
492 2288 567 2324 que
592 2284 648 2312 est
678 2276 800 2313 frater
834 2285 869 2312 et
903 2285 1016 2324 pater
1044 2285 1180 2312 noster
1213 2284 1249 2312 et
1282 2275 1457 2324 suscepit

83 2336 121 2368 35
137 2346 210 2369 nos
248 2333 288 2370 in
331 2346 468 2370 curam
510 2346 580 2382 per
620 2334 946 2382 assumpcionern
988 2334 1250 2371 humanitatis
1290 2346 1366 2382 que
1399 2342 1456 2369 est

139 2391 367 2427 communis
405 2391 541 2428 Judeis
587 2401 623 2428 et
661 2392 858 2440 gentibus.
906 2393 973 2429 llle
1013 2392 1118 2429 enim
1161 2401 1218 2429 est
1259 2392 1456 2428 maximus

138 2451 268 2486 honor
300 2449 502 2498 possibilis
533 2450 617 2487 fieri
643 2450 796 2487 homini
820 2464 841 2488 a
865 2453 962 2488 Deo.
998 2452 1090 2487 Ideo
1123 2451 1327 2498 signanter
1360 2449 1455 2486 dicit

137 2516 285 2544 textus:
321 2509 510 2558 Suscipite
541 2509 701 2545 invicem
735 2510 832 2546 sicut
863 2517 898 2546 et
926 2509 1106 2546 Christus
1137 2509 1302 2558 suscepit
1332 2520 1398 2545 vos
1420 2509 1455 2543 in

205 2641 221 2669 3
254 2642 348 2669 coda
371 2643 406 2669 ud
430 2643 544 2677 ipsum.
675 2653 704 2676 4.
727 2643 822 2671 Cod.:
845 2648 985 2678 appellis.
1119 2643 1147 2671 6.
1170 2644 1265 2671 C‹›d.:
1288 2643 1393 2677 sapide
1414 2642 1454 2669 in.

139 2685 179 2710 14.
196 2676 291 2704 Goth:
313 2677 482 2704 temni-fiii&
557 2686 601 2712 27.
620 2678 715 2705 Cod.:
737 2683 781 2705 est
803 2678 898 2705 deest.
954 2677 1000 2705 30.
1021 2679 1053 2706 Iu
1077 2687 1172 2711 marg.
1195 2687 1280 2713 supa
1302 2677 1456 2712 Suscipile

137 2712 266 2739 invicem
285 2712 322 2739 ad
339 2712 424 2739 Rom.
441 2713 543 2745 111012‘1.
566 2713 729 2748 Suscipere
751 2713 900 2740 debemus
921 2713 1064 2743 invicem,
1086 2718 1117 2740 ut
1138 2713 1303 2747 diligamus
1324 2712 1453 2739 invicem

137 2746 166 2773 iu
189 2746 358 2774 visceribus
378 2747 525 2781 caritatis,
549 2752 579 2774 ut
600 2748 821 2775 subveniamus
842 2748 974 2775 invicem
996 2748 1024 2775 in
1047 2748 1194 2782 operibus
1222 2747 1343 2783 pit-tutis
1370 2751 1396 2773 ct
1426 2752 1453 2772 111

137 2781 358 2808 condoleamus
379 2781 510 2808 invicem
533 2782 563 2808 in
585 2782 778 2817 temporibus
799 2782 1004 2809 adversitatis.
1079 2782 1121 2810 32.
1145 2782 1239 2810 Cod.:
1263 2783 1356 2809 scitis.

209 2887 260 2917 24.
287 2878 355 2908 jac.
388 2877 426 2916 11,
455 2887 506 2917 ιο,
536 2876 587 2909 26.
736 2877 789 2908 30.
817 2878 867 2910 Ad
896 2878 999 2909 Rom.
1026 2878 1101 2918 XV,
1130 2889 1161 2919 7.
