1944 3323
137 241 213 288 308
706 249 928 281 JOHANNIS
948 249 1129 281 wvc1ff
1147 249 1404 282 SERMONUM
1444 236 1595 293 [SERMO
1617 246 1723 274 xrw.

418 356 673 391 solummodo
714 355 970 402 tripedalem3
1011 364 1047 391 et
1085 355 1140 391 sic
1173 358 1277 391 Deus
1317 364 1451 392 noster
1490 356 1590 391 foret
1623 357 1725 392 blas-

419 414 599 460 phemus,
638 426 684 449 eo
717 414 823 460 quod
857 413 965 449 nulla
998 426 1058 449 res
1092 422 1148 449 est
1181 415 1228 450 de
1263 427 1341 461 qua
1375 413 1557 449 homines
1590 414 1725 449 falsius

420 470 662 518 concipiunt,
709 479 746 506 et
796 483 884 506 cum
930 470 1086 518 signare
1129 471 1159 507 si
1205 480 1316 508 actus
1361 480 1520 519 oportet
1565 470 1724 507 Domini

418 528 560 573 facere,
608 537 650 564 ut
690 527 764 576 ipsi
804 537 988 575 arguunt,
1030 531 1134 564 Deus
1167 529 1296 577 signat
1329 528 1553 574 falsissime,
1588 542 1724 576 ymmo

419 587 525 634 quod
579 598 622 622 os
674 585 837 622 Domini
889 586 1068 622 locutum
1121 595 1178 622 est
1231 596 1310 623 tam
1365 586 1552 623 divinitus
1605 589 1757 635 quarn.=

419 643 649 680 humanitus
672 643 727 680 sic
752 643 852 679 foret
876 643 1146 688 falsissimum,
1166 643 1268 680 sicut
1292 653 1327 681 et
1351 645 1536 693 loquens3
1560 646 1723 680 verbum

419 701 522 737 enim
558 701 701 737 falsum
734 701 934 749 loquentis
969 714 991 738 a
1024 701 1271 750 proprietate
1304 702 1434 750 ipsum
1470 702 1619 739 iudicat
1644 714 1726 739 esse

418 759 575 795 falsum.
629 758 787 795 Heresis
826 767 959 796 autem
1000 759 1075 796 ista
1114 773 1136 796 a
1175 760 1336 796 diabolo
1375 769 1433 796 est
1472 760 1644 805 inventa,
1685 768 1726 795 ut

418 817 582 853 tollatur
619 817 816 865 scripture
856 829 967 853 sacre
1006 817 1224 854 auctoritas
1264 826 1299 854 et
1332 817 1449 854 liceat
1481 817 1726 854 Antichristo

419 887 507 910 cum
547 874 627 910 suis
668 875 873 923 discipulis
912 875 997 911 sine
1037 875 1288 923 obligacione
1321 877 1370 912 ad
1404 876 1526 923 legem
1566 875 1724 912 Domini
1748 892 1785 912 10

418 932 592 980 evagari.
634 932 738 969 Dicit
771 933 875 969 enim
911 934 1019 981 quod
1053 934 1111 969 lex
1145 933 1215 970 Dei
1250 942 1286 969 et
1319 932 1477 970 articuli
1512 932 1602 969 fidei
1636 941 1726 969 sunt

419 990 520 1026 inter
558 990 694 1027 omnia
732 990 881 1039 scripta
921 1000 1121 1027 sectarum
1160 991 1376 1037 falsissimi,
1422 990 1515 1040 quia
1559 992 1606 1027 de
1651 990 1727 1026 illis

419 1048 475 1084 sic
499 1048 596 1084 false
621 1048 853 1097 concipiunt
884 1057 920 1084 et
944 1049 1122 1096 obligare
1146 1061 1211 1085 eos
1236 1050 1285 1085 ad
1308 1061 1399 1085 vere
1422 1049 1724 1097 intelligendum

420 1106 520 1141 foret
561 1106 614 1142 eis
653 1107 766 1143 labor
805 1106 955 1143 inutilis
988 1116 1025 1143 et
1058 1107 1185 1155 logice
1218 1120 1286 1143 sue
1318 1119 1363 1143 ac
1397 1106 1511 1143 dictis
1545 1115 1581 1143 et
1616 1106 1727 1143 factis

422 1164 681 1200 contrarium.
1750 1172 1784 1203 15

129 1229 287 1263 Scripiure
308 1229 333 1256 is
355 1234 405 1256 noi
478 1224 559 1258 Nec
593 1231 648 1258 est
673 1222 806 1270 aliqua
839 1222 916 1258 alia
949 1230 1055 1258 secta
1087 1223 1158 1258 sub
1191 1222 1273 1258 sole
1306 1234 1382 1270 que
1415 1230 1568 1258 tantum
1603 1221 1727 1269 turpi-

159 1265 374 1325 [,C¹C²JJJSJ‚¹'‡{]⁶C„
422 1279 513 1315 ficat
565 1281 688 1327 legem
745 1293 871 1325 suam,
917 1289 958 1316 ut
1001 1288 1109 1328 patet
1155 1281 1201 1316 de
1244 1279 1378 1316 Judeis
1423 1289 1459 1316 et
1504 1280 1725 1325 Saracenis,

143 1333 392 1394 ¹¹³lS¹¹¹¹3³t⁶s⁸¹³¹¹d
419 1350 556 1385 ymmo
595 1339 642 1373 de
682 1337 777 1386 ipsis
815 1337 989 1385 politicis
1028 1346 1070 1373 ut
1108 1339 1193 1385 lege
1232 1337 1391 1383 cesaris,
1438 1339 1484 1374 de
1528 1337 1727 1374 aforismis

278 1391 282 1395 ’
419 1395 661 1443 ypocriticis‚
686 1395 830 1444 quibus
855 1395 1006 1432 cunctis
1034 1396 1094 1431 lex
1118 1395 1188 1431 Dei
1221 1396 1452 1443 blaspheme
1475 1395 1726 1444 supponitur.

419 1453 529 1489 Sicut
564 1466 656 1500 ergo
691 1466 750 1490 res
783 1462 926 1490 nature
958 1466 1038 1490 non
1072 1465 1118 1489 eo
1152 1453 1283 1489 minus
1316 1462 1373 1489 est
1395 1466 1484 1490 vera
1520 1466 1599 1502 quo
1633 1453 1727 1489 false
1744 1470 1785 1492 20

419 1511 657 1559 coneipitur,
703 1511 758 1547 sic
802 1511 1002 1559 scriptura
1045 1523 1159 1548 sacra
1205 1511 1266 1547 vel
1309 1511 1368 1547 lex
1409 1511 1583 1547 Domini.
1636 1512 1727 1547 Ideo

418 1578 628 1616 arguentes
662 1568 867 1617 pueriliter
887 1569 927 1606 in
961 1568 1192 1618 oppositum
1226 1570 1443 1617 probarent
1466 1569 1596 1617 primo
1620 1570 1727 1617 quod

419 1628 476 1663 lex
521 1627 591 1663 Dei
642 1627 698 1664 sic
742 1636 848 1663 recte
894 1629 1009 1664 debet
1062 1627 1227 1675 intelligi
1273 1628 1380 1675 quod
1423 1639 1504 1663 non
1547 1635 1725 1675 possunt.

419 1684 604 1730 Quelibet
644 1685 749 1721 enim
789 1685 988 1734 scripture
1026 1697 1138 1722 sacre
1176 1685 1373 1733 particula
1415 1693 1452 1721 et
1484 1684 1515 1721 si
1546 1685 1728 1721 videatur

419 1755 501 1779 esse
553 1752 909 1792 quantumcunque
958 1743 1056 1780 falsa
1105 1742 1382 1791 principaliter
1426 1742 1555 1790 signat
1599 1745 1725 1779 Deum
1745 1749 1784 1781 25

418 1812 501 1836 esse
545 1813 567 1837 a
612 1800 857 1849 proprietate
895 1813 1055 1838 sensum
1100 1801 1363 1848 pertinentem
1408 1800 1650 1837 catholicum
1691 1809 1727 1836 et

420 1858 643 1895 accessorie
693 1859 751 1895 vel
810 1868 1100 1907 consequenter
1150 1858 1343 1895 indirecte
1393 1871 1551 1895 sensum
1604 1858 1726 1894 alium

419 1928 556 1952 verum
606 1917 667 1953 vel
715 1917 871 1953 falsum.
933 1918 1009 1953 Sed
1056 1916 1150 1965 quid
1195 1917 1271 1952 hoc
1315 1917 1365 1952 ad
1410 1916 1726 1953 convincendum

419 1974 514 2021 legis
548 1974 710 2011 Domini
739 1975 978 2011 falsitatem?
1012 1977 1160 2011 Revera
1191 1987 1272 2010 non
1306 1974 1393 2022 plus
1426 1987 1546 2022 quam
1579 1973 1610 2010 si
1640 1973 1727 2022 quis

419 2032 673 2069 convinceret
712 2031 1077 2080 impossibilitatem
1120 2032 1199 2068 oris
1241 2040 1277 2068 et
1308 2032 1442 2080 lingue
1476 2044 1639 2068 erronee
1671 2031 1727 2067 sic
1745 2037 1785 2069 30

418 2089 633 2138 loquentis.
680 2089 815 2126 Discat
856 2103 949 2138 ergo
989 2090 1052 2126 hic
1095 2090 1239 2126 stultus
1284 2089 1531 2137 signanciam
1576 2098 1725 2125 rectam

418 2147 515 2195 legis
540 2147 714 2192 Domini,
749 2156 786 2184 et
808 2147 936 2196 ipsam
970 2147 1026 2184 sic
1065 2147 1208 2184 stolide
1248 2160 1327 2184 non
1360 2148 1578 2185 blasfemet,
1614 2148 1727 2183 Unde

418 2204 535 2242 istam
575 2205 745 2242 heresim
781 2207 1047 2253 dampnarent
1088 2205 1265 2254 episcopi
1304 2205 1343 2241 in
1383 2205 1554 2242 concilio
1586 2206 1727 2241 Terre-

420 2271 563 2309 motus‚
617 2276 707 2300 cum
762 2263 811 2299 sit
863 2264 1169 2300 fundamentum
1223 2263 1310 2299 aliis
1354 2263 1570 2307 heresibus,
1625 2262 1726 2298 sicut

419 2321 618 2369 scriptura
658 2333 772 2358 sacra
805 2330 862 2358 est
895 2322 1101 2369 speculum
1135 2330 1171 2357 et
1203 2321 1508 2357 fundamentum
1544 2320 1726 2356 fidelibus
1743 2324 1783 2357 35

420 2380 469 2414 ad
515 2391 774 2427 quascunque
819 2380 976 2416 hereses
1021 2380 1081 2415 vel
1120 2379 1277 2427 iniquas
1318 2378 1647 2415 conversaciones
1687 2378 1726 2413 in

421 2437 586 2473 ecclesia
634 2437 967 2474 convincendum.
1023 2438 1099 2473 Sed
1146 2436 1259 2472 multi
1310 2437 1455 2472 vellent
1500 2437 1607 2485 quod
1652 2436 1726 2471 hoc

419 2495 625 2542 speculum
649 2508 729 2531 non
751 2504 918 2543 pateret.
956 2494 1088 2531 Litera
1121 2507 1215 2542 ergo
1248 2494 1444 2542 scripture
1477 2506 1600 2538 sacre,
1635 2493 1726 2529 licet

419 2552 577 2588 occidat
610 2553 681 2589 hos
714 2553 881 2589 stolidos
921 2552 1023 2589 sicut
1056 2554 1175 2598 Deus,
1210 2560 1389 2588 remanet
1421 2561 1556 2588 tamen
1589 2551 1725 2587 infrin-

418 2609 550 2656 gibilis
598 2623 704 2656 vera,
758 2610 850 2647 licet
881 2610 1147 2647 Antichristus
1199 2622 1241 2646 ex
1285 2609 1483 2657 scriptura
1529 2617 1565 2646 et
1608 2621 1783 2653 sensu40

419 2679 536 2715 quem
571 2667 644 2704 sibi
678 2668 853 2716 applicat
886 2668 1110 2705 fundaverit
1138 2668 1263 2716 legem
1297 2680 1424 2704 suam.
1458 2667 1558 2703 Illud
1591 2675 1723 2703 autem

418 2737 499 2761 non
532 2734 589 2762 est
621 2725 820 2774 scriptura
853 2739 966 2763 sacra
998 2726 1089 2763 licet
1122 2725 1162 2761 in
1194 2725 1315 2773 signis
1349 2724 1630 2762 communicet.

471 2844 513 2876 ¹2.
530 2837 625 2864 Cod.:
655 2837 872 2872 blasphemius.
948 2837 1200 2872 19,ypocriticis;
1221 2838 1307 2864 cod:
1334 2824 1443 2871 yf'ictis.
1515 2844 1565 2868 *1⁰-
1582 2836 1675 2862 Cod.:
1698 2839 1723 2862 et

419 2876 581 2906 scriptura.
