1944 3323
134 264 270 294 semro
292 254 371 312 xu]
622 267 797 300 TERTlA
826 267 952 300 PARS.

135 388 207 411 non
240 375 418 412 timerent
445 375 758 424 persecucionenz
793 373 952 410 habitus
988 375 1285 411 mundanorum
1320 386 1450 422 neque

135 432 323 470 timorem
370 433 548 481 ipsorum
597 432 774 469 fidelium
816 431 1077 469 intrinsecum
1119 445 1142 469 a
1183 433 1335 469 mundo
1376 432 1449 468 ini-

135 493 335 537 ciendum,
371 504 461 528 curn
496 491 628 539 ipsum
663 499 895 527 constanter
929 500 1171 528 excuterent.
1219 490 1318 536 Quis
1352 503 1449 539 rogo

136 550 263 587 fidelis
309 550 447 586 firmus
491 549 531 585 in
576 549 652 585 fide
697 550 804 597 quod
854 550 975 585 homo
1020 562 1113 585 suus
1158 548 1324 586 interior
1368 562 1450 586 non

101 612 266 658 §potest
306 607 482 644 interimi
516 616 552 644 et
586 608 693 656 quod
727 609 833 644 Deus
866 620 887 644 a
921 607 1195 655 premiacione
1228 607 1450 644 constantis

135 676 172 704 et
204 666 370 703 virtuosi
402 678 483 702 non
517 674 649 714 potest
683 665 866 705 deficere,
901 665 1062 702 timeret
1095 666 1190 703 istas
1226 667 1450 702 mundanas

134 724 376 762 instancias?
416 725 508 760 Ideo
542 723 637 760 dicit
671 724 853 761 Christus
887 724 1055 761 Matthei
1088 726 1156 770 XO,
1193 725 1266 761 28:
1307 725 1450 770 Nolite,

133 783 275 832 inquit,
320 783 456 818 timere
499 794 562 819 eos
606 783 670 831 qui
707 783 883 819 occidunt
922 795 1077 832 corpus,
1115 783 1283 819 animam
1323 790 1449 819 autem

134 855 206 878 non
241 848 404 891 possunt
441 841 629 887 occidere,
669 841 737 877 sed
780 841 914 890 pocius
951 841 1079 877 timete
1116 854 1200 877 eum
1234 842 1298 890 qui
1323 849 1452 891 potest

79 914 118 935 10
134 908 168 937 et
205 900 373 936 animam
414 906 448 935 et
486 911 628 949 corpus
660 900 831 948 perdere
869 899 904 935 in
943 899 1165 944 iehennam;
1208 908 1315 936 totus
1355 912 1449 947 ergo

134 958 256 995 timor
301 957 480 994 fidelium
527 958 644 993 debet
689 957 729 993 in
775 957 979 994 Christum
1025 957 1172 1005 colligi,
1221 970 1270 994 ne
1315 958 1447 1006 ipsum

134 1016 310 1054 offendat
334 1024 500 1064 propter
523 1015 783 1052 amissionem
807 1015 1000 1052 virtutum
1026 1024 1064 1052 et
1086 1016 1246 1064 lapsum
1270 1015 1309 1052 in
1332 1016 1447 1053 vicia.

134 1074 326 1121 Quamvis
367 1083 501 1111 autem
541 1073 663 1110 timor
701 1073 897 1111 naturalis
941 1074 982 1110 in
1025 1074 1172 1110 talibus
1217 1074 1322 1120 insit,
1368 1088 1449 1111 non

133 1142 268 1170 tamen
292 1132 452 1181 attingit
475 1133 526 1169 ad
549 1132 738 1169 timorem
773 1145 911 1169 sensus
945 1141 982 1169 et
1014 1132 1240 1169 intellectus
1270 1145 1349 1181 quo
1373 1133 1449 1169 vir-

80 1195 236 1228 15tutes
269 1190 402 1228 anime
434 1190 734 1239 deprimuntur;
768 1191 859 1227 talis
883 1190 988 1227 enim
1014 1190 1160 1228 dicitur
1186 1191 1449 1228 conturbacio

131 1249 263 1286 timidi
308 1248 346 1285 in
390 1249 686 1298 temperancia;
732 1250 800 1286 sed
847 1250 1042 1286 dominum
1080 1250 1210 1286 Jesum
1249 1249 1447 1286 Christum

132 1308 199 1357 qui
223 1317 280 1344 est
304 1310 410 1344 Deus
444 1316 480 1344 et
513 1308 635 1344 homo
670 1317 706 1344 et
740 1309 816 1344 dux
848 1308 975 1344 nostri
999 1308 1193 1345 exercitus
1215 1308 1450 1358 sanctificate

131 1367 166 1403 in
200 1367 381 1403 cordibus
415 1367 566 1411 vestris,
599 1368 707 1415 quod
742 1366 797 1412 fit,
832 1379 922 1403 cum
959 1366 992 1403 ei
1026 1375 1258 1403 constanter
1290 1379 1448 1415 semper

131 1426 351 1462 secundum
398 1424 517 1461 fidem
564 1425 732 1462 caritate
776 1425 992 1462 formatam
1040 1434 1077 1462 et
1122 1424 1448 1462 indefectibiliter

75 1496 117 1518 20
131 1483 345 1520 adheretis.

631 1620 824 1660 SERMO
857 1621 944 1661 XL.

196 1716 420 1765 Quicunque
452 1715 640 1767 baptis-sati
669 1728 802 1751 sumus
834 1715 870 1751 in
910 1716 1066 1752 Christo
1100 1717 1137 1753 in
1172 1724 1297 1754 morte
1329 1718 1448 1767 ipsius

131 1775 319 1826 baptizati
347 1786 492 1811 sumus.
527 1775 641 1810 Rom.
666 1775 752 1819 VIO,
790 1773 824 1810 3.

190 1834 291 1869 Cum
325 1844 565 1881 quecunque
598 1831 750 1880 scripta
782 1841 873 1868 sunt
906 1833 955 1868 ad
996 1841 1176 1869 nostram
1218 1833 1446 1871 doctrinam

76 1894 115 1926 25
131 1890 284 1940 scripta
317 1899 420 1936 sunt,
455 1898 566 1939 patet
599 1891 709 1939 quod
741 1889 818 1927 ista
850 1890 1019 1928 historia
1053 1892 1100 1928 de
1140 1901 1271 1928 morte
1312 1901 1348 1929 et
1388 1905 1448 1929 re-

130 1949 386 1986 surreccione
410 1948 558 1986 Christi
592 1958 649 1985 est
681 1948 797 1985 nobis
830 1951 880 1985 ad
913 1962 1073 1986 sensum
1108 1949 1310 1987 misticum
1345 1951 1448 1988 fruc-

130 2017 260 2045 tuosa.
295 2007 459 2044 Instruit
491 2006 597 2044 enim
630 2019 704 2044 nos
737 2009 959 2044 secundum
994 2008 1317 2045 declaracionem
1340 2011 1448 2057 Apo-

131 2066 224 2103 stoli
258 2066 468 2115 quomodo
502 2067 695 2102 debemus
727 2065 859 2102 vivere
892 2066 956 2103 hic
989 2066 1029 2103 in
1060 2066 1136 2105 via.
1184 2070 1285 2104 Nam
1320 2068 1447 2116 bapti-

131 2124 244 2161 zacio
278 2137 357 2173 qua
390 2124 645 2172 baptizamur
678 2123 718 2160 in
742 2124 902 2161 Christo
926 2124 1055 2173 signat
1079 2134 1215 2162 motus
1239 2128 1447 2175 quomodo

75 2186 117 2218 30
132 2184 323 2219 debemus
356 2191 398 2218 ut
431 2182 486 2218 sic
520 2182 758 2219 mortificari
791 2182 902 2219 viciis
937 2192 974 2220 et
1007 2183 1114 2220 ablui
1153 2196 1175 2221 a
1209 2194 1376 2233 peccato
1410 2194 1447 2222 et

131 2241 247 2277 aliter
280 2240 505 2289 baptizacio
538 2241 641 2277 foret
673 2241 832 2279 frustra.
880 2241 1110 2290 Baptismus
1144 2251 1277 2279 autem
1312 2252 1447 2280 noster

132 2298 335 2336 contrahit
387 2299 574 2336 virtutem
621 2312 643 2336 a
688 2308 817 2336 morte
863 2299 1024 2347 Christi,
1079 2313 1170 2337 cum
1218 2314 1322 2350 aqua
1368 2314 1447 2351 qua

132 2357 335 2394 abluimur
364 2356 496 2405 signat
527 2370 640 2394 suam
674 2357 985 2395 tribulacionem
1019 2360 1068 2395 ab
1101 2358 1222 2396 inicio
1255 2372 1325 2396 sue
1357 2373 1446 2408 pas-

131 2415 254 2451 sionis
287 2427 412 2464 usque
446 2416 496 2451 ad
530 2424 702 2452 mortem
737 2429 851 2453 suam
884 2416 1090 2454 inclusive.
1124 2417 1320 2454 Inmersio
1352 2431 1446 2455 vero

75 2476 114 2510 35
131 2473 170 2509 in
204 2486 351 2522 aquam
385 2473 515 2521 signat
546 2486 620 2510 nos
641 2474 801 2523 sepeliri
826 2487 912 2511 sum
937 2475 1099 2512 Christo
1123 2477 1258 2524 quoad
1280 2486 1446 2524 peccata

132 2531 272 2568 mundi
306 2541 342 2568 et
376 2532 431 2568 sic
465 2531 567 2568 mori
601 2542 782 2580 peccato,
823 2542 860 2569 et
900 2532 1054 2570 levacio
1093 2535 1141 2570 de
1173 2534 1282 2571 fonte
1316 2535 1445 2583 signat

131 2599 213 2626 tam
247 2589 395 2627 Christi
429 2590 773 2628 resurreccionem
809 2604 931 2639 quam
971 2600 1151 2629 nostram
1187 2605 1265 2641 qua
1304 2593 1344 2629 in
1382 2593 1446 2630 via

201 2746 239 2776 13.
261 2748 350 2781 insit3
372 2748 458 2775 cod.:
481 2747 574 2775 misit.
650 2747 691 2776 32.
715 2749 810 2777 Cod.:
833 2750 975 2777 contrait.

203 2865 255 2887 21.
288 2855 473 2887 Dominica
505 2861 600 2888 sexta
636 2863 715 2899 post
742 2856 962 2890 Trinitatem.
995 2859 1046 2891 Cf.
1072 2858 1231 2902 Wyclif's
1265 2859 1444 2899 Sermons,

132 2902 185 2934 ed.
211 2901 255 2944 by
283 2902 429 2943 Arnold,
455 2902 495 2944 ΙΙ,
521 2912 600 2945 pag.
628 2902 820 2947 328—329.

1660 259 1730 295 331

1535 1840 1672 1875 Baptism

1499 1875 1636 1909 signiflcs
1657 1876 1706 1902 the

1488 1910 1577 1937 death
1599 1910 1633 1938 of
1651 1911 1708 1938 sin.
