1944 3323
156 249 238 283 494

260 358 327 385 Oni·

157 392 370 420 conversation
391 390 417 417 is

156 429 184 455 in
208 428 319 454 heaven
340 426 427 452 when

171 471 228 489 our
248 461 405 488 allections

172 505 221 524 are
243 501 286 523 set
307 496 400 530 there,

177 1165 235 1192 and
258 1165 343 1195 isso,
366 1173 409 1191 we

192 1201 266 1227 shall
289 1205 348 1226 rest
369 1200 397 1226 in

165 1235 320 1270 perpetual
344 1235 427 1262 bliss.

739 239 962 273 JOHANNIS
984 238 1165 272 WYcrir
1184 237 1441 270 SERMONUM
1481 223 1631 282 [SERMO
1654 232 1745 262 Lvn.

501 350 578 385 Sed
618 347 710 396 quia
748 346 934 395 opposita
972 345 1079 381 iuxta
1123 357 1163 381 se
1207 344 1339 392 posita
1384 343 1508 392 magis
1553 352 1748 392 apparent

443 408 662 443 secundum
708 404 971 453 philosophos
1016 402 1239 450 iuxtaponit
1277 402 1492 450 Apostolus
1537 413 1748 438 conversa-

444 464 601 501 cionem
623 475 809 500 verorum
834 461 1124 509 apostolorum,
1158 469 1200 496 ut
1233 473 1255 496 a
1287 459 1636 508 pseudoapostolis
1670 471 1749 495 me-

444 521 519 558 lius
550 522 845 558 discernantur:
879 520 1039 565 Nostra⁷
1073 518 1214 566 inquit,
1238 517 1483 553 conversacio
1507 517 1542 552 in
1565 517 1654 553 celis
1676 524 1750 559 est,-

445 593 488 616 ex
528 592 607 628 quo
645 587 755 627 patet
793 578 902 626 quod
942 585 1136 624 repugnat
1177 575 1298 612 statui
1343 588 1480 611 eorum
1521 575 1628 623 quod
1672 574 1781 610 sint5

444 636 685 685 voluptuosi,
720 635 855 684 cupidi
887 635 949 671 vel
981 634 1087 670 elati,
1122 636 1169 670 Et
1201 634 1318 669 istam
1342 632 1577 681 religionem
1603 633 1748 668 debent

446 695 590 744 privati
624 693 799 741 religiosi
831 692 957 728 nostri
991 693 1213 728 attendere.
1260 693 1360 727 Cum
1400 700 1533 727 autem
1576 689 1747 737 apostoli

446 753 572 789 nostri
618 765 699 789 non
747 750 907 799 sapiunt
955 758 1126 795 terrena,
1180 748 1419 797 relinquitur
1462 749 1571 796 quod
1616 747 1750 784 anima

445 824 598 856 eorum,
631 822 713 846 non
746 821 857 845 mens
890 808 1020 855 sapiat
1053 807 1226 852 celestia,
1262 815 1298 842 et
1331 819 1420 842 cum
1454 805 1589 842 anima
1620 805 1750 842 verius

445 868 494 904 sit
527 867 594 904 ubi
627 867 802 904 afficitur
835 878 954 914 quam
989 866 1055 901 ubi
1089 865 1279 901 informat
1312 864 1396 900 sine
1420 863 1636 900 affeccione
1660 864 1750 899 sub·
1771 877 1808 898 ιο

446 926 550 972 iecti,
590 934 699 974 patet
733 926 840 973 quod
874 923 948 971 ipsi
982 923 1021 959 in
1055 922 1266 959 celestibus
1300 930 1600 959 conversantur.
1648 923 1747 957 Cum

447 993 579 1021 autem
620 983 755 1020 anima
794 982 843 1018 sit
887 982 1026 1018 eadem
1071 993 1242 1029 persona
1287 993 1377 1016 cum
1423 979 1596 1024 homine,
1643 987 1752 1026 patet

447 1043 555 1091 quod
593 1050 804 1090 querentes
848 1052 924 1088 que
968 1052 1124 1075 sursum
1171 1047 1260 1074 sunt
1309 1047 1345 1074 et
1390 1050 1469 1073 non
1515 1049 1591 1085 que
1635 1048 1753 1084 super

448 1109 597 1137 terram
629 1111 720 1136 vere
753 1107 843 1135 sunt
877 1097 916 1133 in
949 1097 1056 1133 celis.

507 1160 586 1194 Nec
620 1156 783 1193 dubium
820 1154 928 1191 fideli
961 1154 1058 1203 quin
1090 1163 1179 1202 post
1213 1154 1330 1190 istam
1366 1162 1593 1201 presentem
1628 1151 1753 1188 tribu-
1774 1155 1810 1187 15

450 1215 646 1252 lacionem
692 1214 816 1251 eciam
864 1214 970 1261 apud
1016 1214 1209 1248 mundum
1250 1211 1552 1260 oppressionem
1594 1219 1754 1258 oportet

451 1286 494 1310 ex
528 1273 605 1309 fide
638 1272 760 1309 alium
794 1272 913 1308 finem
949 1270 1072 1318 sequi.
1108 1271 1221 1307 Unde
1255 1269 1350 1305 dicit
1372 1269 1609 1316 Apostolus:
1649 1268 1755 1303 Unde

451 1339 485 1367 et
516 1331 749 1367 salvatorem
783 1336 1031 1378 expectamus
1064 1328 1257 1363 dominum
1290 1334 1462 1362 nostrum
1483 1327 1612 1362 Jesunz
1642 1326 1754 1360 Chri-

450 1397 549 1425 stum
573 1389 636 1437 qui
657 1388 885 1436 reformabit
908 1398 1049 1435 corpus
1072 1385 1296 1421 humilitatis
1319 1392 1448 1420 nostre
1470 1384 1754 1433 coifiguratum

451 1447 610 1495 corpori
645 1446 834 1481 claritatis
871 1457 937 1480 sue
973 1445 1179 1480 secundum
1219 1443 1484 1492 operacionem
1523 1453 1594 1490 qua
1634 1440 1756 1490 possit
1775 1455 1814 1475 20

452 1505 568 1541 eciam
601 1504 674 1540 sibi
702 1503 874 1540 subicere
905 1502 1041 1538 omnia.
1088 1501 1127 1537 Si
1162 1501 1265 1536 enim
1300 1500 1435 1536 fideles
1469 1507 1755 1535 conversantur

452 1562 491 1598 in
524 1561 617 1598 celis
650 1570 815 1609 propter
837 1560 1039 1596 Christum
1074 1559 1141 1607 qui
1175 1568 1232 1595 est
1264 1558 1302 1593 in
1327 1559 1485 1594 dextera
1510 1556 1580 1593 Dei
1603 1557 1756 1599 sedens,

453 1633 542 1656 cum
591 1618 850 1656 affeccionem
904 1617 1012 1654 illam
1067 1629 1191 1665 usque
1238 1615 1277 1652 in
1321 1615 1439 1652 finem
1483 1614 1757 1651 continuatam

452 1690 533 1714 non
566 1679 762 1721 deserent,
796 1684 906 1724 patet
939 1676 1046 1723 quod
1079 1684 1169 1723 post
1203 1682 1374 1710 mortem
1407 1672 1757 1709 conversacionem

453 1736 561 1772 illam
603 1748 692 1771 cum
727 1734 886 1770 Christo
925 1733 965 1769 in
1005 1732 1099 1769 celis
1138 1731 1329 1769 sincerius
1367 1731 1684 1775 confirmabunt3
1725 1738 1761 1765 et
1779 1734 1816 1766 25

454 1806 543 1830 cum
596 1801 757 1841 oportet
810 1804 955 1840 corpus
1007 1790 1047 1826 in
1100 1790 1177 1826 fine
1230 1801 1435 1836 resurgere
1494 1797 1530 1824 et
1582 1788 1759 1824 animam

454 1851 584 1899 ipsum
641 1859 835 1899 perpetuo
888 1858 1063 1894 actuare‚
1123 1856 1232 1896 patet
1291 1860 1380 1883 cum
1434 1846 1510 1882 isto
1562 1844 1760 1894 principio

454 1921 573 1945 omne
612 1921 755 1956 corpus
797 1906 1063 1955 compositum
1111 1906 1280 1942 situatur
1325 1904 1561 1940 naturaliter
1605 1903 1644 1939 in
1684 1902 1761 1939 situ

454 1979 572 2015 quem
615 1965 767 2014 appetit
808 1974 951 2001 natura
991 1964 1030 1999 in
1068 1963 1155 2011 ipso
1194 1962 1418 2007 dominans,
1460 1963 1568 2010 quod
1601 1969 1761 2009 oportet

454 2025 553 2060 tales
585 2024 625 2059 in
657 2023 904 2060 beatitudine
936 2031 1129 2070 perpetua
1163 2019 1352 2069 quietari3
1399 2019 1489 2056 ideo
1529 2018 1624 2055 dicit
1655 2020 1761 2066 Apo-
1777 2021 1820 2053 30

455 2082 579 2118 stolus
617 2082 717 2130 quod
754 2081 932 2116 Christus
973 2079 1202 2128 reformabit
1243 2090 1384 2127 corpus
1426 2084 1612 2123 nostrum,
1655 2077 1762 2124 quod

456 2140 659 2187 quondam
694 2139 868 2174 creando
902 2138 1145 2173 formaverat
1179 2145 1215 2172 et
1247 2135 1327 2172 iam
1362 2144 1419 2171 est
1447 2135 1522 2171 vile
1546 2143 1583 2170 et
1605 2134 1762 2170 incura-

456 2197 553 2242 bile3
595 2198 643 2232 ad
684 2197 760 2232 hoc
799 2195 904 2231 enim
938 2203 1082 2243 potest,
1118 2207 1208 2230 cum
1242 2195 1361 2230 habet
1394 2192 1622 2241 potenciam
1657 2190 1762 2228 subi-

457 2254 586 2290 ciendi
620 2254 703 2290 eius
735 2252 906 2301 imperio
938 2252 1113 2300 singulas
1146 2260 1362 2288 creaturas.
1397 2250 1506 2287 Sicut
1530 2263 1623 2298 ergo
1648 2248 1761 2286 Chri-

456 2321 538 2348 stus
572 2313 700 2348 solum
734 2323 804 2359 per
836 2323 875 2347 se
915 2310 1093 2347 ascendit
1127 2310 1166 2346 in
1206 2310 1348 2355 celum,
1389 2308 1445 2345 sic
1485 2316 1576 2356 post
1617 2308 1818 2343 exalta-35

457 2369 612 2406 cionem
637 2382 749 2405 suam
773 2370 905 2405 trahet
928 2368 1065 2404 omnia
1090 2369 1270 2404 membra
1294 2366 1457 2403 ecclesie
1481 2367 1529 2402 ad
1553 2378 1593 2402 se
1616 2365 1760 2412 ipsum.

457 2430 537 2464 Nec
571 2428 646 2463 hoc
680 2427 753 2463 erit
791 2426 865 2463 sibi
904 2425 1079 2471 difficile,
1121 2438 1210 2462 cum
1249 2434 1394 2461 natura
1433 2433 1575 2472 potens
1614 2423 1654 2459 in
1693 2422 1761 2458 tali

458 2485 591 2521 celesti
632 2485 794 2521 homine
827 2485 876 2520 ad
911 2483 1208 2520 habitacionem
1243 2483 1431 2519 celestem
1464 2481 1671 2530 potissime
1705 2480 1760 2515 in-

458 2542 641 2579 clinatur.
675 2545 764 2579 Non
797 2541 901 2578 enim
936 2550 994 2578 est
1027 2540 1170 2589 aliquis
1193 2540 1383 2577 articulus
1408 2539 1499 2576 fidei
1523 2537 1759 2583 contrarius,

458 2602 526 2637 sed
559 2613 757 2636 consonus
790 2599 955 2644 radoni,
996 2598 1088 2647 quia
1128 2598 1159 2634 si
1199 2599 1300 2634 foret
1337 2597 1489 2634 racioni
1523 2595 1759 2640 contrarius,
1774 2610 1818 2639 40

528 2756 571 2791 32,
592 2756 635 2785 33.
658 2756 752 2784 Cod.:
773 2756 963 2783 incnriabile.

528 2863 559 2894 4.
588 2851 675 2883 Phil.
702 2851 757 2891 III,
787 2861 840 2883 20.
943 2861 1083 2892 17—21.
1112 2850 1156 2884 ib.
1186 2860 1236 2891 20,
1266 2861 1317 2883 21.
