1944 3323
223 294 359 323 SERMO
380 286 447 342 ut]
716 302 892 334 TERTIA
922 303 1048 335 PARS.

223 406 330 453 quod
365 404 510 453 aliquis
545 406 646 443 citra
671 408 796 443 Deum
830 408 1008 446 remittat
1035 411 1103 446 Dei
1129 410 1332 459 iniuriam,
1357 413 1441 450 sine
1466 415 1539 450 hoc

222 464 329 510 quod
354 462 439 511 ipsc
462 462 572 512 prius
595 464 820 502 remiserit?
844 466 934 504 ideo
959 480 1001 504 ex
1025 468 1102 505 fide
1126 469 1309 518 capimus
1334 473 1442 519 quod
1465 485 1539 509 nec

221 521 384 569 angelus
423 534 494 558 nec
534 523 658 559 homo
697 532 829 572 potest
869 535 1078 573 peccatum
1119 528 1272 574 tollere,
1316 529 1393 566 nisi
1438 530 1539 567 forte

221 578 337 615 fuerit
360 580 530 617 nuncius
554 582 604 617 ad
628 583 838 630 populum,
862 596 953 621 vere
976 585 1208 623 nunciando
1232 586 1306 623 sibi
1331 590 1538 636 quomodo

186 638 325 673 §Deus
369 637 479 686 prius
524 649 736 687 peccatum
782 642 958 679 abstulit.
1008 645 1056 680 Et
1100 644 1384 682 fundacionem
1431 646 1537 683 illius

219 694 531 743 significacionis
565 697 748 748 relinquo
781 700 966 749 satrapis,
1003 701 1097 750 quia
1134 715 1206 751 ego
1239 703 1374 740 nescio
1408 704 1534 753 ipsam

219 753 400 801 fundare,
435 756 503 791 sed
537 764 644 792 certe
676 756 759 794 scio
793 760 900 806 quod
931 759 1054 796 homo
1077 770 1209 808 potest
1232 761 1434 799 dimittere
1457 763 1538 800 sive

218 812 422 850 remittere
445 826 557 850 suam
583 814 769 852 iniuriam
795 817 1059 865 relinquendo
1083 821 1167 856 Deo
1192 819 1310 856 finale
1343 820 1535 857 iudicium

218 878 255 905 et
288 872 534 919 completum
569 875 703 921 quoad
738 886 851 911 suam
885 875 1073 913 iniuriam
1107 877 1407 915 vindicandam.

163 941 202 963 10
275 930 328 964 Ex
359 942 438 978 quo
472 939 581 978 patet
614 931 780 969 ulterius
814 934 921 981 quod
954 933 1204 983 impossibile
1238 945 1295 973 est
1328 937 1532 974 hominem

217 985 301 1023 sine
334 988 584 1025 confessione
608 990 816 1027 meritoria
841 1004 863 1028 a
886 992 1054 1029 crimine
1076 993 1252 1031 liberari.
1288 997 1365 1031 Sed
1390 997 1535 1044 duplex

215 1053 272 1081 est
306 1046 504 1084 confessio
544 1048 733 1094 humana,
773 1049 926 1086 scilicet
966 1051 1071 1088 facta
1105 1052 1310 1089 meritorie
1342 1053 1416 1090 soli
1450 1057 1534 1091 Deo

214 1112 251 1141 et
285 1103 368 1140 eius
402 1106 617 1142 sacerdoti.
664 1106 799 1144 Prima
836 1117 1004 1145 vocatur
1037 1111 1234 1148 confessio
1267 1112 1463 1159 generalis
1497 1122 1533 1149 et

213 1164 389 1199 secunda
422 1163 673 1201 auricularis.
708 1167 756 1201 Et
789 1167 836 1203 de
869 1166 1000 1215 prima
1033 1168 1213 1217 loquitur
1246 1169 1459 1219 scriptura,
1485 1172 1532 1208 de

161 1222 391 1257 ifisecunda
430 1234 524 1258 vero
563 1222 769 1260 institucio
810 1225 981 1273 papali3‚
1022 1239 1113 1263 cum
1153 1240 1228 1264 usu
1268 1229 1435 1265 ecclesie
1474 1232 1532 1275 (ut

213 1288 322 1326 patet
344 1281 399 1315 V0
423 1281 708 1328 Decretalium‚
727 1284 783 1318 De
808 1283 1039 1321 Penitencia
1072 1294 1109 1322 et
1136 1285 1398 1333 Remissione‚
1424 1287 1531 1336 capi-

212 1337 296 1373 tulo
341 1338 476 1375 Omnis
513 1340 711 1389 utriusque
753 1342 901 1389 sexus).
956 1344 1069 1379 Patet
1112 1353 1247 1381 autem
1294 1347 1401 1394 quod
1446 1346 1531 1382 sinc

212 1396 463 1433 confessione
508 1397 634 1445 priori
679 1398 873 1436 cardinali
919 1399 1168 1449 impossibile
1214 1412 1272 1439 est
1317 1413 1528 1452 peccatum

212 1453 377 1503 aliquod
411 1454 559 1492 dimitti
599 1455 849 1505 simpliciter.
897 1460 1115 1504 Quomodo
1148 1464 1277 1509 (rogo)
1312 1461 1531 1499 dimitteret

154 1523 196 1546 20
212 1514 317 1549 Deus
351 1522 562 1561 peccatum
597 1515 751 1552 homini
775 1515 859 1552 sine
883 1516 967 1554 eius
990 1519 1222 1556 voluntate?
1255 1522 1337 1557 Nec
1362 1521 1526 1557 dubium

211 1570 307 1619 quin
341 1570 425 1608 sine
458 1572 708 1610 confessione
740 1575 916 1611 secunda
949 1585 1160 1624 peccatum
1195 1577 1343 1615 dimitti
1366 1579 1527 1627 poterit.

210 1628 323 1665 Absit
357 1630 519 1679 quidem
555 1630 714 1668 fidelem
749 1634 912 1670 credere
946 1636 1054 1683 quod
1088 1636 1212 1672 homo
1246 1636 1286 1672 in
1319 1650 1398 1685 quo
1423 1640 1528 1674 Deus

211 1696 349 1723 causat
397 1688 633 1736 originalem
688 1690 916 1728 mutitatem
969 1705 1143 1741 peccans
1188 1694 1228 1730 in
1274 1697 1403 1732 Deum
1448 1709 1529 1732 non

210 1754 346 1793 posset
380 1758 424 1782 ex
456 1746 593 1784 animo
627 1749 802 1785 contrito
836 1762 858 1786 a
890 1759 1059 1798 peccato
1093 1752 1311 1789 commisso
1336 1753 1376 1790 in
1399 1755 1527 1791 Deum

153 1803 431 1851 25graciosius
464 1804 639 1842 liberari.
674 1809 722 1843 Et
755 1807 862 1844 idem
885 1807 1043 1846 videtur
1077 1811 1124 1846 de
1158 1811 1328 1848 mortuis
1361 1811 1402 1848 in
1435 1812 1528 1849 soli-

209 1861 347 1898 tudine
379 1863 439 1899 vel
473 1863 567 1900 alibi
602 1863 687 1901 sine
721 1865 836 1913 copia
870 1868 1142 1905 sacerdotum.
1177 1871 1283 1906 Deus
1318 1869 1422 1906 enim
1447 1883 1529 1907 non

208 1928 340 1968 potest
373 1921 614 1959 necessitare
653 1935 693 1959 se
726 1923 858 1972 ipsum
900 1927 1022 1973 quod,
1063 1926 1095 1962 si
1128 1929 1317 1964 sacerdos
1356 1941 1449 1965 suus
1488 1929 1528 1965 in

209 1978 325 2015 terris
358 1988 614 2027 peccatorem
647 1994 730 2018 non
768 1982 998 2030 absolverit,
1033 1983 1118 2033 ipse
1156 1985 1413 2034 omnipotens
1446 2000 1528 2024 non

209 2036 392 2073 absolvit.
427 2039 519 2074 Ideo
553 2038 645 2075 licet
678 2039 782 2076 inter
815 2040 893 2077 alia
925 2050 1076 2080 statuta
1109 2044 1286 2081 humana
1318 2044 1408 2081 talis
1433 2058 1527 2082 con-

152 2097 192 2129 30
208 2094 326 2132 fessio
361 2104 397 2132 et
430 2097 638 2133 absolucio
673 2099 843 2135 multum
884 2100 1024 2147 prosit,
1065 2114 1156 2138 cum
1197 2103 1370 2139 multum
1408 2112 1527 2140 nocet

210 2153 378 2190 ecclesie
411 2162 448 2190 et
482 2155 627 2192 multas
661 2157 820 2193 hereses
855 2165 891 2194 et
925 2159 1211 2197 contenciones
1247 2161 1353 2198 circa
1377 2162 1524 2198 fastum

207 2220 244 2248 et
284 2221 468 2260 questum
510 2214 797 2262 temporalium
838 2215 1078 2264 introducit3
1118 2218 1209 2255 ideo
1248 2231 1330 2256 non
1367 2228 1526 2257 tantum

206 2271 370 2317 prodest
414 2271 579 2308 ecclesie
624 2281 819 2320 quantum
866 2275 1032 2322 prodest
1076 2275 1248 2313 tradicio
1288 2277 1523 2315 Scariothis.

204 2327 372 2364 Videtur
416 2338 553 2366 tamen
598 2329 720 2366 michi
760 2333 868 2380 quod
908 2333 1091 2370 subditus
1134 2336 1251 2372 debet
1289 2336 1525 2373 obedienter

148 2387 188 2420 35
205 2398 347 2434 parere
379 2387 595 2424 tradicioni
627 2389 807 2437 predicte
830 2399 987 2428 servata
1009 2404 1168 2441 semper
1190 2392 1375 2431 libertate
1399 2395 1524 2431 eccle-

204 2443 260 2480 sie
293 2457 413 2493 quam
449 2445 630 2482 Christus
670 2447 792 2484 dedit.
839 2450 940 2486 Cum
981 2459 1114 2487 autern
1155 2451 1287 2499 prima
1327 2452 1523 2489 confessio

204 2501 253 2538 sit
285 2511 368 2539 tarn
400 2503 640 2550 necessaria,
673 2504 891 2543 videndum
926 2516 984 2544 est
1017 2510 1065 2545 de
1099 2509 1226 2546 tribus
1251 2523 1327 2559 que
1357 2520 1448 2547 sunt
1473 2512 1523 2547 ad

204 2560 287 2596 eius
321 2560 556 2609 dignitatem
589 2564 817 2601 necessario
848 2565 1054 2614 requisita.
1089 2568 1260 2616 Oportet
1284 2568 1388 2605 enim
1415 2570 1523 2617 quod

204 2627 394 2667 peccator
427 2619 544 2668 digne
578 2622 661 2657 Deo
703 2622 898 2660 confitens
938 2624 988 2660 sit
1029 2625 1246 2673 contritus;
1293 2635 1329 2663 et
1368 2626 1407 2663 in
1447 2628 1522 2663 hoc

143 2689 188 2719 40
204 2678 453 2714 concordant
492 2686 574 2714 tam
615 2692 717 2716 unus
756 2694 877 2729 quam
917 2681 1018 2719 alius
1052 2683 1119 2732 qui
1151 2685 1213 2721 vel
1251 2685 1523 2733 perfunctorie

273 2819 293 2838 ι.
314 2812 410 2840 Cod.:
432 2812 559 2848 aliquid.
694 2823 724 2848 4.
746 2815 842 2843 Cod.:
865 2817 1031 2844 nascendo.
1167 2818 1208 2846 16.
1232 2819 1328 2847 Cod.:
1350 2820 1520 2846 decretalis.

202 2845 244 2873 25.
258 2846 354 2874 C‹›d.:
372 2847 587 2875 sollicitudine.
656 2847 698 2877 35.
713 2850 808 2878 Cod.:
825 2856 943 2879 servata
956 2852 1054 2879 twice.
1122 2862 1172 2887 40.
1187 2854 1282 2882 Cod.:
1300 2854 1519 2890 prosum-toric.

279 2940 328 2973 17.
359 2932 492 2963 Decret.
521 2932 623 2974 Greg.
652 2933 706 2970 IX,
738 2935 795 2966 lib.
814 2935 856 2972 V,
886 2936 934 2967 tit.
963 2936 1149 2978 XXXVIH,
1177 2949 1251 2981 cap.
1277 2939 1349 2970 ΧΗ.

1334 2995 1382 3027 34(-

1595 945 1779 974 confession

1552 988 1570 1007 1.
1594 986 1623 1007 to
1647 982 1728 1012 (lod,

1549 1024 1573 1042 2.
1596 1021 1626 1042 10
1648 1017 1695 1043 llic
1717 1019 1810 1052 priest

1582 1295 1648 1322 The
1670 1297 1733 1323 {first
1755 1297 1781 1324 is

1547 1331 1679 1363 necdsul,
1700 1332 1751 1358 but
1770 1337 1820 1358 not

1587 1366 1637 1392 the
1659 1368 1783 1393 second.

1584 2053 1684 2081 which
1706 2054 1780 2081 with

1583 2096 1669 2116 some
1691 2090 1781 2123 prom

1585 2124 1659 2150 does
1681 2124 1772 2151 much

1628 2159 1734 2193 llarni;

1582 2407 1630 2438 yet
1653 2411 1723 2437 may
1747 2403 1780 2430 bt·

1622 2438 1732 2474 rightly

1595 2473 1746 2507 prat-used
1753 2495 1759 2500 .

1563 2575 1664 2604 Three
1686 2577 1788 2611 things

1592 2612 1706 2639 needed
1729 2612 1758 2639 iu

1562 2647 1737 2674 conte-<sion
1759 2652 1789 2673 ῐυ

1632 2681 1718 2710 (Jodz

1566 2724 1584 2743 1.
1607 2716 1783 2743 couti-itinn.
