1944 3323
101 274 174 307 124

168 386 290 413 Ascclic

135 420 319 447 abstineucc.

122 1256 188 1283 Our
208 1256 290 1294 wize
311 1256 336 1283 is

166 1295 290 1325 certain,

144 1894 202 1932 and
225 1902 315 1929 every

125 1933 265 1956 virtuous
286 1933 332 1955 act

94 1964 180 1999 liclps
201 1968 231 1991 to
253 1964 312 1991 win
334 1964 364 1990 it.

679 272 900 303 JOHANNIS
919 271 1100 303 WYCLIF
1118 271 1373 303 SERMONUM
1438 258 1589 316 [SERMO
1611 269 1691 297 XVI.

440 381 542 426 Sepe
575 377 678 414 enim
713 377 1016 425 incorpulentus
1048 377 1108 413 vel
1132 376 1395 425 ingurgitatus
1419 385 1510 413 ante
1533 386 1691 426 tempus

380 437 439 472 sui
473 436 704 473 certaminis
733 435 904 472 abstinet
927 447 966 471 se
991 434 1142 472 cibario
1165 443 1208 471 ut
1231 435 1423 480 ieiunans,
1457 447 1505 471 ne
1529 444 1692 483 propter

382 494 681 543 corpulenciam
723 502 789 530 aut
829 493 1028 530 defectum
1068 492 1238 529 anelitus
1279 492 1328 529 sit
1360 494 1618 541 postmodum
1653 493 1691 529 in

381 565 453 589 suo
508 552 728 589 certamine
775 551 1003 599 impeditus.
1058 553 1106 587 Et
1150 551 1205 587 sic
1250 553 1418 599 Moyses,
1465 551 1611 598 Helyas
1656 560 1692 588 et

382 610 563 647 Christus
595 611 781 657 leguntur
814 617 978 657 propter
1002 609 1187 645 celestem
1211 621 1402 646 coronam
1427 608 1693 657 quadraginta

382 668 520 705 diebus
554 677 591 704 et
622 667 808 704 noctibus
841 667 1051 704 ieiunasse.
1087 666 1127 703 Si
1161 679 1254 715 ergo
1287 668 1363 703 hoc
1395 675 1576 703 servatur
1608 668 1692 704 lau-

382 726 566 763 dabiliter
605 734 770 774 propter
809 719 1021 762 coronam*
1045 724 1347 773 corruptibilem
1390 724 1690 773 acquirendam,

380 784 559 832 sequitur
602 783 871 820 insolubiliter
915 795 986 831 per
1029 783 1162 819 locum
1208 796 1229 819 a
1277 782 1419 819 maiori
1464 784 1572 831 quod
1618 795 1692 819 nos

379 844 569 878 debemus
601 842 731 878 facere
764 840 1128 890 proporcionaliter
1159 849 1324 888 propter
1353 853 1544 877 coronam
1569 840 1692 877 beati—

378 899 527 936 tudinis
559 899 861 948 acquirendam.
895 900 1066 936 Utamur
1099 911 1192 946 ergo
1225 898 1299 935 hiis
1332 898 1621 947 temporalibus
1645 900 1692 935 de

379 966 530 1007 quanto
572 957 791 1006 disponunt
835 966 954 1005 atque
991 956 1201 1002 facilitant,
1246 965 1289 992 ut
1326 955 1460 993 taliter
1497 965 1692 1005 perpetuo

380 1028 621 1053 coronemur
662 1025 699 1052 et
738 1017 786 1052 ab
826 1015 1012 1052 omnibus
1051 1014 1362 1063 impedientibus
1402 1027 1570 1062 agonem
1604 1026 1693 1063 pre-

381 1073 532 1111 dictum
567 1075 787 1110 secundum
821 1073 1025 1110 racionem
1060 1072 1168 1109 illam
1193 1072 1479 1109 abstineamus.
1512 1074 1561 1108 Et
1584 1081 1694 1120 patet

380 1144 517 1169 sensus
550 1131 784 1169 universalis
808 1144 926 1181 quern
959 1130 1140 1179 sophista
1172 1139 1287 1179 putat
1319 1143 1358 1167 se
1391 1129 1588 1178 intrepide
1621 1129 1693 1166 im-

382 1202 574 1239 pugnare.

438 1251 531 1285 Post
564 1250 662 1285 duas
694 1247 875 1285 raciones
908 1248 1153 1295 exemplares
1176 1248 1227 1283 ad
1248 1245 1414 1283 viriliter
1438 1245 1692 1282 militandum

382 1306 578 1355 premittit
610 1307 828 1354 Apostolus
862 1307 1027 1342 modum
1062 1304 1286 1353 pugnandi:
1326 1305 1432 1355 Ego,
1464 1303 1606 1352 inquit,
1639 1304 1693 1340 Sic

380 1377 498 1401 curro
530 1377 603 1401 non
635 1365 745 1413 quasi
772 1365 807 1400 in
840 1365 1040 1411 incertum,
1071 1363 1126 1400 sic
1151 1375 1288 1413 pugno
1320 1375 1392 1398 non
1425 1363 1534 1411 quasi
1562 1374 1692 1398 aerem

382 1423 604 1459 verberans.
638 1425 739 1459 Nam
774 1434 863 1471 spes
898 1422 1014 1458 firma
1047 1422 1094 1457 de
1126 1420 1282 1470 premio
1306 1420 1514 1468 potissime
1538 1419 1692 1456 animat

379 1482 644 1526 laborantem,
678 1482 746 1516 sed
780 1492 942 1517 currens
975 1492 1047 1528 pro
1081 1479 1218 1516 bravio
1242 1477 1457 1526 temporali
1490 1487 1546 1514 est
1577 1478 1691 1514 valde

379 1539 557 1576 incertus
591 1540 639 1574 de
671 1538 841 1586 premio,
875 1538 976 1574 sicut
999 1550 1180 1585 pugnans
1204 1536 1468 1584 corporaliter
1490 1544 1533 1572 ut
1556 1548 1693 1584 super-

380 1598 458 1633 flue
491 1597 661 1633 multum
695 1605 858 1644 pugnat,
897 1595 952 1632 ita
986 1597 1033 1632 de
1065 1594 1233 1632 victoria
1266 1603 1323 1631 est
1355 1593 1542 1631 incertus.
1584 1595 1691 1642 Apo-

380 1656 504 1692 stolus
546 1667 639 1703 ergo
679 1654 719 1690 in
752 1667 869 1691 cursu
908 1666 980 1690 suo
1013 1665 1057 1690 ex
1090 1653 1167 1689 fide
1200 1661 1257 1689 est
1290 1661 1420 1689 certus
1453 1653 1500 1688 de
1535 1651 1691 1700 premio

379 1726 453 1750 nec
485 1721 635 1761 pugnat
667 1712 868 1761 superflue
900 1724 1033 1760 pugna
1066 1709 1281 1759 corporali,
1321 1723 1410 1747 cum
1449 1722 1611 1747 necesse
1643 1710 1692 1746 sit

381 1771 437 1808 sic
482 1779 706 1819 pugnantes
752 1771 961 1806 verberare
1003 1782 1132 1806 aerem
1180 1777 1217 1805 et
1262 1769 1410 1804 multos
1456 1776 1588 1804 motus
1632 1767 1691 1804 sui

382 1828 637 1866 instrumenti
676 1827 808 1864 bellici
847 1829 980 1876 quoad
1026 1827 1145 1863 finem
1187 1838 1304 1875 quem
1349 1825 1565 1862 intenderit
1609 1838 1692 1862 esse

382 1888 542 1923 frustra.
588 1887 665 1923 Sed
698 1885 909 1923 benedicta
942 1885 990 1922 sit
1022 1898 1155 1933 pugna
1188 1883 1416 1932 evangelica
1455 1883 1565 1920 cuius
1599 1897 1692 1932 que-

382 1945 478 1982 libet
523 1957 616 1993 pars
662 1943 808 1981 virtute
854 1942 1094 1980 intencionis
1142 1941 1345 1979 meritorie
1391 1950 1448 1978 est
1491 1941 1598 1978 utilis
1642 1943 1692 1978 ad

381 2002 672 2040 beatitudinem
716 2002 1016 2050 acquirendam.
1071 2002 1171 2038 Cum
1218 1999 1322 2036 enirn
1367 2001 1480 2036 homo
1525 2000 1692 2050 castigat

1709 611 1725 644 5

1711 911 1750 932 10

1713 1189 1749 1222 15

1709 1490 1750 1511 20

1709 1769 1748 1801 25

380 2074 522 2111 corpus
543 2073 667 2107 suum,
682 2069 724 2096 ut
747 2060 796 2097 sit
819 2060 859 2096 in
880 2060 1061 2097 virtuoso
1085 2058 1217 2096 anime
1235 2057 1402 2094 servicio
1421 2059 1689 2104 moderatum,
1707 2059 1748 2092 30

380 2132 461 2156 non
503 2128 560 2155 est
604 2118 739 2167 aliqua
778 2131 870 2166 pars
909 2116 1175 2154 subieccionis
1214 2115 1452 2152 nutrimenti
1491 2116 1553 2152 vel
1591 2128 1691 2164 pene

382 2177 563 2225 corporis
596 2176 691 2224 quin
724 2175 897 2213 sufficiat
930 2178 980 2212 ad
1013 2176 1196 2212 salutem.
1242 2174 1302 2210 Ne
1328 2175 1445 2222 forte
1483 2186 1566 2210 cum
1606 2174 1692 2209 aliis

375 2235 663 2285 predicczverim
697 2236 744 2270 de
777 2233 990 2271 sanctitate
1013 2233 1090 2270 vite
1124 2241 1161 2269 et
1194 2231 1504 2268 conversacione
1536 2231 1576 2268 in
1608 2244 1692 2267 mo·

382 2293 503 2338 ribus,
550 2305 622 2342 ego
667 2293 746 2341 ipse
790 2300 955 2340 propter
999 2290 1129 2328 carnis
1173 2289 1444 2338 petulanciam
1489 2298 1527 2326 et
1569 2289 1691 2326 vitam

381 2350 563 2388 doctrine
602 2350 847 2387 contrariam
887 2350 957 2386 sim
998 2362 1019 2385 a
1052 2351 1135 2385 Deo
1175 2347 1412 2396 simpliciter
1449 2347 1690 2397 reprobatus.

381 2408 489 2445 Nihil
521 2408 626 2444 enirn
661 2416 718 2444 est
751 2407 974 2456 predicanti
999 2405 1199 2443 catholico
1223 2406 1311 2454 plus
1336 2405 1574 2451 timendum,
1599 2404 1693 2453 quia

382 2467 414 2503 si
447 2465 688 2503 contradicit
711 2465 785 2502 sibi
808 2465 883 2513 ipsi
917 2465 956 2501 in
989 2477 1110 2513 opere
1133 2472 1171 2500 et
1192 2475 1390 2509 sermone,
1421 2475 1503 2499 non
1525 2462 1691 2499 dubium

382 2524 479 2573 quin
511 2524 561 2560 sit
594 2536 636 2560 ex
669 2532 782 2572 parte
806 2523 955 2560 diaboli
989 2521 1212 2559 contrarius
1244 2521 1414 2558 veritati.
1447 2523 1529 2557 Nec
1560 2528 1692 2569 potest

455 2701 494 2720 10.
516 2692 611 2719 Coc1.:
634 2691 835 2727 temporibus.
940 2700 982 2725 14.
1004 2691 1099 2719 Cod.:
1121 2699 1222 2726 quem.
1332 2690 1371 2717 18.
1395 2689 1490 2717 Cod.:
1512 2688 1543 2716 in
1564 2693 1691 2716 certum.

384 2735 423 2761 21,
453 2735 496 2755 22.
527 2727 621 2754 Cod.:
656 2735 818 2762 pnngnans
939 2730 1091 2762 pungnat;
1126 2726 1169 2752 sic
1201 2730 1228 2752 ct
1260 2725 1290 2752 in
1325 2725 1465 2761 pluribus
1499 2723 1574 2751 locis
1607 2731 1691 2758 seqq.

383 2762 424 2791 35.
449 2762 543 2790 Cod.:
567 2761 699 2796 simplici
721 2761 912 2797 reprobatus.

458 2903 507 2934 17.
534 2892 557 2923 1.
585 2892 666 2923 Cor.
697 2887 833 2931 1X,'2‹5.
932 2900 986 2932 29.
1013 2890 1058 2922 ib.
1088 2900 1139 2932 27.

1709 2349 1747 2382 35
