1944 3323
121 901 159 921 10

122 1183 157 1214 15

119 1766 158 1798 25

177 252 313 282 SERMO
334 241 398 300 ir]
665 252 837 285 TERTIA
866 253 994 284 PARS.

176 363 215 399 in
248 376 342 399 casu
376 362 524 410 aliquo,
559 361 589 398 si
624 374 704 397 non
737 370 827 397 sunt
861 361 928 397 illa
951 359 1182 397 accidencia
1206 371 1282 407 que
1306 368 1397 394 sunt
1420 360 1496 394 hoc

175 421 402 458 venerabile
442 428 763 465 sacramentum3
806 428 842 456 et
882 432 953 467 per
987 430 1236 466 consequens
1270 417 1400 465 ipsum
1436 430 1495 453 sav

176 489 428 516 eramentum
462 492 543 515 non
567 487 624 514 est
649 491 795 526 corpus
820 477 969 515 Christi
1001 477 1061 513 vel
1093 476 1268 524 sanguis,
1302 477 1370 512 sed
1405 488 1494 512 cum

176 538 254 574 sint
288 551 433 575 novem
469 549 615 585 genera
650 536 954 584 generalissima
989 534 1265 573 accidencium
1302 535 1374 571 sub
1411 534 1496 582 qui-

176 599 249 633 bus
283 605 374 633 sunt
407 595 560 645 species
590 594 758 641 infinite,
793 604 903 644 patet
937 603 1086 643 quante
1120 592 1314 641 contingit
1343 592 1497 629 viantes

175 655 215 691 in
264 654 432 692 materia
481 655 529 690 de
574 653 770 702 quiditate
825 653 938 690 istius
991 652 1238 689 sacramenti
1284 651 1497 688 fantastice

174 713 343 750 variare.
379 712 455 750 Ubi
489 726 584 760 ergo
617 722 675 748 est
709 711 906 748 diffinicio
939 711 1068 748 sancti
1092 710 1205 747 Pauli
1239 710 1307 759 qui
1340 710 1496 747 vocavit

176 772 306 820 ipsum
363 780 661 808 sacramentum
717 784 798 807 non
843 783 925 807 rem
974 769 1088 806 nobis
1133 768 1381 818 incognitam
1428 770 1494 805 sed

176 839 341 878 propter
375 829 598 866 misterium
634 830 936 870 annotandum:
977 837 1015 865 et
1048 841 1139 865 cum
1173 840 1247 864 nec
1280 827 1390 864 racio
1423 840 1497 864 nec

176 888 396 925 auctoritas
430 887 556 924 subsit
589 889 695 924 unde
728 888 829 924 foret
863 888 974 924 color
1008 886 1167 924 dicendi
1202 885 1389 923 accidens
1415 899 1497 922 esse

177 960 322 995 corpus
363 946 513 984 Christi
552 947 613 983 vel
652 946 903 995 sanguinem,
945 954 1055 994 patet
1095 946 1203 993 quod
1242 953 1403 993 satrape
1442 944 1497 982 sic

176 1005 419 1042 diffinientes
453 1014 662 1054 tamquam
697 1004 868 1041 heresim
905 1003 1278 1041 manifestissimam
1312 1004 1388 1039 hoc
1429 1016 1497 1040 Πε-

175 1065 345 1112 gabant3
387 1073 423 1100 et
463 1076 553 1100 cum
594 1063 842 1111 evangelium
884 1071 967 1099 tam
1001 1063 1143 1099 crebro
1177 1075 1221 1099 ex
1253 1061 1497 1099 auctoritate

177 1122 324 1159 Christi
365 1123 440 1159 hoc
481 1121 635 1167 asserit,
682 1130 792 1170 patet
834 1123 1042 1170 quomodo
1082 1121 1178 1157 dicti
1220 1129 1382 1169 satrape
1422 1120 1496 1156 im-

175 1180 327 1229 plicant
366 1179 563 1229 implicite
597 1180 803 1217 Christum
843 1180 963 1217 fuisse
1002 1179 1240 1216 hereticum.
1288 1180 1367 1216 Sed
1400 1179 1495 1228 quid

174 1238 406 1276 horribilius
445 1251 616 1276 causans
656 1238 695 1275 in
736 1247 867 1275 morte
906 1238 1055 1276 Christi
1096 1251 1118 1275 a
1158 1250 1279 1275 causa
1317 1237 1497 1274 veritatis

173 1307 211 1334 et
254 1297 448 1334 virtutum
496 1306 533 1334 et
580 1310 651 1346 per
695 1309 947 1345 consequens
991 1297 1031 1333 in
1078 1306 1211 1333 mente
1252 1297 1495 1333 'cunctorum

175 1356 355 1393 fidelium
388 1356 680 1393 terremotum?
726 1355 919 1402 Quamvis
952 1364 1086 1392 autem
1121 1356 1250 1392 factus
1284 1364 1342 1391 est
1374 1364 1496 1392 terre-

175 1424 308 1452 motus
346 1415 387 1451 in
426 1414 610 1463 corporis
650 1414 798 1452 Christi
839 1423 982 1460 morte,
1022 1423 1158 1451 tamen
1198 1413 1314 1450 Judei
1353 1414 1496 1462 perfidi

173 1487 255 1510 non
289 1474 577 1522 presumebant
610 1472 728 1517 (sicut
759 1485 833 1510 nec
866 1477 1069 1521 poterant)
1104 1472 1144 1509 in
1177 1472 1339 1509 Christo
1373 1472 1497 1509 extin-

174 1545 293 1580 guere
325 1532 550 1577 veritatem,
586 1533 695 1581 quod
734 1531 774 1568 in
813 1531 889 1568 isto
921 1533 1165 1568 Terremotu
1205 1531 1394 1568 dicuntur
1434 1531 1497 1567 isti

175 1600 336 1639 satrape
369 1590 675 1640 presumpsisse,
711 1603 802 1627 cum
826 1590 1011 1626 nituntur
1034 1591 1192 1627 auferre
1215 1591 1263 1626 ab
1290 1589 1496 1638 evangelio

175 1649 324 1686 Christi
363 1651 471 1698 quod
510 1650 587 1686 hoc
631 1658 932 1686 sacramentum
979 1649 1029 1685 sit
1074 1648 1188 1697 panis
1235 1657 1272 1685 et
1315 1648 1409 1694 vini,
1458 1657 1495 1685 et

174 1707 358 1744 nituntur
391 1709 569 1744 secundo
603 1708 759 1744 auferre
792 1720 814 1744 a
846 1707 1014 1744 veritate
1048 1706 1245 1755 evangelii
1279 1708 1387 1756 quod
1420 1708 1496 1744 hoc

175 1775 473 1803 sacramentum
507 1766 557 1802 sit
589 1779 736 1814 corpus
769 1766 918 1802 Christi
950 1767 1011 1802 vel
1043 1765 1217 1814 sanguis.

234 1827 289 1861 Ex
313 1825 458 1874 quibus
491 1824 711 1873 suppositis
744 1833 954 1873 tamquam
987 1824 1090 1861 veris
1123 1823 1406 1861 inevitabiliter
1439 1836 1496 1860 se-

175 1883 312 1931 quitur
350 1885 459 1932 quod
496 1883 642 1920 veritas
681 1883 731 1920 sit
771 1883 907 1920 ablata
945 1885 994 1920 ab
1033 1883 1171 1919 anima
1208 1882 1387 1928 viatoris,
1427 1884 1495 1919 sed

177 1941 265 1991 quis
297 1941 471 1978 infidelis
504 1941 603 1978 illud
643 1942 925 1990 blasphemum
966 1942 1241 1990 presumeret?
1287 1941 1327 1978 Si
1361 1950 1493 1978 autem

177 2000 272 2037 dicti
317 2009 477 2049 satrape
522 2001 572 2037 ad
618 2009 776 2037 tantum
823 2000 1027 2037 insaniant
1067 2002 1176 2049 quod
1221 1999 1359 2037 dicunt
1399 2000 1496 2036 illud

176 2059 363 2096 accidens
396 2059 481 2096 sine
505 2059 686 2096 subiecto
711 2072 795 2096 esse
819 2072 966 2107 corpus
990 2059 1138 2096 Christi
1161 2060 1222 2095 vel
1246 2058 1496 2107 sanguinem,

175 2117 278 2153 sicut
312 2130 384 2154 nos
418 2119 466 2154 de
499 2130 601 2166 pane
636 2126 672 2154 et
704 2118 796 2155 vino
829 2117 1060 2164 asserimus,
1101 2127 1293 2167 queratur
1332 2118 1382 2154 ab
1422 2117 1498 2153 illis

176 2175 287 2212 racio
332 2175 414 2212 sive
459 2175 692 2222 auctoritas,
742 2189 788 2213 eo
833 2178 942 2225 quod
987 2176 1103 2224 panis
1149 2189 1268 2225 quem
1315 2175 1497 2213 Christus

176 2233 348 2282 sumpsit
382 2233 422 2270 in
455 2234 654 2280 manibus,
689 2234 890 2271 benedixit
924 2243 961 2271 et
994 2235 1109 2283 fregit
1143 2244 1235 2271 ante
1258 2236 1378 2271 verba
1404 2247 1498 2271 con-

176 2291 421 2329 secracionis
460 2305 542 2329 non
586 2293 660 2329 fuit
705 2293 892 2330 accidens
932 2293 1016 2329 sine
1057 2293 1251 2335 subiecto.
1297 2294 1366 2330 sed
1404 2305 1498 2329 vera

145 2350 406 2387 'substancia
444 2360 482 2387 et
520 2351 633 2387 illum
673 2365 817 2400 panem
859 2351 1029 2389 asseruit
1068 2364 1152 2388 esse
1185 2365 1333 2400 corpus
1365 2364 1496 2397 suum,

175 2409 277 2446 sicut
311 2410 428 2445 docet
461 2411 600 2446 beatus
623 2412 863 2458 Jeronymus
897 2423 986 2447 cum
1022 2410 1110 2447 aliis
1134 2410 1282 2447 sanctis
1305 2413 1363 2455 (ut
1388 2418 1498 2459 patet

175 2469 225 2504 ad
257 2466 445 2513 literam).

193 2647 206 2656 ἢ
243 2614 267 2641 5.
285 2612 379 2652 Cod.:
401 2614 483 2649 quod
499 2619 622 2650 quante.
686 2614 728 2642 16.
749 2622 860 2645 causa:
882 2615 968 2642 cod.:
991 2623 1006 2642 a
1028 2620 1068 2642 σθ.
1131 2622 1174 2642 22.
1195 2615 1229 2642 In
1251 2624 1367 2651 marg:
1391 2625 1410 2651 1,
1429 2624 1454 2651 2,
1470 2615 1495 2644 3.

174 2656 217 2676 2³.
238 2648 377 2676 Rectius:
407 2649 585 2676 substancia
606 2650 696 2685 panis
717 2654 744 2677 et
764 2650 838 2677 vini.

244 2767 276 2798 7.
310 2756 401 2787 Coll.
429 2756 466 2792 ΙΙ,
497 2755 644 2788 26—28.
772 2756 824 2789 23.
860 2757 911 2789 Cf.
941 2757 1037 2789 Fasc.
1064 2757 1138 2796 ziz„
1166 2768 1244 2801 pag.
1272 2768 1354 2802 277:
1391 2759 1494 2798 Quod

174 2802 372 2834 substancia
400 2803 500 2845 panis
528 2803 716 2835 materialis
743 2811 777 2834 et
802 2804 872 2835 vini
903 2812 1043 2837 maneat
1068 2812 1150 2847 post
1183 2807 1494 2838 consecracionem

175 2850 207 2880 in
236 2858 456 2881 sacramento
484 2850 612 2881 altaris.
764 2849 817 2884 36.
845 2851 880 2881 S.
912 2852 1117 2893 Hieronymi
1148 2851 1210 2894 Ep.
1238 2854 1279 2884 ad
1310 2852 1492 2883 Hedibiam

174 2895 265 2938 opp.
292 2897 363 2927 vol.
391 2897 414 2936 1,
442 2895 520 2937 824.
549 2895 600 2928 Cf.
630 2898 741 2928 Serm.
771 2898 853 2928 Pars
882 2899 919 2937 ΙΙ,
947 2908 1024 2940 pag.
1051 2898 1130 2939 453.

1703 252 1778 285 441

1538 1472 1714 1507 According
1735 1477 1765 1499 to

1531 1508 1580 1534 the
1603 1508 1733 1542 prelatos
1755 1507 1776 1534 it

1513 1543 1538 1570 is
1559 1543 1677 1569 neither
1693 1542 1786 1569 bread

1547 1586 1604 1605 nor
1624 1577 1758 1604 Christ's

1608 1612 1699 1650 body.

1531 2185 1635 2212 Christ
1656 2185 1721 2212 said
1744 2186 1764 2212 it

1513 2229 1577 2247 was
1605 2220 1696 2247 broad
1727 2220 1786 2247 and

1565 2255 1621 2283 His
1643 2255 1735 2292 body.
