1944 3323
158 256 294 287 SERMO
309 249 464 307 xxxnr]
656 263 831 296 TERTIA
858 264 983 296 PARS.
1692 269 1711 294 2
1721 271 1764 306 71

214 368 365 416 Quinto
397 370 495 407 vidit
528 378 694 419 quatuor
725 370 909 406 animalia
943 371 979 406 in
1013 371 1138 407 medio
1178 378 1212 407 et
1244 371 1280 407 in
1314 371 1478 408 circuitu
1554 379 1620 407 The
1642 381 1714 419 four

155 429 258 464 sedis
291 427 377 475 Dei,
417 428 524 478 quia,
571 440 659 465 cum
702 428 838 465 anima
876 428 926 465 sit
966 428 1032 465 ubi
1073 428 1260 475 afficitur,
1303 439 1477 479 quatuor
1498 415 1772 481 mflssfffigflffslss'fs

157 486 399 536 evangeliste
438 496 519 524 tam
561 486 768 523 intellectu
807 500 928 536 quam
970 487 1115 524 affectu
1148 488 1337 536 occupati
1372 488 1478 525 circa
1617 479 1619 484 ¹

157 545 304 583 Christi
338 544 588 582 divinitatem
623 554 743 594 atque
776 544 1070 582 humanitatem
1105 555 1273 594 possunt
1306 546 1481 594 singula-

123 603 252 642 5riter
297 612 333 641 et
378 605 554 653 quadam
608 603 857 652 proprietate
910 603 950 640 in
994 603 1081 653 ipso
1128 603 1313 649 existere3
1367 606 1480 642 sedes

157 671 292 699 autem
332 662 407 698 ista
444 675 527 699 non
567 671 698 710 potest
737 674 821 698 esse
860 675 998 699 vacua.
1046 664 1124 699 Ista
1163 662 1356 700 animalia
1389 672 1480 700 sunt

156 721 276 769 plena
320 719 460 767 oculis,
507 720 601 769 quia
653 721 802 758 habent
846 721 1008 769 plenam
1059 720 1254 758 noticiam
1297 722 1478 758 omnium

158 778 445 827 preteritarum
477 778 695 816 veritatum
728 791 774 816 ac
808 779 936 816 eciam
971 779 1213 816 futurarum.

215 838 391 874 Primum
430 845 557 874 autem
597 838 744 874 animal
780 838 905 874 simile
937 838 1038 874 leoni
1068 840 1228 875 Marcus
1263 838 1410 875 dicitur
1444 848 1480 875 et

104 910 141 933 ιο
157 904 450 945 consequenter
475 897 618 942 Lucas,
642 896 844 933 Mattheus
877 905 915 933 et
936 897 1154 934 Johannes.
1188 899 1310 933 Istum
1345 906 1478 934 autem

156 954 340 991 ordinem
393 954 524 991 innuit
577 954 778 1003 potencia,
840 954 1045 1003 sapiencia
1104 964 1141 991 et
1194 955 1480 992 benevolencia

156 1012 330 1060 deitatis,
354 1025 445 1050 cum
462 1012 570 1050 Patri
591 1012 879 1062 appropriatur
901 1012 1103 1061 potencia,
1119 1014 1252 1051 Verbo
1275 1014 1480 1062 sapiencia

157 1080 194 1109 et
239 1071 407 1121 Spiritui
455 1073 605 1108 Sancto
649 1071 786 1120 gracia
832 1072 893 1108 vel
933 1072 1231 1109 benevolencia.
1275 1073 1478 1110 Johannes

157 1139 291 1167 autem
331 1130 620 1179 interpretatur
652 1129 789 1178 gracia
822 1129 906 1176 Dei,
947 1131 1016 1167 sed
1048 1131 1251 1167 Mattheus
1292 1131 1477 1168 humani-

104 1191 140 1224 15
157 1197 283 1226 tatem
318 1188 468 1227 Christi
501 1187 678 1235 indicat3
718 1189 786 1226 sed
826 1187 921 1237 quia
954 1188 1136 1226 Christus
1170 1198 1388 1238 conceptus
1422 1199 1479 1227 est

159 1248 207 1284 de
241 1247 395 1296 Spiritu
427 1249 576 1284 Sancto
610 1256 647 1284 et
680 1255 842 1296 oportet
874 1247 1006 1295 ipsum
1037 1246 1232 1296 Spiritum
1268 1248 1407 1297 exequi
1440 1248 1480 1284 in

159 1305 303 1343 effectu
342 1305 480 1343 omnia
519 1307 569 1343 ad
602 1318 679 1355 que
712 1305 894 1343 Christus
935 1305 1122 1354 spiritum
1156 1306 1276 1342 istum
1312 1306 1479 1353 miserit,
1522 1317 1584 1347 not,
1607 1321 1639 1339 as
1661 1322 1746 1352 some

159 1364 249 1401 ideo
294 1365 397 1401 forte
434 1364 637 1401 Johannes
682 1365 744 1401 vel
787 1364 916 1414 aquila
967 1364 1008 1400 in
1054 1364 1131 1401 fine
1177 1364 1356 1413 ponitur.
1402 1365 1480 1402 Alii
1521 1349 1747 1418 Sffl'U-tigsscissffs

159 1431 293 1460 autem
333 1422 563 1471 intelligunt
607 1435 678 1472 per
722 1422 799 1459 ista
844 1431 1020 1472 quatuor
1064 1422 1257 1460 animalia
1305 1433 1480 1473 quatuor
1555 1419 1715 1446 chuscht-s.

62 1462 144 1541 Fosgg
158 1482 408 1519 cathedrales
437 1477 441 1521 Ι
471 1481 674 1527 ecclesias,
699 1480 851 1518 scilicet
875 1481 1288 1530 Hierosolymitanam
1314 1491 1351 1519 et
1369 1482 1481 1519 Anti-

159 1540 371 1586 ochenam,
405 1539 718 1577 Alexandrinam
767 1548 804 1576 et
837 1539 1347 1589 Constantinopolitanarn.
1402 1542 1479 1578 Sed

159 1598 267 1635 istud
298 1598 456 1636 videtur
490 1597 612 1635 michi
646 1611 730 1635 esse
763 1598 898 1634 fabula
931 1598 1178 1647 sompniata.

217 1657 299 1694 Sex
336 1664 462 1694 autem
502 1657 563 1693 ale
595 1669 694 1705 quas
734 1657 937 1694 habebant
969 1657 1162 1694 animalia
1200 1657 1480 1705 intelliguntur
1503 1664 1570 1692 The
1592 1664 1637 1691 six
1659 1665 1758 1700 xxings
1771 1701 1773 1703 Ι

158 1728 223 1752 sex
247 1715 445 1753 maneries
468 1715 565 1763 legis
587 1714 672 1761 Dei,
703 1714 856 1752 scilicet
878 1716 938 1751 lex
961 1715 1169 1762 naturalis,
1199 1716 1259 1752 lex
1284 1715 1476 1758 Mosaica
1494 1700 1544 1726 1¹¹²
1565 1700 1721 1761 §misna
1739 1704 1769 1727 0¹

101 1777 141 1811 25
158 1775 448 1823 prophetarum
474 1774 652 1819 oracula,
676 1774 736 1811 lex
752 1773 993 1821 evangelica,
1014 1774 1294 1822 apostolorum
1311 1760 1479 1823 epistole

159 1841 196 1869 et
213 1845 353 1869 eorum
380 1832 562 1869 consilia.
587 1834 689 1869 Nam
714 1845 784 1881 per
803 1831 878 1869 ista
900 1844 965 1869 sex
981 1833 1126 1869 debent
1142 1833 1477 1881 evangelistarum

157 1890 295 1928 vicarii
326 1891 475 1937 volare,
508 1903 615 1927 nunc
648 1891 964 1939 contemplando
1001 1890 1149 1937 divina,
1180 1904 1285 1928 nunc
1315 1893 1479 1928 descen-

158 1950 291 1986 dendo
331 1951 381 1986 ad
420 1949 692 1987 edificandum
733 1949 945 1986 ecclesiam
986 1949 1243 1995 militantem,
1282 1963 1389 1986 nunc
1429 1951 1479 1986 ad

158 2009 361 2045 dexteram
391 2020 461 2056 per
483 2007 713 2056 graciarum
748 2007 933 2045 acciones
966 2007 1006 2044 in
1039 2008 1257 2056 prosperis,
1290 2021 1396 2045 nunc
1430 2010 1478 2045 ad

100 2071 142 2104 30
158 2065 362 2103 sinistram
402 2079 473 2114 per
511 2065 762 2115 pacienciam
802 2065 842 2102 in
880 2066 1071 2112 adversis,
1112 2079 1218 2103 nunc
1257 2075 1345 2103 ante
1385 2079 1479 2103 con-

157 2124 373 2162 siderando
412 2137 535 2173 penas
574 2133 611 2161 et
645 2124 799 2174 premia
832 2133 870 2161 et
899 2137 1006 2162 nunc
1039 2132 1146 2161 retro
1180 2125 1475 2162 considerando

158 2182 230 2220 Dei
265 2182 466 2220 mirabilia
499 2192 713 2220 retroacta.
748 2182 814 2220 Isti
847 2192 982 2220 autern
1018 2192 1193 2232 quatuor
1226 2183 1771 2232 Exangelisternessxumn1³

157 2241 260 2278 sicut
299 2250 336 2278 et
375 2253 513 2278 eorum
558 2241 640 2278 veri
684 2241 822 2279 vicarii
869 2251 1033 2278 cantant
1078 2242 1268 2278 continue
1314 2251 1477 2278 cantum
1494 2210 1765 2292 ,ucffs‘ifflh'stffma

156 2299 366 2336 Trinitatis
382 2312 458 2349 que
479 2299 805 2337 substancialiter
820 2309 877 2337 est
892 2309 1039 2337 natura
1058 2299 1206 2337 divina.
1224 2300 1479 2337 Confitentur
1518 2295 1567 2321 ¹¹¹⁶
1543 2299 1739 2356 ω’ἰὲῐῗῐῑῇᾒῇῐ

100 2362 140 2396 35
157 2357 285 2395 eciam
311 2358 382 2394 Dei
414 2357 696 2407 proprietates,
731 2368 773 2395 ut
802 2359 885 2395 eius
918 2359 1105 2407 generale
1136 2358 1359 2395 dominium
1384 2358 1478 2407 quia
1530 2330 1602 2391 (His
1624 2365 1719 2391 work.

161 2417 351 2463 dominus,
408 2416 752 2465 omnipotenciam
815 2417 898 2453 eius
951 2416 1168 2454 creativam
1224 2416 1318 2465 quia
1371 2418 1478 2454 Deus

157 2475 408 2525 omnipotens,
438 2474 521 2511 eius
551 2475 800 2512 effectualem
832 2475 1149 2524 produccionem
1176 2475 1313 2511 mundi
1338 2476 1476 2512 volun-

157 2533 304 2570 tariam
328 2532 421 2581 quia
444 2541 528 2569 erat
550 2532 591 2569 in
613 2533 813 2583 principio
837 2543 929 2570 ante
944 2542 1117 2582 tempUS,
1143 2533 1226 2569 eius
1249 2533 1475 2581 graciosam

156 2591 495 2640 gubernacionem
531 2591 765 2629 continuam
800 2592 894 2641 quia
926 2600 995 2639 est,
1033 2600 1070 2628 et
1104 2591 1185 2628 eius
1220 2604 1476 2629 consumma-

97 2663 142 2694 40
157 2650 314 2687 cionem
340 2650 584 2698 completam
608 2659 699 2698 post
713 2650 830 2687 finale
854 2650 1062 2696 iudicium,
1083 2649 1177 2698 quia
1201 2658 1385 2686 venturus
1408 2658 1473 2687 est.

226 2795 268 2824 32.
290 2796 386 2825 Cod.:
406 2797 475 2824 Iste.

231 2913 257 2946 1,
283 2915 315 2949 9,
344 2904 385 2937 30
413 2912 445 2937 et
471 2914 572 2948 seqq.
600 2906 710 2948 Apoc.
738 2904 795 2945 IV,
823 2902 855 2945 6,
883 2916 914 2948 7,
941 2903 972 2937 8.
