1944 3323
200 272 337 303 sERMO
357 261 442 319 xv]
689 272 861 305 tERTm
888 271 1017 304 PARS.

199 384 417 433 Apostolus
463 383 570 431 quod
621 381 696 418 ista
749 379 1021 417 commonicio
1067 377 1315 415 circulariter
1360 384 1435 412 stet
1480 376 1517 411 in

109 434 183 497 ‘³9¹3
199 442 394 492 quinque:
428 440 561 489 primo
595 440 703 489 quod
736 447 918 476 ortentur
947 436 951 489 Ι
981 449 1020 474 se
1050 437 1158 486 ipsos
1183 466 1190 473 .
1217 465 1224 472 .
1251 464 1258 472 .
1293 435 1331 471 in
1355 434 1520 484 lzimpnis

104 491 161 513 ²³¹
200 513 270 550 per
303 501 411 550 quod
444 507 608 536 notatur
639 498 726 535 laus
759 496 830 533 Dei
865 497 904 532 in
944 504 1077 532 mente
1114 493 1350 539 intrinseca3
1393 492 1520 529 tercio

201 560 310 609 quod
349 566 534 596 ortentur
569 569 611 594 se
651 556 760 605 ipsos
799 555 839 591 in
879 555 1036 592 canticis
1076 552 1353 603 spiritualibus
1387 552 1519 600 quoad

166 617 495 660 §iocunditatem
545 614 725 652 habitam
777 615 826 650 de
877 613 1092 650 celestibus
1146 612 1205 657 (ut
1260 612 1427 648 docetur
1472 610 1520 646 ad

201 677 302 725 Eph.
326 677 416 722 VO),
451 682 596 724 quarto
630 682 792 722 oportet
815 673 924 721 quod
958 670 1166 709 christiani
1199 682 1239 707 se
1271 669 1379 719 ipsos
1414 680 1521 705 com-

202 742 393 772 moneant
426 742 463 770 et
487 732 676 770 continue
707 731 869 783 gracias
901 738 1024 781 agant
1047 732 1131 767 Deo
1164 729 1388 766 recolentes
1421 738 1523 763 sem-

200 806 270 842 per
310 793 418 842 quod
457 805 480 829 a
512 794 597 828 Deo
643 791 791 827 habent
824 788 1016 839 quicquid
1061 787 1262 825 laudabile
1295 784 1522 831 habuerint,

201 865 291 889 cum
324 851 546 888 secundum
579 849 821 898 Apostolum
855 861 927 884 non
961 848 1080 884 simus
1112 846 1347 897 sufficientes
1378 843 1525 893 aliquid

146 931 184 953 10
200 910 377 961 cogitare
419 922 441 945 a
486 908 594 945 nobis
631 908 741 958 quasi
777 919 828 944 ex
865 906 984 953 nobis,
1022 906 1090 942 sed
1128 904 1250 941 omnis
1287 902 1523 954 sufficiencia

201 976 335 1005 nostra
375 980 425 1004 ex
456 968 542 1003 Deo
582 974 658 1011 est‚·
701 975 739 1003 et
772 964 913 1015 quinto
957 972 1120 1013 oportet
1157 969 1441 1000 commonentes
1483 972 1524 996 se

199 1028 303 1077 ipsos
330 1025 372 1062 in
400 1026 477 1062 isto
506 1024 692 1062 circulari
721 1023 900 1073 tripudio
930 1035 1014 1060 esse
1043 1029 1241 1059 cantantes
1269 1021 1304 1057 in
1343 1019 1524 1057 cordibus

199 1085 278 1122 suis
310 1084 485 1121 Domino
518 1083 626 1120 iuxta
659 1083 757 1119 illud
787 1081 871 1119 Phi.
897 1083 982 1128 IV0,
1006 1095 1051 1128 4:
1089 1080 1265 1117 Gaudete
1296 1079 1332 1116 in
1356 1078 1524 1114 Domino

199 1155 364 1194 semper,
408 1143 547 1180 iterum
591 1142 675 1178 dico
716 1141 886 1192 gaudete
926 1143 984 1186 (ut
1028 1152 1149 1189 supra
1192 1137 1403 1187 exponitur
1436 1138 1526 1174 Ser-

148 1212 184 1246 15
202 1214 323 1239 mone
355 1203 426 1238 IVO
461 1200 606 1245 huius).

259 1259 426 1297 Decima
465 1259 591 1296 tercia
623 1258 743 1296 vestis
783 1267 841 1295 est
882 1256 1093 1295 benedicta
1133 1256 1271 1304 regula
1316 1263 1360 1291 ut
1400 1253 1526 1290 omnia

1731 270 1797 297 121

1552 390 1623 416 lsivt·
1645 389 1742 416 forms
1762 391 1790 415 ol

1569 424 1778 452 admoniuou:

1588 468 1608 486 1·
1631 461 1756 493 malms.

1587 502 1611 520 2.
1634 495 1757 529 hymns.

1579 528 1603 556 3.
1625 529 1764 564 spiritual

1624 573 1729 599 songs.

1600 808 1627 832 4.
1650 799 1755 833 giving

1616 833 1738 867 tharim,

1566 1034 1590 1063 5.
1612 1034 1735 1069 singing
1754 1033 1784 1061 in

1570 1070 1650 1098 their
1669 1070 1784 1097 hearts.
1837 1074 1840 1075 ⁷

1548 1257 1586 1287 13.
1608 1258 1709 1293 Doing
1729 1257 1766 1285 all
1788 1256 1818 1284 in

1577 1294 1627 1321 the
1647 1301 1737 1321 name
1757 1292 1793 1320 of

204 1331 422 1369 quecunque
447 1318 594 1369 fideles
620 1318 792 1367 faciunt,
830 1316 866 1353 in
907 1316 1058 1353 nomine
1095 1314 1242 1351 domini
1283 1313 1410 1350 nostri
1437 1312 1527 1349 Jesu
1542 1329 1592 1357 the
1616 1328 1698 1356 Lord
1719 1328 1817 1356 Jesus.

209 1377 359 1414 Christi
406 1377 474 1414 hec
512 1376 693 1426 faciant,·
741 1376 850 1424 quod
901 1374 932 1411 si
972 1387 1063 1411 vere
1103 1371 1394 1422 compleverint
1432 1379 1528 1407 tunc

204 1444 295 1474 sunt
334 1447 429 1472 vera
471 1435 654 1472 membra
693 1433 875 1482 corporis
917 1432 1065 1470 Christi
1105 1432 1213 1482 quod
1259 1440 1317 1468 est
1358 1429 1529 1468 ecclesia

146 1515 188 1537 20
204 1504 242 1532 et
281 1506 353 1544 per
391 1505 641 1543 consequens
681 1493 864 1529 membra
904 1491 967 1529 cui
1006 1504 1078 1540 per
1110 1503 1150 1528 se
1184 1491 1300 1527 detur
1338 1488 1450 1526 accio
1491 1496 1528 1524 et

204 1553 281 1602 ipsi
324 1553 434 1589 nuda
479 1564 525 1589 ac
569 1551 740 1588 humilia
783 1550 1071 1596 instrumenta3
1126 1558 1163 1586 et
1213 1548 1269 1585 sic
1312 1556 1399 1584 tota
1441 1547 1528 1583 laus

205 1610 497 1660 operacionum
533 1609 699 1647 ecclesie
731 1609 773 1646 in
806 1609 1011 1646 Christum
1051 1616 1095 1645 ut
1135 1607 1219 1644 eius
1253 1615 1374 1655 caput
1408 1614 1528 1654 atque

204 1669 450 1719 principium
489 1669 746 1714 redundaret,
787 1676 825 1704 et
857 1667 913 1704 sic
946 1679 1017 1716 per
1049 1665 1345 1703 humanitatem
1380 1663 1529 1702 Christi

205 1730 255 1766 ad
274 1729 435 1765 laudem
450 1726 661 1764 Trinitatis
684 1726 858 1763 finaliter
880 1726 1108 1763 saltaretur.
1131 1726 1187 1761 Ex
1207 1724 1350 1773 quibus
1372 1722 1530 1759 videtur

148 1796 186 1829 25
205 1788 314 1836 quod
345 1786 480 1823 vivens
514 1794 582 1822 aut
615 1797 787 1834 operans
817 1784 1034 1821 criminose
1057 1784 1312 1832 blasphemat
1335 1781 1375 1818 in
1399 1783 1527 1817 Deum

205 1855 242 1883 et
257 1854 315 1883 est
329 1844 457 1893 magis
473 1856 655 1893 expresse
671 1843 874 1892 ypocrita3
893 1842 989 1880 facit
1008 1842 1114 1879 enim
1130 1841 1170 1878 in
1192 1840 1356 1877 nomine
1376 1838 1529 1877 domini

203 1906 295 1941 Jesu
327 1902 476 1940 Christi
509 1903 582 1939 hec
614 1915 739 1951 opera
771 1905 829 1948 (ut
862 1901 925 1938 hic
958 1910 1096 1938 monet
1124 1900 1342 1949 Apostolus
1376 1908 1414 1935 et
1446 1898 1530 1946 ipse

204 1961 389 2012 ypocrita
422 1960 616 1998 innuitive
649 1960 780 2007 dicit);
821 1973 913 1997 cum
953 1973 1046 2008 ergo
1080 1971 1240 1996 summa
1278 1956 1531 2006 blasphemia

206 2022 308 2058 foret
352 2020 541 2057 invocare
574 2019 779 2056 Christum
814 2021 942 2055 Deum
983 2027 1021 2055 et
1059 2017 1266 2055 hominem
1305 2016 1346 2053 in
1385 2024 1528 2052 testem

150 2089 190 2121 30
207 2088 244 2117 et
282 2087 491 2117 auctorem
530 2077 723 2125 criminis,
764 2086 874 2126 patet
913 2076 1132 2114 conclusio.
1179 2076 1257 2112 Sed
1290 2087 1367 2124 que
1400 2073 1531 2111 maior

206 2137 459 2187 blasphemia
492 2149 613 2186 quam
646 2136 857 2185 imponere
880 2135 1041 2173 Christo
1075 2133 1268 2184 quicquid
1302 2132 1446 2182 prelati
1468 2132 1530 2169 vel

206 2196 334 2234 nostri
359 2195 494 2233 clerici
516 2195 707 2232 fecerint?
742 2194 948 2243 Numquid
972 2193 1173 2231 credimus
1196 2204 1340 2230 sonare
1373 2192 1413 2228 in
1447 2190 1530 2228 eius

207 2253 502 2304 blasphemiam
537 2255 646 2302 quod
679 2253 897 2290 mentimur
921 2252 1127 2290 Christum
1160 2251 1202 2288 in
1234 2260 1346 2288 tanta
1378 2262 1530 2299 pompa

206 2313 330 2351 seculi
363 2311 616 2350 conversari?
648 2325 786 2349 revera
819 2311 980 2348 mentiri
1008 2323 1128 2360 super
1150 2311 1316 2347 fratrem
1346 2317 1529 2346 nostrum

151 2373 247 2411 35in
286 2384 332 2409 eo
374 2372 482 2420 quod
524 2379 641 2407 sonat
673 2370 714 2407 in
747 2369 1074 2419 denigracionem
1100 2369 1160 2406 sui
1184 2377 1310 2406 status
1334 2376 1402 2405 aut
1426 2367 1531 2404 fame

206 2431 308 2468 foret
330 2441 449 2479 grave
471 2437 697 2478 peccatum,
722 2438 873 2478 quanto
907 2428 1033 2477 magis
1068 2427 1229 2464 mentiri
1262 2427 1302 2463 in
1326 2425 1530 2464 Christum

208 2490 317 2538 quod
349 2496 517 2537 propter
549 2487 788 2537 gravitatem
821 2487 976 2536 peccati
1009 2499 1091 2523 non
1124 2494 1257 2535 potest
1287 2493 1530 2534 competere.

209 2550 251 2584 In
294 2559 336 2584 re
381 2546 543 2596 quidem
588 2559 672 2583 non
716 2545 907 2583 dicimus:
953 2546 995 2582 In
1033 2545 1111 2582 Dei
1146 2544 1298 2581 nomine
1335 2544 1456 2580 Amen
1496 2551 1532 2579 et

210 2613 342 2643 cetera
376 2617 452 2654 que
485 2604 645 2642 Christo
679 2604 939 2653 imponimus,
981 2603 1078 2653 quin
1119 2602 1259 2652 pocius
1299 2602 1338 2639 in
1369 2601 1533 2638 nomine

283 2737 308 2757 2.
340 2728 546 2768 Afnterftp'sos
576 2728 661 2755 there
693 2727 718 2754 is
752 2736 788 2755 an
822 2726 993 2761 omissiom
1027 2726 1129 2762 primo
1163 2726 1272 2754 should
1307 2726 1342 2754 bc
1371 2725 1533 2761 ‘psalmisl

209 2764 234 2794 3.
258 2764 353 2794 Cod.:
375 2768 546 2802 intrixiclca.
662 2770 699 2789 12.
722 2762 818 2790 Cod.:
841 2762 847 2790 i
876 2770 919 2789 so.
1040 2761 1080 2789 16.
1102 2763 1135 2790 In
1158 2770 1272 2795 mars-:st
1295 2760 1420 2789 Decima
1441 2760 1533 2787 tercia

210 2800 316 2829 vestis.
407 2805 454 2827 20.
477 2797 573 2826 Cod.:
595 2801 640 2824 est
660 2797 755 2825 deest.
866 2805 893 2824 o.
916 2797 1013 2825 Cod.:
1036 2797 1147 2825 minor.
1234 2796 1276 2825 32.
1300 2804 1425 2826 sonare:
1447 2795 1532 2822 Cod.:

214 2835 304 2862 sotw.
378 2832 420 2862 35.
442 2832 538 2861 Cod.:
560 2836 684 2860 stratus.

282 2928 313 2963 9.
343 2919 382 2950 ΙΙ.
411 2918 491 2950 Cor.
518 2917 574 2956 ΙΙΙ,
602 2917 630 2950 5,
734 2916 782 2949 16.
811 2916 887 2949 Col.
916 2917 971 2956 ΙΙΙ,
996 2926 1044 2959 17.

1552 1794 1759 1822 XVickcdncss
1780 1794 1815 1821 of

1597 1830 1773 1866 hypocrites

1574 2088 1632 2115 and
1654 2088 1686 2115 of
1704 2088 1793 2115 those

1588 2123 1659 2150 who
1680 2123 1787 2159 salscly

1546 2158 1671 2193 pretend
1689 2158 1819 2185 Christ's

1598 2193 1766 2230 authority.
