1944 3323
134 259 183 294 36

150 667 216 694 Tm·
237 667 381 701 apostle's

160 701 323 728 command
347 706 375 727 lo

210 737 329 772 prendi.

151 902 188 926 01
213 900 293 925 what
316 898 386 924 kind

153 936 200 960 ilie
223 933 388 968 menching-¹,

180 969 288 994 should
314 968 358 993 [η’.

154 1374 258 1400 Ruit-rs
280 1373 389 1399 should

157 1408 315 1435 dist-udow
339 1408 387 1433 the

206 1443 338 1469 ‹Ilum-cli.

147 2238 276 2272 ixislwps·
300 2236 408 2263 should

181 2273 279 2306 resign
302 2271 379 2297 their

169 2308 391 2333 endon-ments.

715 267 935 297 .1‹)HANNIS
953 267 1134 298 WYCMF
1152 266 1405 297 SERMONUM
1515 252 1666 309 [SERMO
1686 260 1724 287 v-

420 382 455 408 et
500 385 568 420 per
619 385 867 420 consequens
919 372 1064 408 faceret
1108 385 1175 407 nos
1223 372 1407 420 populum
1453 370 1721 419 acceptabilem

417 430 620 473 Trinitati‚
668 429 875 477 supposito
921 430 1027 477 quod
1071 429 1195 464 simus
1238 428 1507 464 virtuosorum
1558 439 1722 475 operum

419 497 649 524 sectatores.
709 490 755 523 Et
800 487 838 523 in
883 489 957 523 hoc
1002 486 1175 522 ostendit
1220 485 1420 522 sentencia
1465 488 1726 529 (Deuterono-

422 545 487 581 mii
512 547 684 590 XXX110‚
710 548 748 590 4)
778 546 882 592 quod
910 545 984 580 Dei
1001 546 1175 593 perfecta
1198 551 1283 579 sunt
1306 556 1445 592 opera:
1475 542 1598 578 nichil
1621 541 1724 578 enim

421 604 523 638 ultra
555 603 669 639 nobis
702 603 836 638 debuit
866 602 994 638 facere
1027 611 1063 638 et
1096 615 1176 637 non
1208 601 1311 637 fecit.
1346 602 1421 636 Sed
1446 600 1616 636 finaliter
1639 612 1726 647 pre-

421 661 515 708 cipit
555 661 770 708 Apostolus
802 659 894 696 Tito
940 669 976 695 et
1020 659 1059 695 in
1105 672 1151 695 eo
1197 659 1419 706 cuicunque
1458 657 1647 705 episcopo
1687 656 1725 691 in

421 718 586 754 ecclesia
632 717 859 754 succedenti
899 718 1004 765 quod
1052 718 1121 753 hec
1161 717 1346 764 loquendo
1381 716 1555 764 predicet
1599 722 1632 749 et
1677 715 1725 749 ad

421 775 738 823 complecionem
785 788 923 811 eorum
968 774 1227 810 effectualiter
1271 773 1516 817 exhortetur,
1564 784 1645 807 non
1689 770 1727 806 in

421 846 659 881 quacunque
699 834 828 869 forma
866 834 933 868 sed
973 832 1011 867 in
1051 831 1210 867 Christo
1242 833 1333 866 Jesu
1372 830 1536 865 domino
1576 838 1726 865 nostro,

480 893 532 927 Ex
573 891 647 927 ista
686 891 867 926 doctrina
914 889 1021 925 finali
1060 897 1200 924 notare
1244 897 1378 936 posset
1417 887 1556 931 fidelis,
1597 886 1728 934 primo

421 950 626 997 quomodo
648 948 813 997 quilibet
837 947 1047 995 episcopus
1062 947 1122 982 vel
1146 947 1333 982 sacerdos
1349 946 1490 981 debeat
1509 944 1729 993 predicare,

421 1008 596 1043 secundo
635 1007 840 1055 quomodo
886 1004 1133 1051 evangelium
1175 1003 1423 1039 salutiferum
1463 1004 1604 1038 debeat
1642 1014 1728 1049 pre-

422 1065 567 1106 dicare,
603 1074 638 1100 et
672 1064 795 1099 tercio
826 1064 1031 1111 quomodo
1064 1063 1282 1097 secundum
1318 1061 1486 1096 formam
1513 1059 1659 1096 Christi
1693 1068 1729 1094 et

423 1135 503 1158 non
542 1123 760 1157 secundum
801 1119 1108 1156 adinvenciones
1141 1118 1385 1155 adulterinas
1420 1119 1632 1153 modernas
1665 1118 1730 1152 de-

423 1182 511 1216 beat
544 1179 765 1227 predicare,
805 1178 897 1226 quia
937 1177 1087 1213 dictum
1129 1186 1185 1213 est
1218 1178 1410 1212 Sermone
1451 1174 1575 1211 tercio
1615 1174 1730 1210 huius

423 1239 529 1286 quod
563 1238 789 1273 sacerdotes
822 1235 968 1271 Christi
1007 1248 1087 1271 non
1130 1236 1348 1270 debuerant
1382 1233 1635 1269 dotacionem
1670 1244 1731 1268 ce-

424 1308 579 1332 saream
615 1294 816 1342 recipisse.

482 1352 695 1389 Dubitatur
735 1351 839 1387 circa
879 1351 994 1386 istam
1036 1350 1247 1397 epistolam
1287 1358 1421 1384 utrum
1461 1348 1580 1384 liceat
1622 1360 1730 1383 secu-

423 1411 572 1447 laribus
611 1409 783 1445 dominis
821 1408 1076 1444 dotacionem
1116 1416 1316 1454 receptam
1361 1408 1563 1442 destruere
1604 1414 1641 1441 et
1681 1406 1729 1441 ad

424 1467 726 1505 ordinacionem
752 1466 899 1503 Christi
932 1465 1165 1513 primariam
1201 1466 1349 1501 clerum
1384 1476 1497 1499 suum
1528 1465 1730 1499 reducere.

425 1529 472 1562 Et
510 1526 666 1561 videtur
705 1526 810 1572 quod
851 1524 918 1563 sic,
959 1523 1051 1571 quia
1092 1536 1181 1559 cum
1219 1522 1436 1570 Apostolus
1476 1530 1512 1557 et
1543 1520 1656 1557 Titus
1696 1529 1732 1556 et

426 1597 495 1632 per
527 1595 773 1630 consequens
807 1582 1034 1630 quicunque
1068 1579 1244 1628 episcopi
1278 1581 1499 1615 debuerunt
1538 1577 1732 1614 secularia

427 1641 623 1678 desideria
656 1642 864 1687 abnegare.
904 1641 971 1675 sed
1011 1651 1100 1674 cum
1135 1637 1388 1674 manifestum
1422 1637 1600 1672 seculare
1633 1634 1732 1671 desi-

427 1699 580 1735 derium
615 1698 933 1745 inseparabiliter
966 1695 1223 1743 consequitur
1256 1696 1304 1731 ad
1338 1694 1589 1730 dotacionem
1618 1693 1732 1729 huius

428 1756 595 1793 dominii
628 1755 831 1799 secularis,
871 1754 1077 1790 manifeste
1112 1753 1267 1788 videtur
1294 1753 1398 1800 quod
1437 1752 1615 1788 seculare
1644 1752 1733 1786 bra-

429 1814 561 1851 chium
596 1814 711 1849 debet
745 1814 792 1848 ad
828 1814 901 1848 hoc
934 1811 1187 1859 singulariter
1220 1811 1415 1846 laborare.

486 1874 596 1916 Item,
637 1883 680 1906 ex
719 1870 792 1906 ista
837 1871 975 1906 eadem
1017 1868 1185 1915 epistola
1224 1868 1422 1904 seculares
1462 1866 1616 1902 domini
1654 1878 1733 1901 non

430 1931 573 1965 debent
611 1929 738 1964 solun]
780 1927 818 1963 in
852 1926 984 1963 Natali
1016 1926 1144 1962 vivere
1183 1925 1326 1970 sobrie,
1367 1924 1467 1960 iuste
1501 1933 1537 1960 et
1570 1923 1633 1971 pie
1666 1924 1733 1959 sed

430 1987 629 2023 continue.
684 1988 770 2021 Hoc
813 1994 945 2021 autem
990 1997 1070 2020 non
1114 1983 1302 2024 facerent,
1341 1982 1372 2018 si
1420 1983 1646 2018 sacerdotes
1696 1980 1735 2016 in

431 2044 597 2080 ecclesia
638 2053 718 2079 tam
758 2042 902 2078 iniuste
941 2055 986 2078 ac
1030 2041 1152 2088 impie
1196 2052 1395 2088 occupare
1440 2041 1543 2075 bona
1588 2037 1734 2075 Christi

431 2101 719 2150 permitterent,
766 2100 884 2147 igitur
928 2101 1002 2135 hoc
1046 2112 1126 2134 non
1172 2100 1333 2142 debent:
1379 2110 1470 2133 nam
1511 2096 1734 2132 omittendo

430 2160 490 2196 vel
522 2160 727 2207 operando
760 2158 799 2194 in
832 2157 907 2193 isto
940 2156 1193 2204 singulariter
1226 2155 1507 2192 consentirent.

490 2220 600 2262 Item,
648 2229 690 2252 ex
734 2215 808 2251 ista
854 2216 992 2251 eadem
1039 2214 1207 2261 epistola
1252 2225 1390 2248 omnes
1429 2211 1605 2260 episcopi
1645 2210 1736 2246 licet

432 2275 576 2310 fuerint
621 2272 760 2310 cesarii
800 2274 944 2309 debent
985 2271 1062 2308 tria
1102 2271 1164 2307 hic
1209 2280 1316 2307 tacta
1356 2269 1547 2306 beneficia
1586 2269 1736 2316 populo

433 2332 579 2369 Christi
612 2331 832 2379 predicare.
878 2331 953 2366 Sed
988 2329 1241 2377 predicarent
1274 2327 1484 2372 diabolice,
1524 2326 1555 2362 si
1595 2325 1634 2361 in
1667 2327 1736 2361 do-

433 2390 589 2426 tacione
623 2401 782 2425 cesarea
814 2388 989 2424 viverent
1012 2386 1170 2424 Christo
1204 2385 1416 2427 contrarie,
1451 2397 1543 2431 ergo
1576 2395 1734 2419 omnem

433 2449 553 2484 talem
585 2446 838 2482 dotacionem
873 2447 1017 2481 debent
1051 2443 1264 2479 dimittere.
1298 2446 1378 2479 Nec
1412 2441 1550 2478 dubito
1584 2442 1631 2476 de
1664 2441 1737 2476 ista

435 2504 649 2547 sentencia,
684 2516 771 2539 cum
808 2503 935 2550 ipsam
960 2503 1034 2538 sim
1059 2501 1199 2537 diffuse
1222 2500 1315 2537 alibi
1340 2508 1586 2548 prosecutus.
1624 2499 1737 2534 Unde

434 2562 479 2608 (si
513 2575 593 2598 non
626 2562 756 2605 fallor)
796 2560 835 2597 in
877 2561 953 2596 isto
995 2558 1160 2596 crimine
1201 2567 1257 2595 est
1297 2557 1463 2594 ecclesia
1495 2565 1576 2593 tam
1612 2554 1738 2592 domi-

506 2681 525 2699 ι.
548 2672 586 2699 F:
608 2672 718 2698 faceret
739 2680 801 2697 eos.
876 2678 899 2697 2.
922 2671 961 2697 F:
984 2669 1147 2704 supposito
1167 2669 1264 2695 twice.
1344 2668 1371 2695 ὁ.
1394 2668 1432 2694 F:
1454 2667 1624 2701 Apostolus
1645 2666 1738 2692 deest.

436 2716 461 2741 7.
483 2707 523 2734 F:
545 2707 670 2733 ecclesia
692 2705 870 2732 succedente
890 2706 972 2739 quod
994 2705 1052 2731 hoc
1072 2703 1226 2738 loquendo
1248 2702 1385 2737 predicit.
1460 2701 1496 2729 13.
1517 2702 1560 2728 A:
1583 2700 1740 2736 quomodo

437 2744 530 2768 deest.
605 2749 645 2772 1!-
667 2741 710 2767 A:
733 2739 980 2769 ndinvcucionis:
1001 2739 1040 2765 ib.
1063 2739 1101 2765 F:
1125 2738 1301 2764 modernos.
1376 2737 1414 2763 ιδ’.
1437 2736 1475 2763 F:
1498 2736 1582 2765 licet:
1604 2735 1643 2761 ib.
1660 2736 1686 2761 A
1708 2734 1736 2761 iu

437 2784 548 2810 marg:
573 2776 716 2801 Dubium.
780 2774 1033 2807 21.Ai111n;i1·g.:
1056 2781 1074 2799 1.
1137 2771 1178 2799 21³.
1196 2772 1311 2799 C‹›dd,:
1335 2779 1403 2797 cum
1426 2771 1518 2797 deest.
1576 2777 1621 2802 21⁷,
1637 2769 1678 2796 25.
1694 2770 1738 2795 A:

437 2809 612 2837 huiusmodi
635 2809 761 2835 dominii
786 2809 930 2835 sectilnrd
1013 2815 1055 2842 27.
1076 2808 1104 2834 Α
1125 2807 1153 2833 iu
1176 2814 1288 2839 marg:
1311 2813 1334 2831 2.
1419 2804 1461 2831 33.
1481 2806 1508 2831 Α
1530 2805 1557 2830 in
1581 2812 1692 2838 marg:
1714 2802 1737 2830 23,

513 2870 559 2902 15.
588 2869 674 2900 Vide
700 2880 815 2911 snpra,
844 2879 920 2910 pag.
951 2879 990 2898 ρο
1018 2875 1049 2897 et
1077 2878 1177 2909 seqq.

1749 899 1786 920 10

1750 1754 1787 1785 25

1752 2042 1793 2074 30

1755 2329 1793 2361 35
