1944 3323
107 263 180 296 144
683 258 907 290 JOHANNIS
928 257 1109 288 WYCLIF
1130 256 1388 289 SERMONUM
1421 243 1571 300 [SFRMO
1587 254 1696 282 XVII!-

389 365 556 409 ridetur,
599 377 666 412 per
707 365 782 400 hoc
827 365 932 411 quod
981 362 1221 410 multiplicat
1266 375 1306 398 se
1349 364 1566 398 secundum
1613 375 1696 399 esse

140 430 333 468 sumn-active
388 422 595 471 spirituale
641 431 720 458 tam
769 421 807 456 in
858 420 990 457 medio
1035 433 1155 468 quam
1203 420 1348 457 virtute
1394 430 1429 456 et
1469 421 1696 469 aliqualiter

101 465 455 529 X¹*¹2:¹1JRJJJQ¹¹¹⁰tali
498 481 618 515 modo
658 479 837 515 viderent
876 478 981 515 beati
1022 491 1188 514 munera
1222 478 1366 514 divina.
1412 478 1521 514 Visio
1563 487 1694 514 autem

98 535 373 595 wlizi)siliginis&
389 537 630 574 abstractiva
670 545 727 573 est
758 536 858 572 visio
901 536 1119 573 discursiva
1161 549 1279 584 quarn
1320 536 1544 572 intellectus
1590 535 1696 572 elicit

171 609 302 638 present.
389 609 430 632 ex
470 595 618 631 noticia
651 607 721 643 per
754 607 794 631 se
826 594 1017 635 visibilis;
1059 603 1095 630 et
1128 594 1204 630 isto
1239 595 1360 630 modo
1393 594 1573 630 videmus
1607 595 1728 629 sub-5

387 653 560 690 stancias
583 662 664 689 tam
691 651 920 689 materiales
936 665 1055 700 quam
1081 652 1379 697 immateriales,
1404 661 1447 687 ut
1470 651 1697 688 materiales

389 711 654 759 propinquius
696 723 739 747 ex
778 711 853 746 hoc
887 712 994 758 quod
1034 723 1103 746 sua
1137 709 1367 746 accidencia
1400 722 1470 758 per
1503 722 1543 746 se
1576 709 1697 745 sensi-

387 769 480 805 bilia
520 769 734 814 intuemur‚
775 777 818 804 ut
850 767 1064 804 senciendo
1098 769 1367 816 quodcunque
1400 780 1470 816 per
1502 780 1542 804 se
1574 767 1697 803 sensi-

388 827 465 863 bile
505 826 724 863 materialis
763 825 1003 862 substancie.
1050 826 1162 862 Illam
1196 825 1329 862 sencio
1363 825 1595 861 sensacione
1628 837 1698 873 per

388 884 572 921 accidens
604 886 672 921 sed
704 884 974 920 substanciam
1009 883 1316 920 immaterialem
1345 883 1526 919 videmus
1549 883 1697 919 distan-
1718 898 1756 918 10

141 950 206 978 The
227 958 331 989 semes
390 943 472 979 cius
512 955 555 979 ex
593 955 663 979 sua
703 954 826 990 opera
866 941 1105 978 substancie.
1153 942 1264 978 Illam
1299 941 1433 978 sencio
1466 940 1698 977 sensacione

101 994 366 1053 acciiigffiffiiiiioni
388 1000 497 1037 vitali
539 1009 575 1037 et
614 1000 749 1036 multis
795 999 881 1036 aliis
925 998 1229 1036 condicionibus
1269 1012 1367 1047 quas
1406 998 1567 1035 racione
1606 1011 1698 1035 con-

114 1055 357 1116 intffil'jfl‘ffulffirs
388 1058 596 1104 vincimus,
620 1067 662 1094 ut
677 1058 857 1094 videmus
881 1059 988 1106 quod
1012 1058 1133 1093 homo
1156 1057 1249 1093 vivit
1274 1058 1334 1093 vel
1357 1056 1480 1093 vitam
1504 1056 1698 1095 hominis:

145 1125 326 1150 iunuatcrial
390 1118 496 1165 quod
531 1125 587 1152 est
621 1117 725 1152 idem
761 1129 803 1152 ex
836 1117 912 1152 hoc
945 1117 1051 1163 quod
1085 1115 1345 1163 operaciones
1379 1128 1477 1163 quas
1510 1127 1699 1151 vocamus

150 1160 321 1185 substance.
388 1175 527 1211 vitales
560 1174 599 1210 in
632 1174 718 1222 ipso
752 1173 1053 1221 cognoscimus:
1098 1182 1133 1209 et
1167 1173 1242 1209 isto
1278 1174 1398 1209 modo
1432 1172 1700 1209 remotissime
1721 1177 1756 1207 15

391 1232 645 1279 cognoscitur
668 1232 805 1268 artifex
833 1244 902 1280 per
926 1244 1038 1267 suam
1063 1230 1253 1267 fabricam
1282 1232 1402 1266 modo
1427 1244 1505 1279 quo
1529 1230 1700 1266 dicimus

102 1298 191 1326 Thus
211 1307 257 1339 ive
279 1298 368 1324 know
389 1304 462 1327 nos
496 1293 622 1326 Deum
662 1290 795 1326 videre
833 1289 912 1325 sive
953 1302 1196 1336 cognoscere
1242 1301 1311 1337 per
1355 1290 1460 1324 hunc
1506 1290 1698 1324 mundum

199 1334 278 1360 (md.
392 1348 633 1388 sensibilem,
668 1357 703 1383 et
727 1348 781 1384 sic
806 1347 998 1383 indirecte
1021 1348 1080 1383 vel
1105 1347 1246 1383 reflexe
1271 1350 1397 1382 Deum
1423 1346 1701 1394 cognoscimus

392 1419 437 1443 ac
476 1406 505 1441 si
548 1407 668 1442 homo
700 1405 852 1441 videret
893 1418 974 1441 rem
1018 1405 1331 1451 cognoscibilem
1373 1405 1616 1440 relucentem
1662 1403 1699 1438 in

392 1464 567 1512 speculo.
1716 1476 1757 1496 20

104 1529 378 1564 suchkmmledgc
450 1525 497 1557 Et
521 1521 614 1570 quia
647 1521 754 1556 illam
790 1519 980 1556 noticiam
1016 1520 1259 1557 comitantur
1283 1520 1543 1568 decepciones
1577 1519 1700 1554 multe

127 1567 351 1630 ΟΙῙζζῩέῙΪῖῘῇ-ἷῂ]
393 1589 429 1616 et
462 1579 630 1623 fallacie,
664 1579 753 1615 ideo
777 1579 992 1626 Apostolus
1026 1579 1191 1627 loquens
1226 1580 1273 1614 de
1307 1578 1372 1614 illa
1404 1578 1554 1614 visione
1587 1585 1701 1613 vocat

184 1631 190 1634 ”
312 1630 314 1633 7
393 1651 478 1674 eam
509 1637 748 1687 specularem
773 1637 808 1672 in
833 1637 1047 1686 enigmate:
1075 1646 1110 1673 et
1135 1636 1189 1672 sic
1213 1636 1451 1673 abstractive
1475 1635 1569 1672 satis
1593 1644 1698 1671 certe

392 1695 670 1744 cognoscimus
694 1697 820 1731 Deum
847 1703 883 1730 et
909 1695 1054 1730 multas
1078 1694 1176 1730 alias
1198 1694 1397 1730 veritates.
1432 1695 1542 1730 Illam
1567 1702 1698 1729 autem

391 1754 581 1790 noticiam
618 1754 665 1789 de
689 1755 772 1789 Deo
805 1765 894 1788 cum
930 1752 978 1788 sit
1008 1752 1242 1800 imperfecta
1266 1761 1301 1788 et
1325 1753 1508 1797 obscura,
1542 1755 1756 1798 oportet25

391 1812 488 1848 verti
524 1812 562 1847 in
602 1811 754 1847 claram
794 1809 984 1846 noticiam
1019 1811 1068 1846 ad
1109 1809 1396 1846 beatitudinem
1434 1809 1609 1845 hominis
1643 1821 1700 1844 se—

394 1871 569 1906 cundum
602 1868 787 1904 ultimam
821 1868 877 1903 sui
913 1867 1142 1915 potenciam
1179 1867 1426 1904 meritoriam
1460 1867 1699 1904 faciendam.

114 1935 212 1961 which
236 1935 309 1961 shall
333 1935 367 1960 bc
395 1930 441 1963 Et
475 1929 522 1963 de
546 1927 613 1963 illa
637 1926 813 1974 loquitur
836 1927 1066 1974 Apostolus,
1093 1927 1253 1974 quando
1278 1925 1373 1961 dicit
1397 1926 1503 1973 quod
1530 1925 1701 1960 videmus

107 1971 494 2036 p111'511ciuaexlxffymtlmc’
527 1986 602 2021 boc
635 1993 704 2029 est,
739 1992 829 2032 post
861 1984 976 2020 istam
1012 1984 1288 2032 imperfectam
1322 1983 1514 2019 visionem
1551 1982 1700 2019 visione

396 2043 523 2091 patric
558 2045 684 2078 Deum
724 2051 760 2078 et
800 2042 960 2089 angelos
983 2042 1092 2090 facie
1131 2042 1364 2090 adfaciem.
1417 2042 1528 2076 Nunc
1567 2048 1698 2076 autem
1717 2045 1758 2076 30

395 2100 600 2147 cognoscit
623 2101 840 2148 Apostolus
874 2108 910 2135 et
936 2100 1063 2135 multo
1098 2099 1224 2147 magis
1254 2099 1419 2147 quilibet
1442 2099 1570 2135 viator
1602 2097 1701 2134 alius

395 2158 493 2195 citra
510 2158 713 2194 Christum
730 2170 780 2194 ex
796 2166 924 2206 parte,
940 2157 1032 2206 quia
1056 2157 1299 2205 imperfecte,
1317 2156 1465 2192 noticia
1488 2155 1700 2204 speculari,

395 2218 461 2252 sed
496 2217 534 2252 in
568 2215 710 2264 patria,
744 2215 811 2251 ubi
845 2214 1063 2251 saciabitur
1095 2215 1310 2263 appetitus,
1345 2215 1460 2262 plene
1484 2213 1522 2249 in
1545 2222 1699 2250 tantum

396 2287 608 2310 commune
647 2273 748 2310 sicut
788 2282 1014 2320 cognoscet,
1056 2272 1238 2320 cognitus
1278 2281 1335 2309 est
1374 2285 1395 2308 a
1435 2274 1532 2317 Deo,
1573 2281 1608 2308 et
1649 2271 1702 2307 ita

396 2332 486 2368 licet
518 2340 705 2368 maneant
738 2331 810 2367 iste
844 2340 922 2367 tres
955 2331 1119 2367 virtutes
1152 2330 1389 2377 theologice,
1424 2329 1576 2366 scilicet
1596 2329 1758 2379 fides&

395 2402 481 2438 spes
513 2398 544 2425 el
579 2390 722 2425 caritas
756 2388 818 2425 hic
842 2388 881 2425 in
904 2389 980 2434 via,
1006 2389 1131 2424 maior
1151 2396 1276 2424 autem
1304 2388 1441 2423 horum
1467 2395 1522 2423 est
1545 2387 1702 2428 caritas,

397 2457 433 2483 et
466 2447 561 2483 dicit
595 2449 746 2489 horum,
781 2446 873 2494 quia
907 2446 1087 2494 quamvis
1122 2446 1218 2482 fides
1258 2454 1433 2481 mutetur
1472 2445 1510 2480 in
1552 2445 1700 2481 claram

395 2505 602 2546 visionem,
636 2517 724 2552 spes
764 2504 803 2540 in
842 2504 1068 2540 beatificam
1105 2503 1353 2549 fruicionem‚
1389 2502 1532 2539 caritas
1566 2511 1701 2538 tamen

397 2575 472 2611 que
518 2563 730 2610 utrobique
775 2571 954 2598 remanet
998 2571 1078 2598 tam
1127 2561 1165 2597 in
1209 2561 1270 2598 via
1317 2574 1437 2609 quam
1489 2560 1529 2596 in
1573 2559 1702 2608 patria

397 2630 558 2669 superat
592 2622 712 2656 ambo
747 2619 832 2656 ista.
1716 2631 1760 2661 40

466 2754 491 2782 3.
513 2755 606 2782 Cod.:
628 2755 754 2781 videret.
838 2753 865 2780 S.
887 2753 981 2780 (ῥοὰς
1003 2753 1156 2780 intuemus
1177 2758 1208 2779 ut
1229 2754 1402 2780 sensiendo.
1494 2759 1537 2778 22.
1561 2751 1654 2779 Com:
1677 2755 1704 2777 et

398 2790 491 2817 deest.
566 2798 609 2824 27.
632 2788 726 2816 (juda
750 2788 865 2815 ultima.
940 2788 982 2816 33.
1004 2788 1098 2815 coa:
1123 2789 1219 2822 plena.

469 2873 510 2905 28
538 2881 569 2904 et
596 2883 669 2915 seq.
698 2873 720 2904 Ι.
749 2873 827 2903 Cor.
856 2873 1099 2912 >mmm-14
