1944 3323
202 253 338 280 semro
362 242 486 299 xvim]
688 255 863 287 TERTIA
892 255 1018 288 PARS.
1734 249 1806 295 ¹43

203 361 412 398 scribitur:
468 362 749 398 Exultaciones
794 362 945 398 vocales
988 362 1065 397 Dei
1115 369 1225 397 eruut
1278 361 1313 396 in
1357 369 1518 411 gutture

201 428 445 464 mactat-um,-
476 422 584 469 quod
616 419 779 468 ydioma
803 421 1053 456 Hebreorum
1090 418 1267 456 manebit
1300 419 1338 455 in
1373 419 1517 467 patria.
1581 430 1768 468 Klioxxucqgt·

201 478 346 515 'l'ercio
371 491 461 515 cum
485 478 660 515 sciencia
684 479 924 525 destruetur,
950 477 1128 514 manebit
1151 477 1315 518 caritas:
1346 477 1518 514 sciencie
1547 465 1799 530 (ἓὶξᾚῇἓςὲᾒιξηῗξ

201 537 363 585 quidem
403 537 669 585 particulares
709 536 908 585 adquisite
954 538 1002 573 de
1047 536 1229 573 sensibus
1275 545 1366 584 post
1412 536 1517 572 diem
1542 528 1811 568 0¹⁶³1'i1st11i13011l-

168 595 339 632 §iudicii
381 608 463 632 non
504 596 736 641 manebunt,
776 604 861 632 tum
895 594 989 644 quia
1028 594 1166 631 scibile
1204 604 1299 631 tunc
1332 607 1412 631 non
1446 594 1520 631 erit

201 663 237 689 et
271 654 443 691 sciencia
477 667 522 690 ac
556 653 694 690 scibile
726 655 946 690 secundum
980 653 1244 702 philosophos
1278 665 1362 690 sese
1396 653 1519 701 respi—

201 712 310 748 ciunt
350 712 525 758 relative,
564 721 650 748 tum
690 712 817 749 eciam
851 711 945 761 quia
983 721 1074 761 post
1114 711 1219 748 diem
1260 711 1397 748 iudicii
1430 711 1520 747 illu-

203 770 344 807 minati
379 780 496 807 erunt
529 783 667 808 sensus
701 772 750 807 ab
785 770 1049 807 emanacione
1082 783 1104 807 a
1128 772 1212 806 Deo
1246 779 1283 807 et
1305 769 1521 807 virtutibus

201 829 476 877 superioribus
510 838 547 865 et
580 842 662 866 non
694 831 915 866 secundum
949 829 1132 866 ordinem
1166 828 1246 865 iam
1280 837 1521 865 currentem.

147 888 269 924 ioEx
307 896 424 937 parte
469 887 575 925 enim
624 887 772 924 scimus
818 897 854 924 et
899 900 950 924 ex
987 895 1105 938 parte
1149 887 1441 935 prophetamus
1485 895 1522 923 et

202 955 418 995 utrumque
461 955 517 983 est
559 946 710 983 noticia
744 946 992 995 imperfecta,
1029 945 1122 995 quia
1165 958 1303 982 sensus
1346 945 1522 994 particu—

201 1005 303 1041 lares
337 1005 528 1042 errabiles
562 1006 756 1041 habemus
796 1005 859 1041 hic
897 1004 1114 1041 scienciam
1154 1013 1335 1040 nostram
1375 1013 1521 1041 ortam.

200 1064 277 1099 Sed
314 1063 352 1099 in
391 1077 503 1100 arras
542 1063 673 1104 future
711 1064 886 1112 perfecte
931 1063 1102 1100 sciencie
1142 1063 1335 1099 habemus
1370 1071 1520 1099 certam

199 1121 416 1158 scienciam
449 1121 735 1159 universalium
771 1131 808 1158 et
839 1121 1054 1159 veritatum
1089 1133 1165 1170 que
1198 1130 1288 1158 sunt
1322 1120 1522 1169 principia

147 1181 250 1218 15ad
308 1180 587 1217 conclusiones
647 1180 745 1217 alias
799 1181 1150 1217 demonstrandas.
1206 1182 1248 1216 ln
1300 1179 1521 1228 prophecia

200 1238 326 1275 eciam
353 1248 410 1275 est
437 1238 695 1288 imperfeccio
720 1240 854 1288 quoad
882 1238 1076 1276 noticiam
1102 1247 1138 1275 et
1167 1237 1520 1283 certificacionem,

200 1299 267 1333 sed
307 1306 469 1346 oportet
502 1311 586 1334 cum
626 1298 772 1334 venerit
811 1306 939 1334 status
971 1296 1105 1345 gracie
1138 1296 1177 1333 in
1212 1309 1292 1345 quo
1325 1296 1400 1332 erit
1433 1309 1522 1344 per—

200 1355 326 1392 feccio
378 1355 552 1393 hominis
604 1356 802 1402 ultimata,
850 1357 959 1405 quod
1010 1363 1219 1392 evacuetur
1262 1354 1522 1403 imperfeccio

200 1413 348 1450 noticie
403 1424 440 1451 et
491 1416 681 1452 succedat
732 1415 839 1451 clara
885 1414 1052 1451 intuicio
1098 1413 1247 1450 influxa
1299 1415 1520 1450 secundum

143 1489 185 1510 20
201 1473 322 1509 alium
375 1473 559 1510 ordinem
613 1473 852 1510 miserorum
903 1472 1105 1510 viancium
1160 1485 1239 1521 quo
1292 1471 1521 1520 superiores

201 1531 401 1579 recipiunt
429 1532 623 1568 noticiam
654 1545 676 1569 a
705 1532 886 1568 sensibus
915 1531 1172 1568 inferioribus
1202 1530 1519 1579 pretermissum.

258 1592 305 1625 Et
345 1599 453 1638 patet
493 1590 719 1638 exemplum
760 1590 1006 1626 confirmans
1047 1589 1164 1625 istam
1198 1588 1445 1625 sentenciam
1481 1588 1520 1624 in
1547 1597 1794 1636 TheAwos-tlc‘s

200 1657 363 1694 natura3
397 1662 490 1685 nam
515 1649 733 1697 Apostolus
758 1658 795 1685 et
828 1648 895 1685 alii
928 1661 1013 1684 cum
1046 1655 1157 1684 erant
1184 1648 1358 1697 parvuli,
1391 1647 1518 1696 inper-
1552 1641 1701 1697 {ssflffiffg
1714 1636 1793 1694 ¹1:²9}ss

189 1708 300 1755 secta
340 1708 511 1743 balbucie
550 1708 816 1756 loquebantur,
856 1716 893 1743 et
935 1707 1065 1743 solum
1106 1705 1309 1742 sensibilia
1344 1705 1397 1742 eis
1431 1718 1519 1753 pre-
1552 1703 1792 1765 ῙἿ]Ἒ1“Γ“’ἾΞὲὈῘΙξἸΙ

144 1771 182 1803 25
199 1765 334 1802 sencia
373 1775 593 1814 sapuerunt
634 1779 679 1802 ac
714 1766 844 1802 solum
879 1765 934 1802 eis
967 1764 1208 1801 sensibiliter
1241 1763 1449 1812 placencia
1483 1773 1519 1800 et
1544 1747 1747 1803 desii-effffiu
1768 1756 1801 1799 {is

200 1823 460 1872 displicencia
501 1824 746 1872 cogitabant.
801 1825 965 1868 Quando
1005 1831 1132 1860 autem
1161 1823 1269 1872 s'acti
1305 1830 1392 1858 sunt
1432 1822 1519 1865 viri,
1563 1809 1787 1874 ¹¹}{23'15'fsf'ssg0

199 1890 432 1918 evacuerunt
464 1882 727 1931 operaciones
751 1882 984 1919 huiusmodi
1008 1882 1284 1930 parvulorum,
1310 1881 1519 1929 loquentes
1536 1872 1656 1905 ¹¹⁰¹¹0¹¹s
1677 1878 1711 1905 of
1731 1877 1810 1906 (iud.

200 1950 240 1976 ut
274 1940 439 1989 perfecti
481 1941 681 1989 sapientes
722 1941 898 1977 futuram
934 1940 1224 1977 beatitudinem
1259 1940 1365 1975 ultra
1398 1938 1520 1975 sensi—

200 1999 294 2035 bilia
340 1999 394 2035 eis
440 1999 647 2048 presencia
694 2008 730 2036 et
763 1999 986 2047 cogitantes
1034 2012 1115 2035 non
1161 1999 1292 2034 solum
1328 1999 1432 2034 bona
1466 1997 1520 2033 eis

142 2062 183 2094 30
201 2058 365 2105 propria
403 2059 471 2094 sed
512 2059 707 2094 honorem
742 2058 813 2094 Dei
853 2071 899 2094 ac
939 2057 1155 2094 utilitatem
1192 2056 1371 2093 ecclesie.
1419 2057 1518 2091 Cum

199 2129 293 2163 ergo
328 2118 433 2152 Deus
474 2126 510 2152 et
549 2126 694 2153 natura
727 2129 808 2153 non
842 2116 1039 2165 incipiunt
1073 2118 1122 2152 ab
1156 2115 1394 2164 imperfecto
1429 2128 1519 2162 pro-

103 2155 183 2243 ‘¹1:5ss
199 2174 310 2221 gredi
349 2187 429 2211 non
469 2175 509 2211 in
548 2174 800 2223 perfeccione
840 2174 981 2211 ultima
1027 2183 1323 2219 consumantes,
1370 2182 1479 2221 patet
1514 2170 1517 2226 1

104 2227 117 2233 ⁶
199 2234 307 2281 quod
342 2242 432 2281 post
466 2233 582 2269 istam
617 2235 835 2270 secundam
869 2233 1063 2270 noticiam
1097 2246 1217 2281 quam
1253 2233 1447 2268 habemus
1481 2231 1519 2267 in

197 2290 300 2326 virili
342 2300 446 2327 etate
486 2293 674 2328 succedet
718 2292 843 2328 tercia
889 2291 1063 2328 finaliter
1102 2291 1291 2339 perfecta.
1344 2290 1521 2326 ls'ia'emus

143 2354 180 2386 35
198 2350 294 2384 enim
321 2362 395 2398 per
416 2351 612 2398 speculum
637 2351 673 2386 in
704 2351 910 2400 enigmate,
935 2350 1029 2399 quia
1060 2350 1270 2398 tuncsacie
1292 2349 1517 2397 adfaciem.

200 2409 267 2443 Est
291 2417 423 2443 autem
451 2409 594 2456 duplex
626 2408 726 2445 visio
761 2409 1009 2445 extendendo
1042 2408 1236 2445 visionem
1271 2409 1321 2444 ad
1355 2420 1516 2443 omnem

199 2466 389 2502 noticiam
432 2465 668 2509 intellectus,
708 2467 860 2503 scilicet
891 2466 992 2504 visio
1032 2466 1216 2503 intuitiva
1248 2466 1309 2503 vel
1343 2467 1519 2502 abstrac-

198 2524 289 2569 tiva,
325 2533 361 2560 et
397 2533 611 2573 utrumque
643 2527 866 2561 membrum
904 2526 1022 2561 habet
1046 2524 1359 2561 subdivisionem
1387 2523 1518 2559 multi—
1549 2529 1688 2568 lumini-e
1710 2530 1808 2557 vision

198 2582 357 2629 plicem.
395 2582 578 2619 intuitiva
612 2583 710 2619 visio
743 2593 910 2620 vocatur
934 2597 1011 2632 qua
1046 2596 1115 2632 per
1149 2596 1188 2620 se
1216 2583 1342 2620 visum
1378 2582 1518 2618 imme-
1553 2574 1577 2591 ’δ’
1598 2565 1792 2630 dlis-cocleam-

139 2654 183 2684 40
199 2641 305 2676 diate
344 2640 502 2677 videtur
543 2643 592 2677 ab
632 2643 764 2681 oculo,
806 2652 847 2678 ut
888 2655 957 2690 per
991 2654 1031 2678 se
1065 2641 1252 2678 sensibile
1285 2640 1519 2677 immediate
1692 2632 1698 2635 .

268 2776 310 2803 16.
333 2776 427 2803 Cod.:
450 2775 641 2809 imperfecto.
739 2783 784 2802 20.
806 2776 901 2803 Cod.:
923 2776 1024 2803 aliam.
1126 2784 1164 2803 2¹.
1188 2777 1283 2804 Cod.:
1305 2777 1517 2811 pretermissa.

198 2819 242 2845 27-
265 2811 359 2839 Cod.:
382 2811 534 2845 loquente.
599 2809 640 2836 Ἠ.
663 2810 758 2838 Cod.:
781 2811 862 2845 quod
886 2811 1045 2837 habemns.
1110 2810 1153 2838 35.
1176 2812 1272 2839 Cod.:
1293 2812 1516 2838 subdicionem.

269 2896 321 2928 23.
350 2896 370 2927 l.
399 2895 478 2927 Cor.
508 2896 598 2935 XIII,
624 2907 672 2927 11.
772 2896 823 2936 34.
852 2896 896 2928 ib.
929 2906 978 2927 12.
