1944 3323
126 273 145 297 2

74 276 116 310 17

80 443 155 470 Roth
178 450 227 469 are
249 450 322 468 sons

67 478 101 505 os
116 477 197 509 God,
215 486 248 503 as
270 484 339 507 mav

77 513 111 539 be
133 511 198 539 said
223 508 330 538 indeed

99 547 132 574 os
149 548 198 574 the
219 547 309 574 dex'il.

110 850 169 877 Old
192 850 248 875 law
270 858 300 872 z

144 888 265 915 matter,

103 965 178 1003 Now
199 965 256 992 law
278 975 307 989 z

162 1002 254 1028 iorm.

120 1140 221 1168 These
242 1148 292 1167 are

89 1176 242 1210 complete
263 1175 321 1201 and

100 1219 145 1237 we
166 1219 235 1246 may
257 1214 309 1237 not

95 1245 153 1273 add
176 1250 206 1272 to
227 1245 319 1272 them.

83 1548 113 1575 In
137 1548 185 1574 the
206 1548 255 1574 old
279 1547 335 1573 law

80 1583 129 1610 the
150 1582 340 1609 cert-numios

85 1626 134 1644 are
156 1617 335 1651 aecidental,

121 1653 169 1679 [lle
191 1652 304 1679 morals

133 1687 287 1714 essential.

121 1959 202 1985 suns
225 1957 299 1983 born

93 1994 191 2020 under
212 1993 260 2019 the
281 1990 330 2017 old

85 2029 142 2055 law
165 2027 271 2054 served
294 2026 341 2053 sor

86 2063 148 2090 sear
169 2071 203 2089 or
224 2060 340 2088 reward

85 2098 142 2124 and
165 2096 273 2124 looked
297 2096 344 2122 sor

98 2133 326 2167 pleasautness3

122 2168 208 2194 those
231 2167 307 2193 born

89 2202 185 2229 under
206 2202 254 2228 the
277 2208 341 2227 new

89 2238 146 2264 law
168 2245 217 2263 are
239 2235 344 2262 drawn

113 2276 144 2298 to
166 2271 258 2298 suffer
279 2270 316 2305 by

91 2307 159 2333 love
180 2306 238 2332 aud
260 2306 340 2339 hope

117 2342 152 2369 of
169 2340 308 2376 eteruity.

647 268 870 301 JOHANNIS
890 268 1071 300 WYCLIF
1089 268 1344 299 SERMONUM
1399 254 1550 312 [SERMO
1573 265 1665 293 XXII.

353 379 571 414 secundum
606 384 788 412 naturam
825 383 915 410 sunt
950 373 1019 409 filii
1043 373 1128 419 Dei,
1162 373 1253 410 licet
1286 375 1506 411 secundum
1539 375 1667 411 defor-

355 435 535 472 mitatem
570 435 685 482 culpe
717 441 808 468 sunt
843 431 912 467 filii
937 431 1107 478 diaboli3
1142 431 1197 468 sic
1230 431 1335 468 enim
1369 432 1453 480 ipse
1483 431 1667 469 diabolus

355 502 486 542 potest
519 492 596 529 dici
631 491 734 527 filius
768 489 852 535 Dei,
887 502 975 526 cum
1010 489 1059 525 sit
1091 502 1226 526 servus
1259 490 1341 526 eius
1374 491 1425 526 ad
1457 490 1529 526 Dei
1561 490 1668 526 simi-

355 551 565 588 litudinem
600 557 846 598 procreatus.
882 549 983 583 Nam
1018 546 1121 583 filius
1155 560 1198 584 ex
1231 549 1305 584 hoc
1329 549 1437 596 quod
1470 548 1513 584 fit
1535 561 1668 584 servus

356 618 570 659 perpetuus
610 606 734 656 patris
773 606 833 642 sui
871 618 953 641 non
993 604 1137 641 desinit
1175 618 1258 642 esse
1297 606 1400 642 filius
1433 606 1472 642 in
1504 610 1701 651 natura35

357 677 393 704 et
427 667 788 714 correspondentes
826 672 957 712 potest
995 662 1225 700 moralizari
1258 672 1387 700 totum
1431 664 1529 700 illud
1563 665 1669 712 quod

357 725 452 762 dicit
484 724 700 773 Apostolus
733 721 947 770 allegorice
981 730 1282 770 consequenter.
1329 721 1439 759 Sicut
1473 722 1577 759 enirn
1612 723 1670 758 lex

356 793 467 821 vetus
508 781 706 819 similatur
746 780 913 817 materie
954 788 990 816 et
1029 779 1089 815 lex
1126 792 1229 816 nova
1268 780 1395 816 forme
1427 781 1488 817 vel
1520 780 1671 828 perfec-

358 841 462 879 cioni
496 840 648 886 ultime,
681 839 737 875 sic
770 839 829 875 lex
861 836 1016 886 peccati
1050 846 1108 873 est
1138 837 1342 884 deformis,
1376 851 1501 886 prope
1534 838 1669 883 nichil,

359 899 535 936 medium
569 898 672 934 inter
705 910 772 934 ens
806 905 842 933 et
867 897 1039 944 quedam
1060 896 1184 944 fraus
1200 896 1299 945 ficta
1332 897 1476 932 crassis
1508 897 1672 932 tenebris
1692 909 1730 931 10

358 959 542 1003 involuta,
574 965 616 992 ut
648 956 869 1004 loquuntur
891 953 1148 1001 Augustinus,
1174 955 1290 999 Urso,
1322 954 1434 991 Plato
1467 963 1503 990 et
1537 953 1670 990 ceteri.

357 1018 405 1052 Et
450 1024 559 1064 patet
603 1015 724 1063 quod,
770 1012 871 1049 sicut
918 1011 973 1048 hii
1021 1012 1303 1059 blasphemant
1354 1011 1393 1048 in
1432 1014 1559 1049 Deum
1605 1012 1671 1060 qui

358 1074 538 1110 nituntur
581 1071 793 1109 falsificare
844 1071 972 1118 legem
1018 1082 1161 1106 novam
1210 1071 1271 1106 vel
1314 1079 1502 1116 veterem,
1549 1082 1594 1106 ac
1641 1069 1672 1105 si

357 1133 503 1169 vellent
526 1133 729 1167 destruere
752 1130 1059 1165 fundamentum
1088 1136 1244 1174 nature,
1278 1128 1429 1165 scilicet
1463 1127 1672 1164 materiam

359 1190 531 1240 primam
573 1198 610 1225 et
648 1189 819 1225 formam
862 1195 1112 1235 perpetuam,
1146 1185 1201 1222 sic
1234 1186 1538 1223 Antichristiani
1572 1186 1729 1222 blas-15

359 1250 552 1298 phemant
585 1247 653 1296 qui
686 1246 761 1294 legi
793 1244 916 1282 veteri
948 1253 991 1280 ut
1024 1244 1286 1280 fundamento
1321 1253 1357 1280 et
1389 1244 1464 1292 legi
1496 1257 1598 1281 nove
1631 1253 1673 1280 ut

358 1307 485 1344 forme
517 1305 657 1342 ultime
696 1311 932 1353 presumunt
970 1303 1239 1350 superaddere
1276 1315 1399 1339 novas
1437 1302 1542 1350 leges
1577 1315 1674 1350 quas

360 1365 497 1401 dicunt
535 1363 847 1412 superexcellere
883 1362 1011 1408 legem
1049 1360 1182 1408 gracie
1216 1373 1292 1408 que
1331 1369 1388 1397 est
1420 1362 1550 1396 forma
1582 1361 1674 1396 sub-

360 1422 564 1460 stancialis
589 1430 626 1458 et
649 1419 847 1469 perfeccio
878 1418 1019 1455 ultima
1043 1431 1163 1467 quam
1189 1418 1373 1466 dignatus
1398 1427 1455 1454 est
1479 1417 1673 1454 Dominus

360 1481 476 1518 nobis
509 1481 616 1516 dare.
1692 1491 1733 1512 20

421 1540 513 1575 Ideo
554 1546 706 1574 certum
749 1544 805 1572 est
846 1536 952 1583 quod
992 1533 1235 1571 tradiciones
1274 1533 1428 1570 adiecte
1467 1546 1548 1570 non
1586 1542 1675 1569 sunt

363 1597 437 1633 nisi
462 1597 590 1633 forme
612 1595 672 1632 vel
696 1593 971 1630 deformitates
1001 1592 1269 1629 accidentales
1301 1592 1341 1628 in
1366 1591 1676 1640 comparacione
1706 1632 1717 1638 q

362 1657 412 1692 ad
436 1666 581 1703 corpus
605 1653 701 1701 legis
725 1651 809 1688 Dei.
844 1651 954 1688 Sicut
983 1646 988 1704 Ι
1017 1650 1122 1687 enim
1146 1652 1251 1698 Agar
1276 1651 1368 1699 (que
1391 1650 1677 1698 interpretatur
1694 1632 1772 1710 {⁴3³1}

363 1715 530 1759 advena)
563 1712 691 1760 signat
724 1719 834 1747 vetus
873 1718 1157 1745 testamentum
1197 1721 1286 1745 cum
1327 1708 1406 1744 suis
1440 1703 1710 1745 ceremoniis*
1743 1700 1754 1720 s

364 1773 472 1820 quod
518 1779 575 1807 est
607 1767 876 1806 adventicium
922 1779 1103 1815 persone,
1149 1766 1251 1802 sicut
1295 1766 1477 1812 materia,
1519 1765 1677 1802 iusticia
1695 1770 1732 1802 25

363 1831 424 1867 vel
467 1827 602 1877 gracia
648 1827 750 1863 inest
788 1824 971 1874 prescitis
1011 1824 1250 1870 accidenter,
1292 1837 1382 1861 cum
1422 1836 1583 1861 necesse
1628 1823 1678 1860 sit

364 1888 471 1936 ipsos
510 1899 532 1923 a
570 1884 798 1922 substancia
838 1882 1069 1919 huiusmodi
1102 1881 1301 1930 separari3
1342 1891 1379 1918 et
1421 1882 1476 1919 ita
1509 1881 1679 1919 moralia

365 1945 460 1993 legis
497 1944 640 1981 veteris
679 1955 755 1992 que
794 1950 885 1978 sunt
924 1941 1027 1977 idem
1071 1953 1159 1977 cum
1201 1940 1419 1977 moralibus
1452 1939 1547 1988 legis
1579 1952 1679 1976 nove

365 2012 456 2040 sunt
495 2002 607 2051 quasi
648 1999 876 2037 essencialis
915 1998 1083 2035 materia
1123 2011 1144 2035 a
1177 2001 1260 2034 Deo
1300 1998 1455 2035 homini
1487 1997 1677 2042 limitata3

367 2071 404 2098 et
442 2060 543 2097 sicut
582 2060 621 2096 in
659 2068 830 2107 utroque
869 2065 1111 2094 testamento
1151 2056 1287 2104 genuit
1321 2059 1426 2093 Deus
1466 2055 1571 2093 filios
1610 2056 1678 2092 sed
1696 2060 1737 2092 30

367 2120 406 2156 in
438 2118 561 2156 veteri
594 2117 728 2166 genuit
762 2128 896 2153 servos
929 2115 996 2164 qui
1029 2114 1174 2151 timore
1207 2127 1307 2162 pene
1341 2124 1377 2150 et
1410 2113 1678 2162 promissione

367 2176 650 2225 temporalium
702 2174 939 2219 serviebant,
991 2173 1081 2210 ideo
1126 2174 1345 2209 secundum
1391 2182 1552 2209 carnem
1595 2171 1678 2208 nati

367 2244 458 2272 sunt
498 2235 565 2283 qui
605 2234 823 2271 abhorrent
861 2244 1001 2280 aspera
1043 2240 1079 2268 et
1111 2239 1247 2267 amant
1281 2230 1425 2267 dulcia.
1473 2230 1549 2276 Qui
1581 2242 1675 2267 vero

367 2294 407 2330 in
440 2306 542 2330 novo
566 2300 806 2328 testamento
838 2298 1058 2327 nascuntur
1080 2297 1169 2337 post
1194 2288 1398 2325 Christum
1428 2288 1542 2324 liberi
1575 2296 1678 2333 sunt,

367 2351 497 2389 allecti
531 2363 601 2398 per
623 2361 803 2386 amorem
839 2357 875 2385 et
908 2361 1018 2396 spem
1053 2356 1283 2384 eternorum
1317 2347 1367 2382 ad
1400 2358 1541 2394 aspera
1574 2345 1735 2394 paci-35

371 2411 516 2446 endum
552 2421 624 2456 pro
658 2416 771 2456 patre
805 2406 977 2443 finaliter
1009 2418 1055 2442 ac
1089 2404 1270 2441 dulciter.
1305 2405 1681 2452 Correspondenter

370 2476 426 2504 est
461 2466 666 2502 moraliter
700 2467 747 2502 de
780 2464 851 2501 Dei
885 2464 975 2500 filiis
1009 2462 1206 2511 adoptivis
1240 2471 1276 2499 et
1308 2463 1417 2499 nuda
1447 2470 1592 2498 natura
1631 2463 1680 2498 ab

370 2525 456 2573 ipso
502 2523 644 2560 creatis
684 2532 720 2559 et
758 2522 920 2571 precitis
960 2522 1009 2558 ad
1048 2520 1384 2568 dampnacionem
1429 2528 1679 2568 perpetuam.

426 2585 474 2618 Et
507 2581 608 2618 sicut
639 2590 766 2617 textus
788 2579 971 2628 Apostoli
1005 2578 1099 2615 dicit
1123 2580 1229 2627 quod
1261 2586 1373 2615 vetus
1394 2586 1678 2614 testamentum

369 2641 566 2689 signatum
600 2651 670 2687 per
702 2640 807 2686 Agar
841 2640 977 2674 datum
1016 2636 1056 2673 in
1095 2645 1232 2673 monte
1265 2636 1360 2673 Sina
1398 2648 1489 2672 cum
1527 2644 1738 2680 terrore4o

441 2773 474 2792 11.
502 2765 686 2799 loquuntur:
714 2766 885 2796 sequuntur
910 2760 1003 2787 verba
1029 2759 1089 2787 “de
1115 2759 1196 2787 ilem
1223 2759 1269 2787 Cf.
1292 2760 1459 2787 Sermones
1478 2758 1501 2791 I,
1529 2765 1596 2792 pag.
1619 2765 1680 2791 170.

371 2800 408 2827 15.
429 2800 461 2826 ln
473 2807 596 2860 drnlacilff1
618 2797 698 2824 Nota
718 2795 1011 2824 consideracionem.
1102 2793 1144 2822 33.
1167 2794 1261 2822 Cod.:
1284 2803 1342 2828 que
1362 2793 1506 2820 abhorret
1524 2800 1633 2826 aspera
1653 2796 1681 2818 et

371 2839 452 2861 amat
496 2843 512 2860 u
558 2843 583 2858 ⁴.

445 2904 494 2926 11.
524 2894 612 2925 Urso
638 2879 867 2924 scholasticus
895 2891 1026 2923 saeculi
1054 2890 1143 2922 Xlll.
1172 2889 1224 2922 Cf.
1244 2889 1462 2931 Trialogum,
1488 2897 1564 2930 pag.
1591 2886 1646 2929 87.
