1944 3323
201 245 282 291 434

200 545 265 571 Tne
285 550 348 571 two
369 552 472 570 senses

260 580 293 606 of
313 580 410 615 glos).

223 892 320 919 Sex-en
344 899 449 918 senses

227 928 261 954 01*
278 926 447 954 *sc-cultius.

208 1239 310 1266 Doubt
332 1240 468 1266 whether

236 1275 285 1300 llic
307 1274 431 1301 Church

200 1316 302 1342 grows
325 1309 422 1336 liolier
443 1318 476 1336 as

207 1343 228 1370 it
249 1352 351 1377 grows
373 1345 468 1371 older.

231 1877 252 1902 Ιῐ
276 1876 349 1903 does
370 1884 402 1902 as
424 1885 438 1902 :1

237 1913 352 1943 xxliole;
374 1911 392 1937 i.
415 1922 438 1937 e.

225 1947 382 1980 including,Y
402 1947 451 1973 ilie

277 1981 398 2008 Churcli

237 2016 439 2051 triumphant.

227 2051 370 2076 dormant
389 2052 447 2076 :iud

268 2085 410 2111 militant.

785 257 1009 288 JOHANNIS
1029 257 1209 289 WYCIAF
1231 257 1486 290 SERMONUM
1590 245 1740 302 [SERMO
1761 254 1794 282 L.

487 363 566 412 Ipsi
604 375 696 410 ergo
736 364 783 398 sit
823 363 953 413 gloria
992 364 1027 399 in
1072 364 1228 400 ecclesia
1275 372 1307 400 et
1352 364 1387 399 in
1426 365 1595 407 Christo,
1640 373 1675 400 et
1720 366 1794 400 hoc

488 422 704 456 secundum
747 434 973 457 mensuram
1009 435 1085 469 que
1125 422 1317 470 competit
1358 422 1440 458 istis
1472 422 1610 463 tribus,
1644 422 1795 458 scilicet

489 478 666 521 ecclesie,
703 479 862 514 Christo
896 487 932 515 et
967 479 1180 516 divinitati.
1215 482 1307 516 Ideo
1341 480 1455 516 dicit:
1492 481 1532 515 In
1566 493 1695 516 omnes
1725 493 1793 529 ge-

489 537 710 572 neraciones
747 537 868 572 seculi
902 538 1131 573 seculorum.
1179 538 1314 574 Gloria
1355 537 1459 574 enim
1500 551 1604 574 nunc
1650 537 1795 574 dicitur

489 603 600 630 actus
639 594 901 642 glorificantis
941 604 978 630 et
1016 608 1121 631 nunc
1166 595 1393 643 proprietas
1438 596 1617 643 gloriati3
1662 595 1828 643 primo5

489 653 610 687 modo
643 652 820 688 variatur
852 654 1069 689 secundum
1106 662 1228 689 etates
1262 653 1409 689 Christi
1444 663 1480 689 et
1514 666 1582 689 sue
1615 653 1793 697 ecclesie,

489 711 555 745 sed
589 711 766 746 secundo
801 711 921 746 modo
954 710 1081 757 gloria
1115 710 1333 747 divinitatis
1356 711 1540 748 similiter
1564 720 1620 747 est
1644 720 1793 747 eterna.

489 768 604 803 Unde
636 768 813 804 seculum
849 767 995 804 dicitur
1027 780 1111 804 esse
1150 768 1388 816 equivocum
1427 770 1476 805 ad
1517 770 1588 805 hec
1627 777 1792 816 septem,

489 824 621 872 primo
655 827 705 861 ad
738 825 946 873 periodum
983 826 1038 862 rei
1079 825 1289 862 cuiuslibet
1331 826 1578 874 temporalis,
1619 827 1794 862 secundo

488 891 646 931 tempus
680 883 787 919 mille
820 896 1031 929 annorum,
1066 883 1189 919 tercio
1223 885 1273 920 ad
1302 893 1430 920 totum
1456 885 1531 920 hoc
1554 893 1712 932 tempus
1734 883 1794 920 vie
1814 897 1852 918 10

490 941 668 986 ecclesie,
703 950 847 989 quarto
881 942 930 977 ad
964 950 1146 977 octavam
1181 950 1327 978 etatem
1360 941 1438 978 vite
1470 951 1605 978 eterne
1643 942 1793 985 future:

489 999 628 1047 quinto
669 1000 719 1035 ad
760 998 983 1047 quamlibet
1020 1008 1173 1047 septem
1214 1008 1365 1036 etatum
1406 1000 1558 1046 mundi,
1598 1008 1705 1036 sexto
1746 1000 1795 1035 ad

489 1057 741 1093 eternitatem
766 1056 837 1093 Dei
871 1065 907 1093 et
939 1057 1112 1104 septimo
1146 1058 1194 1093 ad
1229 1057 1414 1094 evitatem
1449 1057 1660 1094 cuiuslibet
1694 1069 1795 1093 sem-

489 1115 648 1163 piterni.
682 1116 730 1150 Et
763 1114 854 1151 ideo
888 1116 1029 1151 crebro
1063 1115 1208 1151 dicitur
1241 1115 1279 1150 in
1303 1114 1559 1152 oracionibus
1583 1116 1689 1164 quod
1714 1115 1796 1150 Deo

489 1173 537 1209 sit
567 1173 699 1222 gloria
727 1185 801 1221 per
833 1173 958 1208 omnia
991 1174 1119 1208 secula
1151 1173 1380 1209 seculorum.
1816 1175 1852 1207 15

549 1230 666 1266 Circa
705 1231 806 1266 hanc
852 1230 1065 1278 epistolam
1112 1230 1318 1266 dubitatur
1362 1239 1495 1266 utrum
1542 1230 1710 1267 ecclesia
1754 1239 1796 1265 ut

492 1287 695 1336 antiquior
728 1288 776 1324 sit
809 1287 992 1324 sanccior
1025 1297 1143 1336 atque
1176 1288 1407 1336 perfeccior‚
1442 1298 1479 1324 et
1511 1288 1666 1324 videtur
1689 1289 1796 1336 quod

494 1346 562 1385 sic,
603 1346 696 1394 quia
735 1354 869 1382 manet
907 1348 1046 1382 eadem
1088 1346 1275 1382 continue
1315 1359 1391 1394 que
1430 1348 1478 1382 ab
1524 1345 1795 1394 experimento

494 1414 530 1440 et
576 1404 723 1440 influxa
765 1403 914 1440 noticia
963 1403 1151 1440 continue
1199 1404 1369 1452 acquirit
1416 1402 1650 1443 scienciam:
1703 1416 1796 1451 ergo

493 1462 637 1498 veritas
678 1461 787 1497 dubii
828 1462 1089 1498 confirmatur
1122 1474 1192 1510 per
1224 1463 1356 1498 locum
1389 1475 1410 1498 a
1443 1461 1655 1498 sufficienti
1688 1461 1796 1497 simi-
1813 1476 1852 1497 20

493 1519 673 1565 litudine,
715 1519 807 1568 quia
853 1519 1036 1556 diabolus
1074 1521 1123 1555 ab
1163 1520 1432 1567 experimento
1477 1529 1513 1556 et
1557 1519 1797 1567 longevitate

493 1578 680 1614 continue
713 1577 888 1626 adquirit
920 1577 1148 1614 scienciam.
1183 1579 1281 1614 Cum
1317 1590 1409 1625 ergo
1444 1579 1547 1614 Deus
1579 1577 1797 1625 graciosius

492 1636 653 1683 respicit
686 1648 798 1671 suam
835 1635 1042 1672 ecclesiam
1069 1649 1187 1683 quam
1223 1635 1352 1683 ipsum
1388 1635 1608 1681 diabolum,
1642 1636 1806 1672 videtur*>

491 1695 597 1741 quod
644 1694 708 1729 ille
752 1706 774 1729 a
814 1706 892 1740 quo
938 1693 1141 1729 derivatur
1184 1694 1314 1729 omnis
1359 1693 1530 1730 sciencia
1575 1693 1713 1741 pocius
1759 1692 1797 1728 in

490 1764 602 1787 suam
650 1750 858 1788 ecclesiam
906 1751 1036 1787 influit
1077 1751 1346 1787 maioritatem
1388 1751 1559 1787 sciencie
1598 1764 1717 1799 quam
1759 1751 1852 1786 iu25

489 1809 619 1857 ipsum
655 1809 875 1845 diabolum.

548 1870 587 1903 ln
621 1867 696 1903 isto
731 1866 852 1902 dubio
886 1875 1044 1914 oportet
1073 1867 1423 1914 equivocacionem
1460 1866 1722 1903 terminorum
1759 1866 1795 1901 in

490 1925 629 1972 primis
663 1924 924 1972 distinguere:
959 1925 1125 1961 ecclesia
1159 1925 1261 1960 enim
1286 1938 1392 1961 nunc
1417 1924 1611 1972 accipitur
1635 1937 1796 1971 genera—

490 1982 578 2018 liter
602 1992 637 2019 et
661 1995 764 2018 nunc
788 1982 1102 2030 particulariter:
1127 1982 1364 2028 generaliter
1387 1995 1459 2030 pro
1483 1982 1635 2018 unitate
1659 1983 1796 2029 prede-

489 2039 726 2076 stinatorum
763 2040 799 2075 in
835 2040 913 2076 suis
947 2040 1194 2088 temporibus
1228 2040 1498 2085 existendum,
1532 2049 1568 2076 et
1600 2040 1655 2076 sic
1680 2041 1796 2075 habet
1814 2041 1855 2073 30

490 2098 658 2134 ecclesia
693 2107 770 2134 tres
804 2097 1040 2145 particulas:
1075 2097 1282 2134 ecclesiam
1309 2098 1637 2145 triumphantem,
1673 2098 1796 2133 eccle-

490 2155 586 2191 siam
613 2155 878 2191 dormientem
903 2164 939 2191 et
963 2156 1169 2192 ecclesiam
1206 2155 1458 2192 militantem.
1492 2158 1639 2191 Omnes
1663 2164 1794 2191 autem

491 2213 561 2248 iste
594 2222 672 2249 tres
703 2222 835 2260 partes
859 2222 948 2260 post
973 2213 1075 2249 diem
1103 2213 1237 2249 iudicii
1263 2214 1582 2261 triumphabunt.
1619 2212 1794 2248 Ecclesia

490 2284 581 2306 vero
628 2270 802 2307 militans
847 2284 950 2307 nunc
995 2271 1191 2319 accipitur
1235 2270 1490 2317 singulariter
1535 2284 1606 2318 pro
1646 2270 1796 2306 unitate

489 2328 702 2373 viancium,
737 2338 773 2364 et
807 2328 861 2364 sic
894 2341 999 2364 nunc
1023 2338 1078 2365 est
1104 2342 1181 2365 una
1206 2329 1371 2365 ecclesia
1397 2329 1569 2364 militans
1591 2341 1695 2364 nunc
1720 2328 1795 2364 alia
1816 2330 1853 2361 ⁶³5

492 2399 602 2422 more
642 2386 749 2422 fluvii
795 2386 867 2422 sibi
916 2386 1080 2423 invicem
1128 2387 1391 2432 succedentis,
1438 2399 1526 2423 cum
1572 2388 1620 2422 ad
1667 2386 1795 2421 cuius-

490 2457 647 2492 cunque
700 2444 958 2492 predestinati
1009 2444 1256 2481 nativitatem
1306 2445 1365 2481 vel
1413 2453 1581 2480 mortem
1630 2443 1795 2480 ecclesia

492 2502 666 2538 militans
701 2502 931 2541 innovatur:
966 2515 1069 2538 nunc
1094 2515 1185 2538 vero
1209 2502 1406 2550 accipitur
1429 2502 1595 2538 ecclesia
1620 2501 1795 2537 militans

491 2560 606 2607 longe
651 2560 906 2596 constancius
954 2569 990 2596 et
1038 2560 1343 2608 permanencius
1388 2573 1460 2607 pro
1505 2559 1656 2596 unitate
1708 2571 1794 2606 pre-

558 2691 587 2715 4.
609 2682 640 2708 In
664 2690 776 2715 marga
808 2682 913 2708 Gloria
934 2681 1083 2716 accipitur
1104 2682 1275 2716 dupliciter.
1407 2683 1433 2708 S.
1456 2682 1486 2707 Iu
1511 2689 1622 2715 marg:
1650 2681 1792 2708 Set-ulum

490 2717 690 2751 equivocatur
711 2718 746 2742 ad
771 2721 897 2751 ‹cpit-m.
989 2716 1028 2743 iti.
1051 2717 1082 2743 In
1106 2725 1218 2749 murgi:
1249 2716 1393 2743 Dubium.
1480 2724 1522 2750 27.
1545 2717 1576 2742 Iu
1599 2723 1712 2748 maren:
1741 2714 1793 2740 Re-

491 2751 629 2785 sponsio.
710 2759 755 2785 25‘-
778 2752 808 2777 ln
832 2760 944 2785 marg:
973 2752 1063 2777 Nom.
1146 2750 1189 2783 31.
1214 2752 1308 2777 (2021ss
1336 2751 1461 2777 ccclesia
1484 2759 1562 2776 uuut·
1584 2751 1728 2776 militaus.
1760 2750 1791 2775 ln

491 2794 604 2818 marg:
635 2786 768 2812 Ecclesia
791 2786 939 2819 accipitur
961 2786 1181 2819 multipliciter.
1255 2785 1296 2812 35.
1319 2786 1348 2811 lu
1372 2793 1484 2819 marg:
1514 2784 1603 2811 Nota.

562 2869 613 2899 31.
642 2869 692 2900 Cf.
716 2869 853 2910 Wyclif,
883 2870 930 2899 De
960 2869 1121 2907 Ecclesia,
1151 2879 1223 2910 pag.
1252 2881 1273 2909 4
1302 2876 1333 2898 et
1359 2879 1459 2911 seqq.
