1944 3323
206 255 340 284 ,sl-:mio
363 243 432 301 xr]
696 257 866 290 TERTIA
896 257 1023 288 PARS.

207 367 377 404 exterior
420 366 599 414 pascitur
645 365 743 402 escis
788 364 1032 409 carnalibus,
1081 364 1136 400 sic
1183 365 1304 400 homo
1355 363 1521 399 interior

206 425 383 474 pascitur
415 424 515 461 escis
548 423 843 472 spiritualibus:
879 423 968 459 ideo
1004 435 1148 470 magna
1178 421 1398 470 prudencia
1423 422 1522 457 foret

205 483 260 520 sic
294 483 331 520 in
363 482 461 519 escis
491 482 768 531 spiritualibus
797 481 1071 529 temperancia
1096 479 1311 516 moderari.
1347 479 1521 525 Quidam

206 541 309 578 enim
346 540 570 589 periculose
600 539 754 577 saciant
784 539 1031 576 intellectum
1064 551 1188 588 usque
1212 539 1261 575 ad
1287 537 1520 574 ebrietatem

173 599 288 641 §eius
321 599 586 647 spiritualem,
621 597 845 635 cuiusmodi
880 607 970 634 sunt
1003 610 1103 646 quos
1137 596 1306 644 Sapiens
1341 595 1522 632 meminit

205 658 362 693 nimium
398 657 474 693 mel
503 664 668 707 gustare
701 658 802 693 Prov
827 685 834 692 .
862 685 868 692 .

263 718 310 752 Et
345 728 388 752 ex
420 715 496 751 isto
530 724 638 763 patet
671 715 779 763 quod
809 713 1050 751 christianus
1073 726 1154 750 non
1178 711 1298 748 nimis
1323 711 1522 748 insisteret

206 774 311 810 circa
358 773 587 822 questiones
634 772 939 810 mathematicas
985 771 1024 808 in
1068 771 1241 808 sciencia
1295 769 1521 806 doctrinali.

206 835 355 868 Omnes
388 831 492 868 enim
526 832 749 876 taleslsunt
781 832 853 867 sub
887 829 1094 867 elementis
1118 829 1234 865 huius
1259 827 1398 864 mundi
1422 836 1523 864 tam-

153 910 189 932 10
206 903 326 939 quam
362 899 539 927 errantes
573 889 613 925 in
637 890 722 938 lege
744 889 866 926 veteri
891 888 1118 925 servientes.
1154 888 1371 933 Quomodo
1395 890 1524 933 (rogo)

206 957 336 996 potest
376 949 508 985 valere
547 947 697 984 directe
736 948 786 984 ad
826 947 998 984 salutem
1039 945 1172 982 anime
1212 944 1303 981 talis
1347 943 1523 981 noticia?

206 1006 410 1055 Numquid
434 1006 633 1043 credimus
651 1005 831 1042 Christus
850 1014 887 1042 et
905 1004 1077 1053 apostoli
1094 1003 1161 1053 qui
1181 1012 1293 1040 erant
1312 1002 1521 1039 hominum

205 1064 492 1113 sapientissimi
526 1064 596 1102 tali
636 1063 818 1101 doctrine
857 1064 918 1100 vel
955 1062 1089 1099 studio
1129 1061 1389 1098 insistebant?
1430 1061 1522 1096 Ideo

206 1123 368 1159 indubie
414 1123 510 1160 talia
555 1124 771 1171 superbam
817 1121 1094 1158 curiositatem
1141 1120 1322 1157 indicant
1369 1128 1405 1155 et
1454 1131 1524 1167 per

152 1190 455 1229 15c0nseque11s
495 1181 772 1218 tardacionem
819 1180 859 1216 in
903 1179 1083 1216 moribus
1129 1180 1179 1215 ad
1224 1178 1358 1215 anime
1403 1176 1523 1213 detri-

207 1249 405 1284 mentum3
451 1239 656 1288 sapiamus
703 1251 796 1287 ergo
835 1238 1076 1286 scripturam
1117 1249 1273 1274 sacram
1319 1244 1356 1272 et
1400 1234 1524 1271 nichil

205 1307 312 1334 extra
360 1297 483 1344 illam,
538 1311 627 1334 cum
677 1297 716 1334 in
761 1298 836 1334 hoc
881 1296 1063 1334 consistit
1107 1295 1304 1332 sobrietas
1349 1293 1524 1329 hominis

206 1356 438 1404 spiritualis.
464 1358 553 1402 Quo
577 1365 709 1393 autem
736 1355 879 1401 finalis,
905 1356 954 1392 ad
970 1367 1091 1404 quam
1116 1353 1308 1390 noticiam
1333 1353 1524 1389 debemus

206 1415 391 1451 laborare
437 1415 657 1451 secundum
704 1426 933 1450 mensuram
981 1426 1059 1462 qua
1105 1415 1210 1448 Deus
1256 1410 1364 1447 dedit
1408 1409 1524 1446 nobis

151 1490 192 1512 20
208 1472 298 1509 fidei
343 1473 664 1512 fundamentum,
710 1472 799 1509 ideo
846 1471 942 1508 dicit
986 1472 1203 1520 Apostolus
1248 1477 1283 1506 et
1327 1469 1526 1517 unicuique

205 1531 301 1567 sscut
334 1533 441 1568 Deus
474 1532 602 1567 divisit
642 1544 862 1567 mensurum
891 1531 1004 1580 fidei,
1043 1539 1085 1566 ut
1124 1528 1225 1565 sicut
1259 1527 1374 1564 aliter
1408 1528 1523 1563 debet

207 1601 463 1638 compescere
503 1589 663 1626 carnem
703 1602 816 1626 suam
851 1588 1088 1636 coniugatus
1128 1587 1242 1624 aliter
1283 1585 1450 1622 clericus
1487 1594 1523 1620 et

206 1647 261 1684 sic
301 1650 348 1684 de
387 1648 528 1684 iuvene
568 1657 604 1684 et
642 1660 734 1684 sene
773 1648 983 1684 laborante
1029 1656 1065 1683 et
1111 1654 1264 1683 orante,
1309 1644 1364 1680 sic
1410 1643 1524 1680 aliter

207 1707 353 1743 debent
376 1707 536 1742 studere
560 1705 763 1754 sapiencie
787 1705 853 1754 qui
878 1706 1025 1742 habent
1058 1703 1251 1740 noticiam
1286 1701 1523 1750 predicandi

149 1770 242 1802 25et
277 1764 475 1801 hereticos
508 1763 756 1803 confutandi,
793 1773 829 1800 et
864 1763 980 1800 aliter
1014 1761 1216 1811 simplices
1251 1760 1318 1809 qui
1351 1769 1442 1796 sunt
1477 1760 1524 1795 de

206 1822 445 1859 rudimentis
480 1822 572 1858 fidei
607 1832 643 1859 et
675 1822 864 1858 virtuosis
889 1821 1078 1870 operibus
1102 1819 1338 1857 contentati.
1374 1820 1524 1854 Omnes

205 1880 310 1917 enim
345 1882 537 1917 debemus
569 1882 619 1917 ad
660 1882 855 1917 honorem
880 1880 965 1925 Dei,
1006 1881 1055 1916 ad
1094 1879 1318 1927 profectum
1360 1875 1525 1912 ecclesie

206 1948 242 1976 et
274 1940 324 1976 ad
358 1940 527 1976 salutem
561 1948 696 1975 nostre
729 1938 861 1976 anime
894 1939 1078 1975 laborare
1112 1946 1149 1974 et
1181 1934 1376 1985 quidquid
1406 1934 1523 1970 istam

205 1997 426 2034 trinitatem
480 1997 690 2034 excesserit
743 2007 801 2034 est
854 1997 1102 2046 superfluum
1157 2004 1193 2031 et
1237 1994 1367 2030 inane.
1422 1995 1522 2029 Nam

149 2060 189 2093 30
205 2056 425 2092 reformato
459 2055 622 2092 homine
656 2057 778 2092 modo
803 2068 882 2104 quo
917 2055 1063 2091 dicitur
1095 2053 1203 2090 varie
1236 2062 1319 2089 tam
1353 2063 1524 2100 persone

206 2127 325 2162 quam
373 2115 512 2151 eadem
559 2126 730 2162 persona
777 2113 927 2162 dispari
972 2122 1154 2161 tempore
1194 2110 1267 2148 erit
1308 2111 1441 2155 ducta,
1482 2118 1524 2144 ut

203 2184 309 2208 nunc
343 2172 526 2209 faciendo
560 2185 683 2208 unum
718 2176 774 2218 (ut
799 2171 970 2221 expedit)
1004 2180 1040 2208 et
1073 2183 1179 2207 nunc
1213 2169 1340 2209 aliud;
1376 2169 1422 2204 de
1446 2180 1524 2216 qua

204 2230 433 2267 variacione
485 2230 630 2266 dicitur
676 2233 706 2266 1²¹
745 2231 837 2267 Cor.
877 2232 981 2270 X110,
1018 2230 1061 2265 8:
1106 2229 1185 2264 Alii
1222 2240 1297 2278 per
1336 2226 1522 2275 Spiritum

205 2290 324 2324 datm·
357 2301 485 2325 sermo
517 2289 707 2338 sapiencie
740 2298 814 2325 etc.
850 2290 963 2324 Unde
992 2287 1171 2336 sequitur
1194 2285 1234 2322 in
1257 2295 1384 2322 textu:
1419 2285 1524 2320 Sicut

148 2351 188 2383 35
204 2347 300 2383 enim
326 2348 361 2382 in
386 2360 458 2382 uno
481 2359 646 2396 corpore
669 2348 788 2383 multa
814 2348 985 2383 membra
1017 2347 1214 2389 habemus,
1247 2344 1373 2380 munia
1397 2350 1523 2378 autem

205 2406 377 2442 membra
405 2418 476 2441 non
501 2406 659 2441 eundem
684 2413 810 2441 actum
836 2406 987 2448 habent,
1020 2405 1071 2440 ita
1103 2404 1215 2439 multi
1237 2415 1352 2438 unum
1384 2413 1525 2450 corpus

204 2476 337 2499 szmuts
377 2464 412 2499 in
451 2463 621 2507 (Ilm-isto,
666 2464 814 2514 singuli
851 2471 977 2500 autem
1017 2463 1118 2498 alter
1157 2461 1319 2498 alterius
1352 2460 1524 2496 membra

204 2521 242 2557 in
276 2521 436 2558 Christo
469 2523 560 2557 Jesu
594 2521 759 2558 domino
793 2531 945 2558 nostro.

225 2750 228 2754 .
273 2723 297 2744 2.
320 2714 344 2743 3.
367 2715 462 2754 flod:
485 2714 563 2742 toret
584 2714 606 2741 si
630 2714 698 2742 sibi.
735 2749 739 2753 Δ
775 2716 813 2742 18.
836 2722 896 2753 Quo
918 2720 1018 2742 autem
1041 2714 1155 2743 linaiis:
1179 2714 1226 2741 bic
1248 2715 1348 2749 aliqua
1371 2712 1521 2740 excidisse

203 2751 354 2778 xideutur.
395 2749 434 2777 1³2.
451 2749 544 2777 (jod.:
569 2749 672 2776 omnia
694 2758 785 2777 emm.
825 2750 1088 2778 3‹›.11e111511c‹)d.
1129 2749 1171 2784 Ξῖ.
1188 2750 1282 2777 (ῥισῲι
1305 2757 1412 2776 sumus
1429 2749 1522 2775 det-st.

272 2868 303 2900 ὁ.
331 2869 434 2900 Prov.
464 2869 569 2907 XXV,
595 2868 642 2900 ¹¹⁴1.
721 2879 773 2900 20.
803 2870 902 2900 Rom.
923 2870 991 2905 xil,
1013 2869 1041 2901 ἴτ’,
1118 2870 1170 2910 ⁴34.
1202 2870 1304 2900 Rom.
1327 2868 1400 2907 ΧΗ,
1419 2867 1521 2907 4—5.

1341 2938 1360 2970 ὁ
1370 2940 1391 2957 ῑμ

1761 247 1808 285 83

1558 716 1614 743 We
1636 722 1717 744 must
1739 722 1790 744 not

1570 752 1603 778 be
1625 757 1675 778 ῐυι)
1696 760 1785 786 eagcr

1567 787 1614 813 101⁴
1637 787 1785 822 learning*

1587 1530 1680 1557 Some
1701 1538 1769 1557 men

1539 1565 1613 1592 need
1637 1574 1721 1592 more
1742 1566 1813 1592 thau

1619 1601 1734 1627 others,
