1944 3323
153 247 232 291 408

157 1349 261 1376 Tliose
282 1358 332 1376 are
355 1350 429 1376 born

174 1384 209 1410 of
227 1384 318 1411 blood
341 1384 411 1410 who

176 1423 218 1445 set
239 1419 287 1445 tlte
309 1418 364 1445 ties
384 1419 418 1445 os

171 1453 297 1480 kindred
320 1454 416 1480 above

159 1487 257 1515 God's
272 1488 430 1523 adoption.

159 2099 264 2126 Those
285 2107 335 2126 are
357 2099 432 2126 born

177 2134 211 2160 of
228 2134 276 2160 the
299 2134 357 2160 will
380 2134 414 2160 of

176 2168 226 2195 the
248 2168 321 2195 fles-li
342 2168 412 2195 who

177 2211 245 2230 care
267 2207 348 2230 most
369 2203 416 2230 for

205 2238 254 2264 tlie
274 2237 384 2264 world.

735 252 956 283 JOHANNIS
974 251 1155 283 WYCLIF'
1173 251 1426 282 SERMONUM
1458 237 1609 294 [SERMO
1625 247 1745 275 XLVII-

439 361 688 410 sanguinibus·
721 370 836 406 neque
868 369 918 393 ex
952 358 1143 393 voluntale
1175 358 1302 393 carnis
1335 368 1450 405 neque
1482 368 1532 392 ex
1555 357 1747 393 voluntate

442 418 517 453 viri
546 418 613 453 sed
645 429 695 452 ex
728 417 810 451 Deo
844 415 923 450 nati
953 422 1049 450 sunt.
1085 415 1159 451 Ubi
1195 424 1303 462 patet
1337 415 1443 462 quod
1476 415 1640 450 verbum
1676 414 1745 450 Dei

440 476 519 511 sine
550 488 621 523 quo
649 475 804 523 factum
845 480 900 509 est
938 473 1054 508 nichil
1091 472 1199 508 dedit
1239 472 1467 508 hominibus
1506 480 1745 519 potestatem

442 542 482 569 ut
523 533 662 569 fierent
703 531 772 567 filii
812 530 882 567 Dei
921 529 1112 578 adoptivi,
1158 531 1225 566 sed
1271 538 1429 578 oportet
1470 531 1578 577 quod
1617 529 1748 577 primo

442 590 636 638 recipiant
676 589 806 637 ipsum
845 600 915 637 per
954 588 1087 633 fidem,
1128 587 1304 635 graciam
1339 597 1375 624 et
1408 600 1601 623 amorem.
1648 589 1783 625 Cum5

442 657 575 685 autem
617 649 722 683 Deus
765 659 845 683 non
889 645 981 682 fecit
1025 645 1099 681 sibi
1145 645 1246 682 filios
1290 645 1448 690 invitos,
1495 653 1604 693 patet
1644 646 1751 693 quod

442 714 603 754 oportet
643 705 751 753 ipsos
791 704 956 752 diligere
989 712 1144 751 patrem
1179 716 1293 739 suurn
1329 712 1366 740 et
1398 716 1468 751 per
1502 715 1751 751 consequens

443 772 602 812 oportet
635 762 742 811 ipsos
776 763 937 798 credere
970 760 1009 797 in
1032 761 1194 797 nomine
1218 761 1342 809 patris
1365 761 1437 797 sui.
1472 762 1549 797 Sed
1573 761 1752 809 sequitur

442 821 653 869 triplicitas
686 820 885 857 diabolica
918 832 1037 867 quam
1071 828 1231 867 oportet
1255 819 1325 855 Dei
1360 818 1461 855 filios
1494 818 1681 855 detestari
1715 827 1752 855 et

443 879 575 916 unitas
608 891 729 927 quam
769 886 928 926 oportet
969 889 1035 913 eos
1074 876 1298 913 necessario
1338 876 1570 924 amplexari.
1617 875 1810 914 Primo10

443 945 603 985 oportet
636 937 744 985 quod
777 949 848 972 non
872 942 1080 971 nascantur
1101 947 1152 971 ex·
1172 935 1434 985 sanguinibus,
1466 935 1631 970 secundo
1654 934 1754 982 quod

444 1008 515 1031 non
554 1002 763 1030 nascantur
801 1006 851 1030 ex
885 994 1079 1029 voluntate
1116 993 1245 1028 carnis
1290 1002 1326 1029 et
1371 991 1495 1029 tercio
1534 993 1641 1040 quod
1681 1004 1752 1027 non

444 1060 652 1089 nascantur
683 1064 734 1089 ex
766 1052 960 1088 voluntate
992 1051 1076 1086 viri.
1113 1052 1188 1086 Pro
1219 1063 1390 1099 quorum
1424 1050 1628 1086 intellectu
1663 1062 1753 1097 sup-

445 1124 550 1159 pono
584 1111 691 1158 quod
730 1122 780 1146 ex
818 1109 1016 1157 significat
1056 1108 1407 1145 circumstanciam
1449 1120 1567 1144 cause
1608 1106 1754 1155 princi-

444 1168 588 1217 paliter
627 1167 863 1216 originantis
902 1167 1073 1203 formam
1120 1166 1350 1202 nativitatis.
1398 1168 1484 1202 Hoc
1524 1174 1656 1202 autem
1697 1170 1810 1202 est15

444 1227 644 1263 famosum
678 1235 759 1262 tam
793 1226 899 1273 apud
934 1225 1198 1273 philosophos
1222 1237 1341 1273 quam
1367 1223 1494 1260 eciam
1527 1224 1633 1271 apud
1663 1235 1755 1260 auc-

445 1295 550 1320 tores
583 1283 792 1331 scripture.

504 1345 582 1378 Isto
622 1341 817 1390 premisso
855 1340 1011 1376 videtur
1052 1339 1172 1376 michi
1213 1341 1319 1388 quod
1361 1339 1415 1374 illi
1456 1348 1673 1376 nascuntur
1706 1351 1756 1375 ex

444 1400 694 1450 sanguinibus
726 1398 792 1447 qui
825 1399 1124 1446 preponderant
1156 1397 1405 1433 nativitatem
1441 1410 1552 1434 suam
1588 1398 1755 1433 munda-

446 1471 536 1494 nam
583 1470 704 1505 quam
758 1457 905 1493 habent
959 1469 1001 1492 ex
1049 1455 1294 1503 cognacione
1339 1468 1460 1503 supra
1505 1454 1753 1492 nativitatem
1772 1471 1814 1492 20

447 1515 695 1564 spiritualem
730 1527 850 1563 quam
892 1515 1040 1550 habent
1079 1525 1122 1549 ex
1155 1515 1251 1549 Deo.
1298 1514 1345 1549 Et
1385 1512 1424 1548 in
1463 1512 1538 1549 isto
1578 1512 1755 1560 capitulo

447 1582 537 1610 sunt
582 1572 696 1609 multi
735 1571 873 1620 populi
914 1571 980 1620 qui
1020 1580 1111 1607 sunt
1150 1572 1199 1607 ad
1239 1580 1393 1607 tantum
1433 1570 1679 1619 cognacione
1720 1579 1755 1606 et

447 1631 637 1679 sanguine
662 1629 828 1667 federati
852 1631 960 1678 quod
983 1642 1056 1677 pro
1080 1628 1259 1677 quolibet
1292 1628 1352 1665 sui
1385 1628 1587 1677 sanguinis
1619 1629 1755 1664 volunt

450 1689 564 1729 mori,
605 1689 672 1724 sed
711 1689 873 1724 fratrem
913 1700 1027 1724 suum
1067 1688 1286 1723 secundum
1328 1689 1454 1722 Deum
1496 1685 1756 1722 effectualiter

449 1746 755 1795 parvipendunt.
807 1746 925 1782 Tales
974 1754 1106 1782 autem
1151 1753 1370 1781 nascuntur
1414 1757 1464 1780 ex
1505 1744 1756 1794 sanguinibus
1772 1748 1811 1781 25

449 1805 515 1853 qui
549 1813 639 1840 sunt
674 1803 743 1840 filii
778 1804 997 1840 multorum
1030 1802 1267 1850 sanguinum
1301 1815 1472 1850 quorum
1514 1801 1754 1838 filiacionem

449 1863 536 1911 plus
575 1861 860 1910 appreciantur
893 1874 1013 1909 quam
1054 1860 1295 1897 filiacionem
1336 1873 1414 1908 qua
1451 1868 1543 1896 sunt
1576 1859 1646 1895 Dei
1686 1858 1755 1895 filii

449 1920 640 1968 adoptivi.
687 1919 797 1956 Licet
835 1928 967 1955 autem
1002 1920 1124 1955 homo
1157 1917 1393 1954 naturaliter
1426 1917 1651 1954 afficeretur
1684 1930 1756 1953 suo

449 1977 644 2025 sanguini,
683 1990 763 2013 non
802 1985 938 2013 tamen
976 1985 1133 2013 tantum
1168 1977 1274 2024 quod
1314 1975 1518 2012 racionem
1553 1975 1635 2011 eius
1669 1975 1757 2023 plus

449 2036 588 2083 diligat
621 2048 742 2083 quam
776 2034 978 2071 racionem
1013 2033 1083 2070 filii
1116 2033 1187 2069 Dei
1220 2033 1279 2069 sui
1309 2030 1312 2086 Ι
1343 2062 1350 2069 .
1774 2015 1854 2092 ξὲἒζ

506 2094 692 2130 Secundo
726 2094 1005 2128 detestandum
1040 2091 1079 2127 in
1113 2091 1313 2128 filiacione
1343 2092 1546 2127 mundana
1570 2099 1626 2126 est
1650 2085 1791 2138 quod*

448 2152 570 2187 homo
602 2159 790 2187 nascatur
822 2161 871 2185 ex
904 2150 1096 2185 voluntate
1129 2150 1276 2192 carnis;
1314 2148 1380 2196 qui
1415 2158 1507 2185 sunt
1540 2147 1609 2184 filii
1642 2148 1757 2184 huius

448 2208 570 2244 seculi
610 2209 697 2256 plus
743 2216 908 2255 propter
954 2208 1211 2243 commodum
1252 2207 1443 2251 seculare,
1489 2215 1654 2254 propter
1691 2218 1757 2242 vo-

448 2267 643 2314 luptatem
691 2266 893 2301 carnalem
940 2266 1000 2301 vel
1048 2264 1165 2301 aliam
1217 2263 1566 2301 circumstanciam
1618 2262 1758 2299 indivi-

449 2325 639 2360 duantem
674 2335 849 2367 carnem,
893 2322 1171 2370 appreciantes
1204 2323 1324 2358 talem
1360 2321 1600 2358 filiacionem
1636 2334 1754 2369 quam
1774 2326 1812 2359 35

449 2381 689 2418 filiacionem
726 2393 804 2429 qna
833 2389 923 2416 sunt
957 2380 1028 2417 Dei
1063 2379 1132 2416 filii
1166 2379 1357 2427 adoptivi.
1407 2379 1471 2415 Sic
1504 2378 1607 2415 enim
1643 2379 1756 2414 multi

448 2451 527 2475 non
566 2439 709 2475 timent
749 2438 951 2475 offendere
991 2438 1031 2473 in
1070 2437 1269 2474 iusticiam
1315 2438 1406 2485 (que
1446 2446 1502 2473 est
1536 2436 1606 2473 Dei
1641 2436 1757 2481 filius)

448 2505 613 2544 propter
652 2497 808 2532 lucrum
849 2495 972 2532 seculi
1012 2496 1071 2532 vel
1111 2494 1456 2543 propinquitatem
1497 2494 1536 2530 in
1576 2494 1665 2530 loco
1697 2495 1757 2530 vel

449 2554 591 2602 patria,
626 2563 663 2590 et
696 2566 834 2590 omnes
868 2554 966 2590 tales
999 2562 1217 2590 nascuntur
1250 2565 1293 2589 ex
1324 2553 1529 2589 voluntate
1563 2551 1706 2588 carnis.

517 2730 537 2748 1.
560 2721 654 2748 Cod.:
682 2721 839 2748 sanouine.
968 2730 1008 2755 ¹·l·
1031 2721 1124 2748 Cod.:
1152 2730 1212 2756 qno
1233 2730 1277 2748 ex.
1400 2722 1438 2747 18.
1460 2721 1553 2748 Cod.:
1583 2724 1756 2747 nascantur.

448 2755 485 2783 31.
508 2755 604 2783 Cod.:
633 2741 784 2783 Secunde.

519 2861 549 2893 3.
576 2860 653 2892 Joh.
681 2861 704 2901 1,
733 2860 760 2892 3.
