1944 3323
117 283 188 307 100
688 275 911 308 JOHANNIS
930 276 1113 308 WYCLIF
1133 277 1389 309 SERMONUM
1450 263 1604 320 [SERMO
1626 274 1705 302 XIII·

395 382 458 419 isti
497 382 724 419 condicioni
763 390 956 430 repugnat
999 381 1161 417 mutitas
1201 391 1236 418 et
1276 383 1381 418 zelus
1424 384 1472 418 ad
1507 383 1705 431 privatum

396 442 655 477 commodum
689 440 750 476 vel
783 440 990 477 honorem.

454 501 501 535 Et
534 497 627 547 quia
660 498 844 534 oriuntur
878 498 1026 533 bellum
1061 506 1180 546 atque
1215 497 1425 534 contencio
1460 512 1502 534 ex
1536 499 1705 535 istorum

397 557 591 602 carencia,
627 556 715 591 ideo
749 564 892 603 quarto
932 555 1103 591 consulit
1136 556 1368 603 expressius,
1409 557 1558 606 sifieri
1585 566 1707 606 potest

396 616 497 663 qnod
524 627 574 650 ex
599 614 702 649 vobis
730 621 798 657 est,
827 626 910 649 cum
935 614 1107 649 omnibus
1130 614 1342 649 hominibus
1360 627 1494 663 pacem
1519 616 1706 651 habentes.
1728 619 1742 650 5

154 696 183 720 4-
207 685 334 721 bury-01·
398 672 528 709 Nichil
568 672 672 708 enim
713 671 925 719 impediret
964 671 1070 708 iuxta
1110 672 1214 708 dicta
1257 672 1376 708 talem
1421 685 1560 720 pacem
1603 685 1709 708 com—

117 722 377 791 be²¹¹'}¹¹]¹ffinl}¹'f‘²¹¹⁶
399 743 556 766 munem
592 729 665 765 nisi
701 728 949 777 inpaciencia
983 729 1145 777 proprie
1184 730 1344 775 iniurie3
1390 732 1458 766 sed
1497 730 1604 766 illam
1645 732 1709 766 de-

274 789 277 791 ’
397 790 536 824 bemus
572 788 724 824 tollere.
759 787 799 823 Si
835 796 965 823 autem
1004 787 1265 823 extrinsecum
1305 790 1527 824 membrum
1561 788 1709 824 diaboli

396 847 477 882 vult
501 855 858 893 quantumcunque
887 844 1089 892 pacientes
1114 845 1317 893 proximos
1348 845 1545 891 infestare,
1571 848 1708 882 eadem

398 913 454 940 est
513 903 725 949 medicina,
786 903 982 951 paciendo
1041 903 1226 939 inimicos
1281 903 1463 951 diligere3
1523 912 1558 940 et
1616 913 1710 941 tunc
1731 919 1768 940 10

400 964 610 1009 (quantum
653 961 691 997 in
731 960 845 996 nobis
886 968 957 998 est)
991 974 1129 1009 pacem
1166 963 1358 998 habemus
1392 974 1480 998 cum
1517 961 1708 1007 hostibus,

398 1032 486 1055 cum
518 1019 610 1055 facti
645 1028 735 1054 sunt
758 1018 874 1055 nobis
907 1018 1025 1055 amici
1059 1028 1178 1067 atque
1212 1019 1391 1056 benefici.
1426 1022 1473 1055 Et
1497 1029 1710 1068 quantum-

397 1090 554 1125 cunque
593 1076 744 1113 viantes
785 1076 1016 1122 distiterint‚
1052 1090 1095 1113 ex
1127 1077 1163 1113 vi
1203 1077 1500 1113 communionis
1534 1078 1710 1114 fidelium

396 1135 510 1171 nobis
550 1144 736 1183 prosunt,
778 1136 885 1183 quod
925 1134 955 1170 si
990 1135 1230 1171 rebellamus
1274 1144 1309 1172 et
1343 1135 1545 1171 irritamus
1580 1137 1712 1172 hostes

397 1195 445 1230 ad
485 1206 701 1240 pungnam,
742 1192 781 1228 in
818 1192 934 1228 nobis
973 1202 1030 1229 est
1064 1205 1183 1229 causa
1224 1206 1347 1241 quare
1380 1206 1453 1241 pax
1487 1193 1588 1230 inter
1622 1207 1711 1242 pro-
1733 1198 1768 1230 15

398 1251 525 1287 ximos
560 1264 638 1286 non
670 1259 862 1287 servatur.

168 1324 267 1352 §.aua
291 1324 324 1350 ot*
456 1311 502 1344 Et
548 1321 589 1345 ex
634 1308 718 1344 istis
763 1307 901 1356 quinto
948 1317 1004 1344 est
1048 1309 1227 1345 tollenda
1266 1308 1436 1345 invasio:
1486 1309 1575 1346 ideo
1618 1309 1711 1345 dicit

151 1359 340 1425 Γῇἶῖξζᾛζέῗῖἕ
397 1379 468 1402 non
509 1379 574 1402 vos
613 1367 858 1415 defendentes
896 1367 1096 1402 carissimi.
1144 1368 1243 1403 Cum
1279 1366 1382 1403 enim
1417 1366 1551 1403 anima
1583 1367 1712 1415 posita

273 1422 284 1428 ”
398 1425 435 1460 in
469 1424 693 1472 adopcione
725 1424 774 1460 sit
808 1423 931 1460 hostis
963 1423 1115 1461 invasio
1148 1426 1270 1473 (quod
1295 1426 1343 1461 ab
1368 1426 1563 1473 Apostolo
1596 1438 1712 1461 voca-

397 1492 461 1518 tur
493 1482 684 1526 defensio)
718 1491 754 1518 et
793 1482 953 1530 paciens
992 1481 1136 1518 iniurie
1175 1491 1336 1530 accepte
1377 1495 1452 1530 que
1491 1492 1546 1519 est
1590 1484 1710 1519 unde—
1729 1498 1770 1519 20

399 1553 556 1588 quaque
584 1539 762 1576 securior
791 1548 911 1588 atque
940 1539 1088 1585 utilior,
1121 1553 1201 1576 non
1225 1540 1325 1576 foret
1350 1540 1453 1576 filius
1483 1540 1712 1576 carissimus

399 1598 464 1647 qui
495 1598 620 1646 ipsam
652 1607 834 1634 renueret
865 1607 901 1634 et
931 1610 1042 1634 arma
1073 1598 1208 1646 priora
1242 1598 1442 1635 contrarie
1466 1598 1713 1634 condicionis

399 1656 611 1704 acciperet.
669 1655 734 1692 Sic
786 1655 890 1691 enim
938 1655 1118 1692 Christus
1169 1656 1235 1704 qui
1286 1669 1365 1692 uno
1410 1658 1530 1692 verbo
1581 1665 1713 1705 posset

400 1724 565 1751 cunctos
590 1715 722 1750 hostes
745 1726 837 1749 suos
861 1722 1115 1761 prosternere
1141 1716 1197 1760 (ut
1222 1723 1330 1762 patet
1345 1714 1537 1750 „Iohannis
1553 1716 1710 1762 XVlll0)

401 1772 517 1819 elegit
564 1771 767 1807 humiliter
810 1771 897 1819 ipso
943 1771 1044 1818 pati3
1091 1773 1296 1819 quomodo
1343 1785 1436 1819 ergo
1482 1772 1584 1808 filius
1631 1772 1712 1808 eius
1731 1777 1769 1808 25

401 1829 559 1866 animus
591 1842 671 1865 non
704 1829 850 1866 faceret
882 1828 1078 1865 similiter.

147 1902 343 1937 objections:
460 1888 535 1923 Sed
589 1895 728 1923 contra
778 1886 882 1922 istud
932 1887 1080 1923 instant
1130 1887 1291 1935 plurimi
1337 1889 1442 1936 quod
1496 1900 1575 1923 non
1623 1887 1713 1923 licet

132 1947 150 1966 ¹·
169 1939 247 1966 This
267 1938 367 1964 would
402 1944 620 1981 christiano
654 1953 690 1981 et
719 1944 945 1992 specialiter
979 1957 1080 1993 pape
1113 1958 1330 1993 pungnare‚
1356 1947 1462 1993 quod
1486 1954 1542 1981 est
1573 1954 1713 1982 contra

135 1974 288 2000 condemn
311 1972 359 1999 ilic

174 2009 255 2042 impe
277 2007 325 2034 ἴοι*
404 2003 520 2039 fidem
556 2002 633 2038 iam
669 2011 907 2039 currentem.

112 2043 384 2104 QRi'fiili-tssnss's'fflstd
462 2063 570 2105 Item,
618 2069 711 2096 tunc
756 2060 903 2108 periret
948 2073 1112 2108 regnum
1159 2070 1195 2097 et
1244 2060 1413 2096 militum
1460 2060 1635 2097 officium
1677 2069 1712 2096 et
1729 2066 1770 2097 30

118 2114 380 2180 ῘῖἰὶἙηῐ]ἰ“ἷηξ]ζζξῇῐῖ
402 2130 472 2165 per
506 2130 752 2166 consequens
786 2127 913 2154 totum
949 2118 1156 2155 brachium
1197 2119 1388 2164 seculare,
1423 2120 1528 2166 quod
1563 2128 1619 2154 est
1653 2131 1713 2155 ex-

403 2188 537 2223 presse
571 2185 709 2212 contra
743 2185 983 2223 scripturam
1018 2189 1188 2212 sacram.

114 2238 261 2265 &0021ss
282 2238 390 2273 gistot·
462 2236 571 2279 Item,
611 2233 711 2270 sicut
759 2235 880 2269 homo
921 2235 1038 2270 habet
1077 2235 1295 2270 secundum
1337 2233 1541 2281 potencias
1581 2233 1713 2270 anime

114 2273 373 2334 ”sffi'ffllsseffifflld
402 2291 479 2327 vim
511 2305 551 2327 se
576 2291 704 2339 ipsum
739 2291 975 2328 naturaliter
999 2291 1249 2334 defendendi,
1274 2301 1315 2327 ut
1339 2300 1446 2339 patet
1470 2293 1517 2327 de
1540 2291 1712 2333 racione,

403 2349 457 2385 sic
503 2350 620 2385 habet
660 2351 877 2385 secundum
922 2349 1127 2397 potencias
1167 2350 1347 2397 corporis
1385 2349 1462 2385 vim
1503 2362 1542 2385 se
1582 2349 1710 2397 ipsum
1731 2354 1770 2387 35

404 2406 668 2454 corporaliter
710 2407 959 2443 defendendi.
1006 2408 1082 2443 Sed
1122 2407 1323 2455 superflue
1356 2410 1459 2443 Deus
1502 2416 1538 2443 et
1571 2415 1712 2443 natura

405 2463 625 2500 tribuerent
659 2464 737 2500 vim
771 2465 889 2501 talem
926 2464 1154 2501 hominibus
1187 2464 1261 2501 nisi
1296 2474 1455 2513 possent
1494 2466 1710 2501 secundum

404 2522 523 2557 talem
564 2522 640 2558 vim
684 2522 800 2558 linem
841 2522 977 2570 exequi
1017 2523 1055 2558 in
1095 2522 1255 2567 effectuss,
1296 2536 1387 2569 ergo
1429 2523 1519 2559 licet
1562 2521 1711 2558 homini

405 2579 669 2626 corporaliter
701 2593 741 2616 se
775 2580 903 2628 ipsum
939 2580 1150 2616 defendere
1184 2589 1219 2616 et
1244 2580 1405 2616 inimico
1439 2579 1631 2616 resistere.
1667 2581 1712 2614 Et

476 2731 494 2750 1.
517 2723 610 2750 Coa:
632 2729 659 2751 et
679 2724 775 2751 twice.
901 2733 927 2751 ⁵.
950 2724 1044 2752 C‹›d.:
1068 2725 1205 2760 proprit).
1336 2728 1362 2753 ὅ.
1385 2726 1478 2753 (joaa
1500 2726 1711 2752 extrinCIcum.

407 2760 445 2785 18.
467 2758 551 2785 asinii
573 2759 601 2784 iii
624 2759 692 2785 cod.
775 2767 820 2785 20.
842 2746 936 2786 (ὠέῳ
960 2764 1094 2794 accepto.
1180 2767 1223 2786 22.
1246 2759 1387 2787 revireret
1409 2760 1437 2786 in
1458 2760 1526 2787 cod.
1610 2768 1654 2794 27,
1677 2760 1709 2786 In

406 2800 518 2828 marg:
540 2793 685 2820 Dubium.
759 2802 805 2829 2⁴),
827 2792 873 2829 30,
894 2793 936 2822 33.
960 2794 1036 2821 (jod.
1059 2794 1088 2821 in
1111 2802 1224 2829 marg:
1249 2802 1269 2826 ι,
1291 2802 1316 2825 2,
1341 2794 1363 2821 [3.

477 2899 509 2931 4.
540 2888 640 2919 Rom.
668 2888 742 2929 XII,
767 2887 815 2920 18.
917 2888 966 2921 18.
996 2888 1042 2921 ib.
1068 2898 1115 2932 19.
