1944 3323
192 262 327 292 smnio
349 251 418 309 vr]
677 264 854 296 ΊἙκτιΑ
883 264 1007 295 PARS.

189 385 288 410 sona
328 373 375 408 de
413 372 529 420 plebe
570 379 701 419 potest
740 371 835 408 dare
873 369 1064 417 graciam,
1112 370 1206 419 quia
1247 372 1396 408 donum
1438 371 1509 408 Dei

190 432 298 480 quod
330 431 379 467 ab
403 430 489 479 ipso
514 432 598 466 Deo
629 428 753 477 gratis
787 430 924 474 datur3
958 428 1218 477 intelligendo
1251 438 1383 466 autem
1421 442 1508 477 gra-

188 489 291 526 ciam
331 487 555 525 formaliter
589 496 848 536 extorquetur
881 486 959 524 alia
999 487 1177 535 signacio
1211 500 1288 536 que
1328 487 1368 524 in
1400 500 1510 524 men-

188 547 293 584 tibus
343 547 563 583 multorum
609 545 714 594 sapit
760 545 1025 592 blasfemiam,
1071 545 1224 582 scilicet
1262 547 1370 594 quod
1417 559 1510 582 con-

155 606 290 646 5ferre
328 604 506 653 graciam
546 604 595 640 sit
638 603 879 641 sacerdotali
914 603 1138 640 ministerio
1178 604 1292 640 alteri
1332 604 1508 652 graciam

189 662 425 712 promereri.
482 664 530 698 Et
580 661 635 699 sic
694 661 873 711 episcopi
924 661 1138 698 vendicant
1182 663 1291 711 quod
1341 661 1381 698 in
1431 662 1511 698 suis

188 720 451 759 sacramentis
481 721 689 757 conferant
712 720 903 768 graciam,
938 721 1007 756 sed
1029 733 1112 756 non
1144 720 1347 768 simplices
1381 733 1510 757 sacer-

189 781 320 825 dotes;
343 788 650 827 verumptamen
674 778 713 814 in
736 778 813 815 isto
837 791 909 827 ego
931 791 1013 816 non
1030 777 1145 815 video
1170 778 1267 827 quin
1283 777 1511 827 quicunque

189 840 236 874 de
261 838 375 886 plebe
399 846 534 886 posset
566 839 616 874 ad
639 850 798 874 sensum
830 836 1082 874 consimilem
1113 837 1295 873 conferre
1318 837 1509 885 graciam.

137 914 174 934 10
189 896 230 933 Si
270 895 373 933 enim
416 895 631 945 episcopus
673 895 893 944 episcopali
929 894 1152 931 ministerio
1186 904 1363 931 meretur
1396 894 1510 932 alteri

189 954 367 1003 graciam
402 963 439 991 et
477 953 534 990 sic
568 953 679 990 illam
721 953 899 1002 graciam
934 953 1008 989 sibi
1041 953 1207 998 confert,
1241 966 1322 989 non
1356 953 1512 990 videtur

189 1013 286 1062 quin
311 1025 381 1060 per
404 1012 511 1048 idem
538 1011 767 1060 quicunque
791 1012 956 1060 plebeus
980 1012 1180 1048 conferret
1210 1024 1314 1060 pape
1337 1012 1397 1048 vel
1431 1011 1511 1048 cui-

190 1083 347 1119 cunque
390 1070 582 1119 graciam,
628 1070 838 1119 supposito
883 1082 954 1118 per
998 1069 1188 1118 possibile
1243 1071 1350 1119 quod
1403 1069 1509 1106 fideli

191 1129 416 1166 ministerio
450 1128 577 1165 eciam
601 1128 774 1177 digniori
808 1137 1011 1165 mereatur
1033 1127 1212 1176 graciam
1237 1128 1306 1164 tali
1340 1128 1508 1176 prelato.

137 1193 174 1226 15
191 1187 296 1234 Quid
319 1200 417 1236 rogo
440 1188 598 1223 obesset
613 1188 722 1236 quod
745 1186 1014 1223 ministerium
1039 1185 1270 1223 meritorius
1293 1199 1375 1223 non
1399 1187 1511 1223 daret

190 1246 382 1294 graciam,
416 1245 484 1282 ubi
508 1245 776 1282 ministerium
801 1244 1064 1293 deaccepcius
1089 1245 1287 1282 conferret
1309 1244 1511 1293 graciam}

250 1307 361 1350 Item,
403 1303 434 1340 si
473 1303 687 1352 episcopus
727 1303 767 1340 in
807 1303 1123 1340 confirmacione
1170 1312 1207 1339 et
1247 1302 1388 1340 ceteris
1430 1303 1510 1339 suis

191 1362 453 1399 sacramentis
499 1375 576 1411 que
625 1361 708 1399 sine
758 1361 1000 1399 fundacione
1052 1361 1250 1410 scripture
1301 1361 1376 1398 sibi
1421 1375 1512 1409 pro-

192 1421 297 1470 priat
352 1421 506 1458 confert
556 1420 748 1469 graciam,
801 1433 925 1469 quare
975 1433 1057 1457 non
1107 1419 1275 1468 simplex
1325 1421 1512 1457 sacerdos

135 1496 175 1518 20
193 1479 260 1528 qui
311 1479 351 1516 in
398 1479 541 1515 merito
588 1478 719 1516 maior
762 1478 880 1515 fuerit
924 1480 1032 1528 apud
1076 1480 1218 1525 Deum,
1273 1478 1424 1515 scilicet
1471 1490 1513 1514 ex

194 1537 337 1574 maiori
384 1537 542 1583 merito,
588 1546 842 1574 sacramenta
888 1537 1097 1574 conferens
1143 1536 1352 1584 digniora?
1405 1536 1511 1572 Olim

193 1596 298 1632 enim
339 1608 420 1632 non
458 1595 607 1632 subfuit
645 1595 768 1641 racio,
809 1597 972 1643 quando
1013 1594 1119 1632 idem
1154 1604 1267 1632 erant
1301 1594 1513 1643 episcopus

193 1663 230 1691 et
269 1655 469 1699 sacerdos,
516 1663 732 1702 antequam
779 1653 883 1690 enim
932 1653 1148 1690 exaltatum
1189 1662 1246 1690 est
1283 1654 1344 1690 vel
1382 1653 1513 1690 verius

192 1713 492 1761 prophanatum
517 1712 795 1749 sacerdocium
819 1724 890 1760 per
906 1711 1163 1748 dotacionem
1190 1724 1406 1758 cesaream,
1427 1711 1512 1760 qui-

136 1777 176 1810 25
191 1768 289 1810 libet
322 1772 509 1807 sacerdos
533 1769 682 1808 Christi
714 1779 880 1807 vocatus
914 1779 971 1807 est
1003 1769 1277 1806 indifferenter
1301 1769 1513 1818 episcopus

191 1829 253 1866 vel
290 1830 490 1866 sacerdos.
535 1831 663 1865 Immo
694 1828 822 1866 sancti
852 1829 1052 1878 doctores,
1082 1827 1122 1864 in
1150 1828 1231 1865 vita
1261 1837 1298 1865 et
1329 1827 1512 1865 doctrina

193 1887 412 1933 mirabiles,
452 1886 548 1924 dicti
587 1895 679 1923 sunt
717 1900 738 1924 a
778 1887 926 1924 sanctis
967 1886 1237 1924 communiter
1280 1899 1363 1923 esse
1395 1899 1511 1935 pape.

194 1945 328 1982 Prima
373 1958 466 1994 pars
517 1954 628 1994 patet
665 1946 790 1982 XCVO
825 1944 916 1982 dist.
957 1957 1044 1993 cap.
1081 1945 1197 1992 Olim,
1249 1954 1286 1982 et
1337 1946 1512 1981 secunda

194 2017 286 2052 pars
325 2003 541 2041 testificata
580 2013 638 2040 est
677 2016 747 2052 per
786 2005 957 2040 eundem
989 2005 1250 2051 Jeronymum
1284 2012 1321 2040 et
1353 2012 1513 2040 sanctos

137 2068 178 2100 30
194 2062 294 2099 alios
330 2063 388 2111 (ut
422 2062 572 2099 dictum
609 2071 666 2099 est
699 2071 874 2099 tractatu
907 2064 964 2098 De
999 2063 1140 2110 Papa).

255 2123 364 2167 Item,
420 2120 587 2168 quilibet
639 2120 808 2169 simplex
860 2119 1102 2157 christianus
1155 2129 1514 2168 quantumcunque

194 2178 319 2215 laicus
352 2187 483 2227 potest
507 2178 651 2215 mereri
685 2178 798 2215 alteri
832 2188 1190 2227 quantumcunque
1223 2178 1350 2214 nobili
1380 2179 1515 2226 quoad

195 2238 389 2273 mundum
430 2250 543 2273 suam
584 2237 757 2285 primam
796 2236 989 2285 graciam,
1029 2236 1131 2273 sicut
1170 2246 1304 2285 potest
1343 2238 1513 2273 eundem

195 2295 327 2332 debite
351 2295 568 2343 baptizare.
601 2297 734 2341 Quare
757 2308 850 2343 ergo
875 2308 955 2332 non
979 2295 1179 2332 conferret
1201 2295 1311 2332 illam
1336 2295 1512 2343 graciam

140 2357 179 2390 35
196 2366 271 2402 que
305 2355 355 2390 ad
389 2353 561 2401 Spiritus
594 2353 730 2391 Sancti
769 2353 1009 2390 infusionem
1050 2362 1087 2389 et
1120 2354 1278 2390 fidelem
1314 2353 1514 2389 ministra·

197 2411 353 2448 cionem
384 2411 666 2460 consequitur?
700 2412 904 2460 Numquid
930 2411 1130 2449 credimus
1154 2411 1511 2449 confirmacionem

197 2469 410 2507 limitatam
447 2470 638 2519 episcopo
672 2483 716 2507 ex
740 2469 978 2518 colligancia
1002 2470 1145 2518 capitis
1169 2470 1399 2507 confirmati
1423 2482 1513 2506 cum

197 2541 331 2577 panno
365 2528 543 2575 sordido,
585 2541 675 2565 cum
716 2529 806 2566 oleo
841 2538 877 2566 et
911 2528 1052 2566 ceteris
1086 2528 1229 2565 ritibus
1262 2529 1351 2577 plus
1382 2529 1514 2565 valere

267 2673 291 2704 3.
321 2684 340 2708 ι.
362 2676 405 2702 A:
430 2674 593 2701 mercibus.
667 2674 690 2702 5.
713 2676 756 2702 A:
780 2675 928 2702 misterio.
1012 2683 1047 2702 12.
1070 2676 1114 2702 A:
1136 2674 1264 2702 confert.
1348 2674 1383 2704 15,
1407 2680 1447 2700 ιι).
1470 2674 1513 2700 A:

196 2709 378 2736 misterium.
461 2710 500 2736 ιδ’.
522 2710 564 2736 A:
587 2710 817 2744 appropriatur.
899 2718 944 2737 20.
968 2710 1006 2736 F:
1031 2710 1145 2737 scilicet
1166 2709 1261 2736 deest.
1337 2708 1379 2736 23.
1404 2709 1441 2736 1⁶:
1465 2717 1513 2734 ex-

197 2749 344 2771 cecatum.
419 2752 464 2777 24.
486 2745 530 2771 A:
553 2744 720 2777 cesariam;
742 2745 781 2772 ita
803 2749 827 2771 et
851 2744 879 2771 iu
902 2744 1101 2779 sequentibus
1123 2744 1208 2771 locis.
1282 2744 1328 2771 20'.
1350 2745 1394 2771 A:
1416 2751 1514 2770 sacer-

198 2779 295 2806 dotes.
377 2787 420 2814 27.
442 2780 487 2806 A:
509 2779 602 2806 ducti.
685 2778 730 2806 30.
752 2779 873 2807 Rectius
893 2779 1056 2813 legendum
1077 2788 1143 2806 esse
1163 2779 1300 2806 videtur:
1321 2783 1450 2805 tracvatu
1473 2778 1514 2804 lie

198 2814 349 2841 I‘otestate
371 2815 460 2849 l'ape.
534 2813 580 2848 3.4
600 2815 644 2841 A:
667 2814 781 2842 oll'eret.
856 2814 897 2841 35.
918 2816 964 2842 A:
985 2822 1044 2850 quc
1064 2814 1119 2848 ad;
1138 2814 1178 2842 ib.
1200 2815 1240 2842 1³:
1261 2814 1375 2842 fideles.

272 2896 323 2929 28.
351 2897 450 2929 Decr.
478 2897 501 2929 Ι.
528 2907 619 2940 pars,
647 2897 724 2928 dist.
750 2898 854 2937 XCV,
881 2908 955 2940 cap.
976 2898 1014 2929 V.

1546 1311 1572 1338 Α
1595 1311 1705 1345 bisluip
1727 1311 1781 1337 lias

1558 1350 1609 1372 not
1632 1345 1771 1380 spiritual

1546 1389 1609 1415 pou
1619 1389 1667 1407 ers
1688 1380 1785 1407 above

1593 1425 1606 1443 ιι
1631 1415 1735 1450 priesl.

1567 2124 1587 2150 ll
1610 2133 1625 2150 ει
1647 2125 1767 2160 1ῑι)ἰ]ιειιι

1572 2167 1640 2194 may
1662 2160 1767 2186 confer

1600 2202 1688 2227 grace
1710 2194 1738 2220 iu

1549 2230 1582 2255 ba
1598 2228 1695 2259 uisui,
1718 2229 1787 2264 um*

1531 2273 1585 2291 suc
1601 2273 1605 2290 ι
1624 2264 1805 2291 limilatious

1646 2300 1692 2326 sul*

1548 2334 1763 2361 couririnalio11
1776 2343 1785 2361 s
