1944 3323
148 243 229 271 220
708 243 935 276 JOHANNJS
952 243 1138 276 wchF
1154 244 1412 277 saltuosum
1437 229 1591 289 [smo
1603 241 1747 271 xxvm.

146 356 248 384 whish
269 355 412 384 involv-ea·
434 360 648 399 sequentes
686 359 744 386 est
782 358 898 398 turpe
941 349 1182 387 christicolis
1218 350 1439 399 publicare.
1476 351 1597 388 Tales
1638 351 1746 388 enim

164 400 404 453 &mss-2250&
434 408 579 445 fratres
609 408 650 443 in
684 408 827 444 eodem
859 408 965 444 lecto
995 408 1157 444 fuerunt
1188 408 1497 446 contradictorii
1528 408 1603 445 sibi
1634 409 1745 457 ipsis.

165 471 226 499 We
243 478 329 512 guast
348 472 406 507 ἃς
493 468 549 502 Ex
581 466 656 502 ista
688 474 823 501 autem
856 465 1135 514 descripcione
1165 466 1484 503 mendicacionis
1514 468 1567 503 ad
1596 479 1747 515 propo-

215 515 247 535 ’Ἠ
268 506 350 534 God.
435 524 555 560 situm
590 532 728 571 patent
750 523 1030 560 conclusiones
1061 536 1134 572 per
1154 537 1254 572 quas
1286 526 1338 561 ad
1369 524 1554 572 argucias
1575 525 1745 561 fratrum

435 582 597 618 frivolas
636 582 922 629 respondetur:
961 581 1093 629 prima
1131 591 1191 618 est
1221 584 1330 631 quod
1362 582 1495 620 omnis
1525 583 1649 619 homo
1678 587 1780 619 ne-5

438 639 650 676 cessitatur
680 652 755 687 pro
786 648 971 688 tempore
1002 651 1073 676 sue
1101 639 1298 677 viacionis
1329 653 1354 677 a
1383 640 1561 677 Domino
1591 639 1748 677 mendi-

436 709 540 733 care.
565 698 679 733 Patet
692 698 801 745 quod
815 697 996 734 Christus
1015 710 1160 748 egenus
1170 698 1310 746 factus
1321 706 1379 735 est
1391 700 1681 744 (11.Cor.V111⁰‚
1693 702 1746 745 9),

436 764 475 791 et
504 767 577 803 per
608 767 859 804 consequens
891 755 1024 791 omnis
1056 756 1180 792 homo
1212 755 1282 804 qui
1312 757 1432 792 debet
1455 769 1598 806 panem
1629 769 1746 792 suum

435 813 668 848 cotidianum
702 825 726 849 a
757 812 933 849 Domino
965 826 1041 862 pro
1077 825 1151 849 suo
1182 814 1427 850 relevamine
1457 815 1676 862 postulare,
1709 822 1748 849 et

435 870 493 906 sic
537 871 794 907 verificantur
832 871 940 907 dicta
986 871 1202 920 scripture:
1245 872 1338 923 Ego
1380 879 1508 908 autem
1551 872 1749 908 mendicus
1766 885 1806 907 10

434 941 519 964 sum
551 936 588 964 et
612 941 781 978 pauper,
813 938 852 965 et
883 930 1011 965 multa
1042 929 1098 966 eis
1136 929 1284 966 similia
1315 935 1393 978 que
1423 939 1608 966 asserunt
1638 930 1747 978 quod

437 986 618 1023 Christus
649 988 762 1023 ,lesus
794 986 862 1035 qui
897 996 956 1023 est
988 987 1176 1024 dominus
1209 987 1390 1024 omnium
1424 987 1681 1024 mendicavit.

183 1049 381 1097 {pina-riding
494 1045 680 1081 Secundo
712 1045 893 1093 sequitur
921 1046 1031 1094 quod
1062 1045 1212 1091 ballivi,
1245 1045 1399 1082 domini
1431 1046 1676 1094 temporales
1709 1054 1748 1082 et

210 1094 347 1141 22:32
370 1091 382 1112 ἶ
435 1114 547 1150 reges
585 1115 656 1150 per
694 1102 901 1139 mjnistros
939 1116 1031 1140 suos
1070 1112 1253 1151 petentes
1290 1103 1456 1151 tallagia
1494 1117 1517 1140 a
1558 1103 1747 1140 subiectis

435 1160 516 1196 suis
551 1158 554 1189 ἲ
591 1160 685 1196 ficet
734 1160 939 1208 indigeant
986 1173 1068 1197 non
1118 1171 1252 1198 autem
1294 1170 1339 1198 ut
1382 1161 1614 1198 huiusmodi
1656 1169 1748 1198 sunt
1762 1141 1843 1219 ¹²:322

434 1218 724 1255 mendicantes.
769 1219 864 1267 quia
904 1228 1041 1267 preter
1082 1219 1244 1255 titulum
1290 1219 1506 1256 elemosine
1545 1231 1591 1256 ex
1628 1219 1746 1255 titulo

435 1276 630 1312 mundani
663 1276 787 1312 debiti
818 1276 894 1312 ista
925 1286 1079 1325 petunt.

174 1339 314 1384 “Aegina
332 1347 384 1385 on
492 1334 639 1370 Tercio
686 1334 866 1383 sequitur
909 1336 1018 1383 quod
1053 1335 1272 1383 Apostolus
1322 1343 1360 1371 et
1404 1334 1527 1371 ceteri
1567 1343 1748 1383 petentes

353 1410 360 1412 -
408 1398 420 1401 “
435 1404 511 1440 pro
533 1392 721 1428 fratribus
753 1392 834 1428 suis
867 1391 1073 1440 egentibus
1104 1405 1186 1429 non
1206 1405 1282 1440 pro
1303 1392 1546 1429 relevamine
1566 1392 1747 1441 proprio,

434 1462 517 1486 non
554 1460 647 1486 sunt
683 1459 728 1485 ut
771 1450 828 1486 sic
866 1452 916 1486 ab
954 1450 1033 1486 illis
1065 1450 1426 1487 elemosinantibus
1458 1450 1747 1496 mendicantes,
1764 1463 1807 1485 20

435 1507 531 1556 quia
561 1520 643 1544 non
675 1520 749 1556 pro
781 1508 1023 1544 relevamine
1053 1508 1220 1556 proprio
1251 1508 1308 1544 ita
1338 1517 1492 1557 petunt.
1538 1508 1580 1545 Si
1611 1517 1747 1545 autem

436 1567 673 1601 extendatur
713 1565 963 1602 mendicacio
1006 1567 1059 1602 ad
1096 1578 1381 1615 quamcunque
1423 1566 1748 1614 postulacionem

434 1623 680 1668 huiusmodi,
725 1624 989 1672 equivocatur
1030 1624 1072 1660 in
1114 1624 1308 1669 termino;
1352 1624 1456 1661 sicut
1493 1632 1631 1672 posset
1668 1624 1749 1660 dici

434 1682 543 1730 quod
575 1681 757 1718 Christus
790 1690 828 1718 et
860 1694 1000 1718 omnes
1033 1682 1139 1719 beati
1170 1682 1230 1718 sui
1263 1682 1495 1718 mendicant
1525 1695 1600 1730 pro
1630 1682 1747 1719 nobis

432 1739 632 1776 viantibus
664 1752 687 1775 a
720 1752 761 1776 se
793 1739 1000 1788 reciproce
1031 1749 1069 1776 et
1100 1753 1124 1776 a
1155 1742 1253 1776 Deo.
1763 1742 1804 1775 25

158 1802 262 1831 §aiau
282 1803 312 1848 {n
334 1802 410 1829 bliss
493 1799 649 1842 Quarto
684 1797 866 1845 sequitur
904 1799 1013 1846 quod
1053 1797 1236 1834 Christus
1272 1810 1356 1834 non
1398 1798 1620 1834 secundum
1664 1798 1747 1834 dei-

183 1845 198 1864 c
243 1845 256 1851 ‘
377 1858 384 1862 ’
434 1864 558 1891 tatem
600 1855 831 1891 mendicare
868 1855 1012 1903 potuit,
1052 1855 1157 1891 sicut
1186 1867 1260 1892 nec
1291 1855 1398 1892 beati
1430 1867 1504 1903 pro
1537 1864 1647 1892 statu
1676 1867 1746 1892 sue

464 1913 694 1949 eatitudinis
717 1923 809 1949 sunt
831 1913 1019 1949 mendici.
1043 1913 1177 1950 Prima
1199 1926 1293 1962 pars
1314 1922 1426 1962 patet
1447 1913 1542 1962 quia
1565 1913 1746 1950 Christus

433 1983 516 2007 non
566 1972 783 2007 secundum
836 1971 1028 2007 deitatem
1079 1971 1212 2019 potuit
1262 1971 1439 2019 indigere
1488 1970 1596 2008 iuxta
1646 1971 1745 2008 illud

435 2028 650 2065 Psalmi..
676 2058 718 2064 ..
758 2029 860 2064 Dixi
895 2029 1070 2066 domino:
1111 2029 1220 2065 Deus
1257 2041 1363 2065 meus
1399 2041 1439 2065 es
1476 2036 1530 2076 tu,
1567 2029 1745 2078 quoniam
1762 2030 1805 2062 30

434 2087 621 2123 bonorum
644 2099 817 2123 meorum
840 2099 915 2122 non
937 2099 1039 2137 eges.
1073 2089 1129 2123 Ex
1151 2099 1231 2135 qua
1253 2087 1404 2124 causali
1425 2087 1545 2135 plane
1566 2086 1746 2135 sequitur

434 2146 543 2192 quod
587 2144 769 2181 Christus
814 2157 895 2180 non
937 2144 1070 2193 potuit
1112 2146 1333 2181 secundum
1376 2144 1566 2181 deitatem
1609 2145 1745 2194 aliquo

434 2201 626 2250 indigere.
671 2203 721 2238 Et
767 2203 942 2238 secunda
984 2215 1078 2251 pars
1123 2202 1393 2239 conclusionis
1435 2211 1548 2251 patet
1585 2215 1630 2239 ex
1668 2203 1745 2239 hoc

437 2261 543 2308 quod
578 2272 717 2296 ornnes
751 2260 856 2296 beati
889 2270 981 2296 sunt
1012 2269 1056 2296 ut
1085 2260 1143 2296 sic
1175 2269 1285 2297 extra
1316 2269 1467 2297 statum
1500 2260 1674 2308 egencie.

492 2319 541 2353 Et
584 2330 655 2365 per
699 2318 775 2354 ista
821 2326 933 2366 patet
975 2318 1183 2366 responsio
1222 2319 1272 2354 ad
1311 2317 1495 2366 argucias
1534 2318 1743 2355 cuiusdam
1759 2318 1801 2351 35

435 2375 569 2411 fratris
609 2375 675 2424 qui
715 2376 1061 2412 mendicacionem
1100 2388 1214 2412 suam
1253 2375 1395 2412 nititur
1430 2375 1622 2412 stabilire.
1666 2377 1744 2412 De-

435 2432 592 2469 ficiente
624 2433 729 2469 enirn
764 2433 837 2469 sibi
871 2433 1076 2470 evidencia
1097 2446 1141 2470 ex
1163 2433 1364 2482 scriptura
1384 2435 1435 2470 ad
1458 2433 1743 2470 stabiliendum

435 2502 549 2526 suum
602 2491 784 2527 ordinem
835 2503 927 2527 vere
979 2504 1092 2528 suam
1144 2491 1490 2528 mendicacionem
1543 2490 1744 2528 mendicat

504 2634 529 2661 :'.
549 2635 582 2662 In
604 2643 719 2665 mares
746 2635 828 2663 Nota
855 2636 892 2662 de
917 2636 1150 2664 mendicacione
1176 2642 1205 2664 et
1230 2637 1359 2665 fratrum
1386 2635 1567 2676 incepcione
1590 2636 1744 2664 sentencia

435 2670 630 2707 sermon-{bu}
651 2668 737 2697 XIV⁵
758 2675 786 2697 et
805 2669 901 2697 XVI».
997 2679 1026 2706 7.
1045 2671 1079 2698 In
1099 2672 1168 2698 cod.
1188 2672 1212 2699 Ι.
1232 2671 1306 2699 Cor.
1319 2671 1426 2706 VHI0;
1454 2679 1486 2699 m
1505 2679 1621 2706 marg:
1640 2670 1744 2698 Prima

435 2704 604 2731 mucluem.
697 2703 734 2731 13.
755 2705 789 2732 In
810 2713 925 2739 marg:
946 2703 1090 2733 Secunda
1107 2706 1279 2733 conclusio.
1381 2705 1420 2734 15.
1441 2705 1536 2734 Cod.:
1557 2709 1631 2732 suut
1648 2705 1742 2732 deest.

436 2737 477 2765 13.
495 2738 530 2766 In
551 2746 666 2773 marg:
687 2737 797 2766 Tereia
816 2739 985 2766 conclusio.
1063 2747 1103 2767 21.
1124 2739 1220 2768 Cod.:
1240 2741 1312 2776 quia
1331 2742 1426 2768 deest.
1506 2739 1555 2768 26.
1572 2739 1608 2768 In
1626 2747 1743 2774 marg:

437 2772 556 2807 Quam
575 2773 743 2800 conclusio.

509 2865 562 2888 10.
589 2855 718 2888 Psalm.
741 2856 896 2895 XXXIX,
918 2854 969 2888 18.
1064 2857 1119 2890 30.
1147 2858 1275 2889 Psalm.
1293 2858 1371 2898 XV,
1389 2867 1420 2890 2.
