1944 3323
139 220 218 256 224

136 333 191 360 His
213 338 401 366 arguments.

153 624 198 651 lie
219 624 390 650 condemns

172 659 302 693 beggiug
322 659 369 685 soi·

229 693 318 720 sloth.

158 914 235 941 This
257 914 282 940 is
302 914 384 940 what

180 950 229 975 tlic¹
250 949 358 988 orders

200 990 341 1019 practise.

148 1902 293 1937 Spiritum]
315 1903 395 1937 good

199 1937 247 1964 the
270 1937 344 1964 best.

721 220 942 252 JOHANle
963 217 1147 252 WYCLIF
1169 219 1428 252 sERMONUM
1454 205 1605 264 [SERMO
1626 215 1734 245 XXIX·

424 335 529 362 secte
552 339 622 374 per
638 325 877 362 Robertinos
902 335 938 362 et
955 325 1170 362 Urbanitos
1187 325 1426 362 difformiter
1448 326 1733 373 stragulantur‚

423 397 505 420 non
547 384 638 420 novi
684 384 846 420 fratrem
893 384 959 432 qui
1005 383 1045 420 in
1090 384 1204 420 donis
1245 384 1317 421 Dei
1361 384 1734 432 supernaturalibus

424 443 512 490 plus
537 442 702 487 excellit,
728 441 818 477 ideo
842 441 934 478 licet
957 441 1088 490 ipsum
1113 444 1308 478 honorem
1340 451 1505 490 propter
1529 441 1734 478 racionem

425 500 702 548 multiplicem,
755 499 907 548 excipio
958 509 1093 536 tamen
1137 501 1332 536 honorem
1376 499 1566 537 veritatis.
1620 499 1735 535 Ponit

424 558 529 594 enim
563 559 669 607 quod
703 557 804 594 sicut
828 567 919 594 sunt
943 567 1116 606 quatuor
1148 558 1308 595 ordines
1341 559 1522 604 fratrum,
1557 557 1612 594 sic
1645 561 1768 594 sunt5

424 625 597 665 quatuor
642 615 839 652 maneries
891 615 1167 661 mendicandi3
1220 629 1390 665 quarum
1438 616 1569 664 prima
1614 628 1734 664 quarn

423 687 512 711 vere
537 674 632 710 dicit
666 686 750 710 esse
775 674 1076 723 dampnabilem
1111 682 1168 710 est
1202 674 1453 711 mendicacio
1487 687 1530 710 ex
1562 673 1732 721 ignavia,

424 741 460 768 et
499 732 567 769 illa
608 744 747 768 omnes
786 732 859 768 iste
899 742 1072 781 quatuor
1110 740 1215 768 secte
1254 732 1510 780 participant.
1556 731 1596 768 Si
1630 731 1734 768 enim

422 791 553 827 forent
577 791 693 838 plene
717 789 805 838 igne
840 790 1030 836 caritatis,
1065 790 1166 826 sicut
1190 799 1302 826 erant
1335 790 1521 838 apostoli,
1556 789 1734 838 religiosi

423 858 632 896 sequentes
657 849 718 885 vel
749 848 813 884 isti
847 849 1007 885 ordines
1040 848 1080 884 in
1112 848 1192 884 suis
1213 848 1325 885 viciis
1347 861 1429 885 non
1451 847 1592 896 pocius
1614 859 1733 893 nunc,
1755 862 1794 883 10

423 908 584 955 quando
637 907 726 954 plus
778 915 921 943 vacant
973 919 994 943 a
1046 906 1240 942 fructibus
1292 905 1567 955 spiritualibus
1612 918 1733 954 quam

423 966 700 1001 habundantes
739 965 778 1001 in
812 965 1005 1001 fructibus
1039 964 1327 1012 spiritualibus,
1362 963 1650 1000 mendicarent.
1695 963 1735 999 Si

423 1023 542 1070 igitur
581 1022 751 1070 ignavia,
792 1023 823 1059 si
863 1023 963 1071 ignis
1003 1022 1222 1070 spiritualis
1260 1022 1452 1068 vacuitas,
1492 1031 1602 1070 patet
1636 1034 1733 1070 quo-

425 1082 546 1117 modo
581 1093 720 1117 omnes
754 1081 819 1117 isti
852 1081 1013 1117 ordines
1046 1090 1136 1117 sunt
1169 1081 1314 1129 ignavi.
1366 1082 1443 1117 Sed
1481 1080 1620 1116 relicta
1660 1079 1736 1116 ista

424 1139 613 1187 voragine
652 1139 839 1175 vanitatis
879 1141 1079 1176 notandus
1120 1147 1178 1175 est
1217 1148 1344 1175 textus
1381 1138 1483 1175 Petri
1529 1139 1792 1186 quomod015

423 1198 529 1233 servi
559 1198 693 1233 debent
725 1210 806 1233 esse
837 1198 981 1233 subditi
1002 1197 1165 1233 dominis
1196 1197 1275 1233 suis
1308 1196 1584 1246 temporalibus
1617 1196 1735 1232 eciam

425 1256 592 1302 discolis,
642 1268 722 1291 non
772 1255 955 1292 faciendo
1004 1254 1196 1304 quicquid
1244 1255 1472 1303 precipiunt
1517 1254 1619 1290 sicut
1664 1266 1735 1290 nec

423 1313 630 1361 implendo
661 1313 851 1362 quicquid
881 1315 931 1350 ad
955 1315 1061 1361 quod
1096 1313 1394 1361 pseudofratres
1429 1313 1653 1349 consulunt.
1688 1314 1736 1347 Et

423 1371 540 1408 istam
567 1371 793 1408 doctrinam
818 1384 893 1419 que
917 1373 1076 1408 cederet
1091 1373 1139 1408 ad
1164 1371 1495 1419 pacificacionem
1519 1382 1733 1418 regnorum

424 1438 461 1465 et
499 1431 715 1466 comodum
751 1429 1010 1466 dominorum
1052 1429 1349 1477 pseudofratres
1389 1433 1447 1475 (ut
1479 1437 1589 1477 patet
1622 1427 1732 1475 alibi)
1751 1441 1792 1462 20

424 1487 736 1535 pretermittunt.
767 1488 908 1524 Timor
931 1497 1062 1524 autem
1090 1489 1206 1524 debet
1228 1500 1312 1524 esse
1334 1500 1414 1524 non
1438 1488 1568 1523 solum
1593 1498 1734 1534 corpo-

424 1546 516 1582 ralis
540 1547 608 1582 sed
631 1546 850 1594 spiritualis
870 1559 949 1595 quo
973 1545 1248 1594 principaliter
1271 1545 1438 1582 timeant
1455 1548 1580 1582 Deum
1604 1557 1733 1581 suum.

893 1683 1085 1723 SERMO
1118 1684 1269 1724 XXIX.

487 1779 608 1815 Omne
640 1780 771 1815 datum
812 1778 996 1827 optimum
1036 1785 1070 1813 et
1109 1790 1218 1814 omne
1250 1778 1389 1813 donum
1417 1778 1637 1826 perfectum
1671 1776 1735 1812 de-

422 1850 576 1873 sursum
617 1845 684 1883 est,
719 1836 950 1872 descendens
987 1849 1008 1871 α
1043 1843 1159 1884 patre
1190 1835 1388 1873 luminum.
1422 1835 1560 1871 Jacobi
1594 1837 1641 1879 10,
1675 1838 1792 1881 17.25

482 1896 648 1931 Constat
693 1906 736 1930 ex
781 1893 964 1929 doctrina
1008 1893 1219 1941 Augustini
1265 1894 1472 1941 quomodo
1516 1894 1564 1929 de
1608 1892 1734 1928 tribus

425 1953 554 1989 modis
588 1954 786 1989 bonorum
822 1953 926 1988 bona
958 1952 1117 1988 fortune
1150 1960 1241 1987 sunt
1273 1951 1424 1996 infima,
1458 1952 1563 1987 bona
1595 1959 1735 1986 nature

424 2020 514 2047 sunt
562 2010 692 2047 media
738 2019 774 2046 et
814 2011 920 2046 bona
965 2009 1099 2058 gracie
1137 2018 1227 2046 sunt
1260 2009 1426 2057 optima.
1472 2011 1521 2045 Et
1554 2007 1734 2057 quamvis

424 2081 543 2106 omne
583 2071 731 2105 bonum
773 2077 951 2104 creatum
992 2081 1013 2104 a
1047 2071 1130 2104 Deo
1169 2067 1387 2113 descendit,
1429 2076 1564 2103 tamen
1597 2068 1734 2102 beatus

422 2129 595 2163 Jacobus
634 2126 861 2175 specialiter
900 2135 937 2162 et
969 2126 1043 2162 sibi
1083 2125 1329 2174 pertinenter
1367 2125 1551 2161 nominat
1583 2126 1733 2161 bonum
1749 2128 1791 2161 30

424 2185 593 2221 tercium
633 2185 861 2233 spirituale;
904 2193 941 2220 et
973 2184 1075 2221 sicut
1108 2186 1202 2220 dare
1235 2192 1291 2220 est
1325 2182 1579 2220 communius
1612 2195 1733 2230 quam

425 2244 587 2288 donare,
639 2244 695 2279 sic
742 2245 846 2278 Deus
893 2243 959 2278 dat
1005 2241 1260 2279 communius
1312 2241 1465 2278 homini
1509 2241 1583 2277 ista
1628 2242 1734 2276 bona

424 2301 598 2348 triplicia
636 2300 864 2336 intencione
903 2300 1160 2347 promerendi
1200 2299 1511 2345 beatitudinem3
1557 2311 1633 2347 que
1677 2297 1734 2333 in-

424 2359 555 2394 tencio
590 2368 647 2394 est
670 2359 825 2406 optima
859 2359 927 2394 sed
952 2361 1102 2394 donum
1136 2357 1395 2394 beatitudinis
1425 2358 1533 2405 quod
1566 2365 1623 2392 est
1646 2355 1734 2391 finis

426 2417 603 2464 predicte
648 2416 827 2453 ducionis
873 2425 930 2452 est
975 2417 1209 2464 perfectum,
1259 2415 1480 2463 perfeccior
1523 2414 1664 2450 ultima
1697 2422 1733 2449 et
1750 2416 1789 2449 35

426 2476 639 2522 completa.
675 2475 785 2511 Sicut
810 2474 913 2511 enim
948 2487 970 2511 a
1000 2474 1330 2510 circumfereneia
1364 2472 1498 2510 celesti
1532 2471 1733 2508 mediante

496 2616 514 2636 1.
538 2608 632 2636 Cod.:
654 2608 835 2635 Urbauicas.
916 2608 942 2635 S.
965 2608 1059 2636 Cod.:
1081 2608 1173 2635 illam.
1255 2616 1282 2643 9.
1304 2607 1398 2635 Cod.:
1421 2607 1535 2642 religio
1617 2605 1653 2633 13.
1677 2605 1733 2633 Hic

425 2643 540 2679 aliquot
561 2644 653 2670 verba
673 2644 777 2670 deesse
799 2643 949 2670 videntur.
1025 2643 1060 2670 15.
1083 2642 1176 2670 Cod.:
1199 2643 1335 2677 voragiu.

497 2750 548 2782 23.
577 2750 628 2783 Cf.
657 2749 814 2793 Wyclirs
841 2751 1020 2787 Sermons,
1047 2750 1100 2781 ed.
1128 2750 1171 2792 by
1199 2750 1343 2789 Arnold,
1380 2750 1416 2790 11,
1448 2758 1526 2791 pag.
1554 2749 1628 2792 297,
1653 2746 1731 2790 829.

428 2795 481 2830 25.
508 2797 689 2828 Dominica
718 2806 842 2839 quarta
869 2805 950 2839 post
970 2797 1111 2828 Pascha.
1193 2795 1244 2828 26.
1274 2797 1372 2827 Hunc
1399 2796 1515 2827 locum
1544 2795 1575 2825 in
1597 2794 1732 2836 scriptis

426 2845 458 2876 S.
478 2845 566 2886 Aug.
594 2855 663 2876 non
691 2842 819 2875 inveni.
847 2843 898 2875 Cf.
925 2851 1012 2875 tom.
1034 2844 1072 2884 V,
1092 2840 1169 2886 769.
