1944 3323
647 742 748 810 III.
801 739 1091 809 General
1143 737 1348 805 Index

426 876 646 932 (printed
679 879 727 915 in
761 877 843 915 the
878 874 1215 922 orthography
1246 873 1300 912 of
1328 873 1409 910 the
1443 866 1576 920 text).

529 1005 576 1036 A.

137 1074 238 1103 Abba,
260 1072 332 1108 quid
355 1071 428 1099 dicit
448 1071 494 1106 59,
516 1069 574 1098 355.

139 1107 334 1144 Blasphemie
355 1107 391 1134 de
412 1105 665 1133 absolucionibns
687 1112 754 1139 295).

137 1143 208 1170 Non
230 1141 419 1170 credendum
446 1145 491 1168 est
516 1139 628 1167 fabulis
655 1139 692 1166 de
713 1137 969 1165 absolucionibus

172 1186 188 1204 a
201 1186 278 1213 pena
290 1181 345 1204 eta
357 1177 456 1210 culpa.
471 1175 522 1202 sed
540 1174 669 1202 domino
680 1173 751 1200 Jesu
764 1172 890 1200 Christo
903 1171 968 1199 300.

137 1212 303 1240 Abstinere
324 1211 473 1238 debemus
494 1218 511 1237 a
530 1208 742 1237 fornicacione
763 1208 820 1235 156.

1004 999 1007 1023 l

1004 1098 1006 1108 l

1004 1110 1007 1125 l

1006 1210 1007 1218 l

1005 1225 1007 1238 l

137 1247 291 1275 Accidens
324 1254 391 1273 esse
424 1245 488 1272 sine
522 1244 659 1272 subiecto
692 1247 757 1270 tum
790 1242 967 1278 philosophi
1006 1266 1007 1271 ,

173 1290 266 1318 quam
288 1280 422 1315 theologi
444 1283 611 1307 renuerunt
630 1279 693 1314 507.

140 1316 394 1379 thiladrupgliciter
422 1319 523 1350 potest
548 1322 661 1342 nomen
688 1313 773 1340 alteri
800 1320 867 1339 esse
893 1312 970 1340 acci-

198 1360 252 1379 ens
273 1360 281 1379 1
307 1360 332 1377 -.

140 1367 342 1415 Adiutoriu'm
363 1384 505 1412 divinum
526 1388 629 1419 presto
650 1382 847 1418 pulsantibus
867 1389 935 1418 249.

141 1420 382 1449 Admonicionis
403 1419 501 1447 forme
522 1418 658 1455 quinque
680 1424 732 1445 121.

140 1456 299 1484 Adoracio
320 1463 366 1491 70.

140 1491 269 1519 Advene
290 1489 420 1526 qualiter
442 1497 549 1517 sumus
569 1486 627 1523 213,
648 1495 708 1521 214.

138 1526 314 1561 Agonizare
325 1525 474 1552 debemus
489 1527 595 1551 contra
610 1523 715 1550 hostes
725 1522 899 1558 spirituales
913 1529 969 1549 122.

141 1561 211 1589 Non
234 1561 333 1588 simus
354 1560 413 1587 alta
434 1559 588 1595 sapientes
609 1559 658 1593 96.

139 1597 376 1623 Sacramentum
398 1594 503 1621 altaris
523 1598 568 1621 est
587 1593 618 1620 in
640 1596 747 1620 natura
764 1600 818 1619 sua
839 1592 928 1631 panis
944 1596 971 1618 et

173 1630 436 1658 sacramentaliter
450 1629 495 1656 vel
511 1628 632 1656 mistice
647 1635 760 1667 corpus
777 1625 969 1661 Chr1sti194.

139 1666 305 1695 Scelestius
325 1669 370 1692 est
396 1664 558 1692 falsificare
585 1663 758 1690 amicmiam
786 1670 879 1697 quarn
906 1670 971 1688 mo-
1007 1675 1008 1703 ἶ

175 1705 275 1728 netam
297 1707 339 1735 91·

140 1735 255 1763 Anima
281 1734 417 1762 hominis
445 1733 581 1769 regulare
615 1732 705 1760 debet
736 1736 845 1759 cuncta
878 1739 971 1767 opera
1007 1742 1008 1745 ¹

178 1779 231 1798 sue
251 1769 353 1797 carnis
373 1767 431 1797 353.

140 1805 253 1841 Vigilie
273 1804 374 1832 anime
394 1808 439 1831 est
458 1803 523 1830 eius
545 1801 740 1838 preservacio
768 1809 784 1828 a
805 1805 929 1837 peccato
951 1809 970 1828 1.

141 1840 301 1876 Sompnus
322 1839 423 1866 anime
444 1843 489 1865 est
509 1837 574 1864 eius
595 1842 755 1872 peccatum
777 1845 797 1864 1.

141 1875 277 1903 Dubium
300 1874 323 1901 si
345 1873 558 1901 Antichristus
579 1875 628 1907 (pa
655 1876 679 1903 a)
712 1880 782 1899 cum
804 1871 868 1898 suis
889 1879 972 1898 com-

178 1909 309 1945 plicibus
330 1907 480 1936 aChristo
501 1915 553 1935 sus
579 1915 614 1934 en
641 1911 708 1934 atur
727 1906 773 1941 59,
795 1906 845 1940 60,
867 1906 910 1937 61,
927 1907 971 1934 02.

141 1944 353 1972 Antichristus
380 1943 453 1970 dicit
502 1951 539 1969 uo

178 1983 249 2006 sunt
268 1978 427 2006 falsissimi
448 1976 483 2012 39
509 1998 515 2003 .

142 2030 175 2034 -—
195 2022 264 2041 curn
295 2013 359 2040 suis
391 2011 552 2048 discipulis
572 2011 701 2039 fabricat
732 2010 844 2038 cotidie
877 2018 973 2037 novas

179 2049 359 2088 scripturas,
392 2055 469 2083 quas
501 2046 575 2074 dicit
612 2046 784 2081 equivalere
823 2045 973 2081 scripture

178 2092 263 2111 sacre
284 2088 350 2110 200.

144 2117 289 2154 Apostoli
314 2122 415 2144 utrum
437 2116 466 2144 in
489 2116 602 2144 viando
623 2119 828 2152 peccaverunt
846 2114 946 2150 38819.

148 2171 175 2173 fi
193 2154 358 2180 noluerunt
373 2151 484 2179 habere
499 2151 621 2187 copiam
636 2150 854 2186 temporalium
873 2149 919 2183 30,
934 2151 972 2178 31.

145 2205 177 2208 -
199 2188 345 2215 subiectis
361 2194 421 2214 non
438 2186 588 2213 miserunt
603 2185 784 2213 mandatum
800 2187 843 2219 (ut
857 2185 972 2213 faciunt

179 2224 279 2259 pape),
311 2221 363 2283 sgd
386 2229 523 2248 amorem
544 2225 572 2248 et
592 2220 825 2248 observanciam
847 2220 974 2247 manda-

179 2263 282 2285 torum
306 2264 331 2285 15
353 2277 359 2283 .

145 2293 318 2328 Apostolos
339 2290 498 2326 quomodo
519 2290 633 2317 imitari
654 2290 802 2317 debemus
822 2290 972 2323 401—501.

146 2327 307 2362 Scriptura
327 2326 487 2361 apostolos
506 2330 595 2352 vocat
615 2333 722 2352 servos
741 2324 786 2352 56.
845 2321 853 2325 ’

144 2361 282 2389 Historia
292 2365 415 2388 actuum
425 2361 638 2396 apostolorum
648 2359 821 2387 necessaria
830 2359 973 2395 257—258.

144 2397 309 2432 Appellare
330 2395 399 2423 licet
418 2395 558 2430 Anglicis
577 2394 614 2422 ad
637 2402 738 2429 regem
758 2401 818 2422 210.

145 2431 328 2467 Appellacio
348 2430 432 2457 Pauli
454 2428 513 2461 301.

144 2466 274 2493 Induere
295 2473 381 2492 arma
401 2461 537 2492 fidelium
558 2472 599 2499 91.

146 2502 242 2528 Arma
263 2500 340 2527 lucis
361 2498 385 2526 3.

145 2537 313 2574 ixi-matura
333 2537 440 2561 contra
461 2533 619 2561 diabolum
640 2532 757 2569 47—81‚
778 2533 870 2567 48112.

147 2571 189 2597 De
209 2570 369 2597 attricione
390 2569 437 2603 26,
458 2575 501 2604 27.

148 2605 219 2632 Non
242 2608 363 2640 oportet
383 2611 505 2642 currere
518 2602 716 2637 Avinionam,
736 2602 807 2638 quia
827 2603 912 2630 locus
933 2606 975 2629 est

186 2639 299 2674 ubique
319 2643 451 2666 contrito
473 2638 630 2674 pertinens
652 2638 715 2672 146,
737 2645 797 2672 147.

538 2724 585 2753 Β.

148 2789 327 2825 Baptismus
347 2787 463 2816 Christi
484 2795 547 2819 202,
568 2787 631 2815 203.

147 2825 191 2851 De
218 2823 428 2859 baptisacione
447 2822 596 2856 331—334.

149 2858 270 2897 Sufficit
320 2858 494 2893 baptismus
531 2857 679 2885 flaminis

183 2893 297 2922 Christi
318 2899 365 2927 42.

730 2866 782 2892 per
832 2856 975 2884 meritum

583 1943 630 1969 lex
645 1941 699 1969 Dei
720 1946 748 1968 et
768 1941 888 1968 articuli
904 1941 972 1968 fidei
1008 1944 1009 1956 ¹

1041 996 1216 1032 Baptisacio
1249 995 1348 1030 signat
1381 998 1483 1021 motus
1521 991 1681 1028 quomodo
1720 991 1867 1018 debemus

1077 1029 1255 1059 mortificari
1276 1029 1365 1057 viciis
1385 1027 1440 1056 331.

1042 1066 1178 1102 Baptista
1195 1065 1269 1093 vixit
1291 1064 1320 1092 in
1344 1064 1468 1091 heremo
1483 1067 1511 1090 et
1526 1070 1586 1089 non
1603 1059 1787 1088 mendicavit
1809 1067 1867 1086 201.

1041 1101 1173 1164 F¹3z¹¹q⁰¹¹¹58
1195 1099 1393 1127 beatitudinis
1421 1107 1456 1126 ex
1482 1096 1640 1133 evangelio
1661 1094 1868 1130 consequendi

1076 1152 1105 1163 ,ι
1136 1141 1142 1167 l
1166 1157 1171 1162 .

1043 1145 1212 1206 Quoiuodo
1252 1169 1400 1196 debemus
1438 1171 1554 1195 certare
1591 1174 1649 1202 pro
1687 1163 1873 1200 acquirenda

1077 1204 1265 1233 beatitudine
1286 1203 1429 1232 122—1213.

1044 1240 1172 1276 Begardi
1205 1244 1232 1267 et
1267 1238 1400 1274 Bcguine
1434 1245 1495 1264 nou
1528 1236 1558 1264 in
1590 1240 1705 1263 tantam
1740 1234 1870 1262 heresim

1078 1275 1157 1315 lapsi
1179 1279 1251 1302 sunt
1270 1282 1363 1310 quam
1384 1273 1494 1300 fratres
1515 1272 1572 1299 128.

1006 1304 1007 1324 ἶ
1043 1311 1158 1338 Omnia
1173 1310 1250 1337 bella
1265 1309 1295 1336 in
1311 1307 1438 1336 ecclesia
1453 1307 1595 1334 oriuntur
1609 1305 1691 1341 quod
1708 1313 1767 1332 non
1786 1304 1872 1339 plene

1076 1345 1268 1373 addiscimus
1288 1342 1476 1379 pacienciam
1495 1341 1566 1369 Jesu
1587 1340 1702 1368 Christi
1722 1340 1778 1367 185.

1043 1380 1144 1408 Causa
1166 1380 1315 1407 bellorum
1336 1382 1381 1405 est
1400 1376 1539 1405 carencia
1559 1376 1694 1403 caritatis
1715 1383 1775 1402 100.

1041 1431 1075 1435 -
1093 1431 1127 1434 —
1146 1415 1224 1442 inter
1243 1415 1292 1441 An
1316 1414 1362 1440 los
1383 1417 1411 1440 et
1431 1412 1567 1439 Francos
1587 1411 1634 1446 98.

1042 1451 1198 1478 Debemus
1214 1449 1289 1476 bene
1314 1449 1392 1475 icere
1407 1452 1435 1474 et
1450 1447 1529 1474 nolle
1547 1445 1729 1473 maledicere
1749 1444 1790 1479 16,
1811 1442 1873 1471 328.

1042 1486 1172 1513 Induere
1194 1483 1413 1519 benignitatem
1436 1482 1484 1510 115.

1042 1520 1179 1547 Reddere
1201 1519 1316 1546 bonum
1339 1526 1395 1553 pro
1417 1517 1497 1544 malo
1517 1514 1578 1551 327.

1044 1556 1128 1583 Bona
1148 1554 1281 1587 fortune,
1303 1557 1421 1584 nature,
1443 1551 1543 1587 gracie
1564 1549 1627 1583 324.

1439 1636 1480 1669 C.

1044 1705 1188 1734 Caldaica
1209 1703 1376 1732 translacio
1395 1703 1455 1731 516.

1044 1742 1088 1769 De
1112 1738 1349 1767 canonisacione
1368 1742 1472 1773 empta
1492 1735 1555 1771 238,
1577 1734 1629 1763 311.
1665 1769 1670 1773 ι

1045 1774 1307 1838 Cangnisaciones
1328 1781 1388 1801 non
1411 1778 1442 1800 ut
1463 1771 1581 1799 articuli
1603 1771 1671 1798 fidei
1687 1768 1872 1803 acceptande

1078 1819 1111 1838 2³
1135 1831 1140 1836 .

1044 1846 1087 1874 De
1099 1845 1226 1908 bcaritate
1246 1851 1275 1879 9,
1297 1851 1343 1878 92,
1365 1843 1510 1877 105—107‚
1531 1848 1600 1875 249,
1622 1838 1780 1874 eqo-297,
1802 1846 1873 1871 440.

1044 1890 1234 1943 Exsscellencia
1254 1912 1390 1941 caritatis
1413 1911 1560 1946 137—141.

1046 1949 1255 1978 Condiciones
1277 1947 1409 1975 sedecim
1431 1945 1566 1973 caritatis
1588 1946 1643 1977 115,
1666 1951 1722 1979 119,
1744 1942 1804 1978 139.

1045 1985 1165 2013 Caritas
1186 1984 1222 2011 de
1243 1982 1358 2011 difficili
1380 1980 1578 2017 cognoscitur
1598 1978 1659 2014 139.

1047 2036 1079 2040 —-
1101 2019 1230 2047 virtutes
1250 2019 1324 2046 alias
1345 2017 1492 2045 informat
1512 2016 1568 2043 138.

1044 2071 1077 2074 —
1098 2054 1233 2082 manebit
1253 2051 1342 2087 14213.

1047 2106 1075 2109 ψ
1099 2094 1144 2117 est
1163 2093 1269 2116 catena
1290 2095 1381 2115 aurea
1402 2086 1455 2114 118.

1044 2125 1177 2153 Induere
1198 2123 1355 2151 caritatem
1378 2121 1432 2149 118.

1047 2160 1108 2187 Lex
1128 2158 1264 2186 caritatis
1285 2166 1338 2193 per
1359 2165 1389 2184 se
1410 2154 1566 2183 sufficiens
1588 2162 1656 2192 99.¹
1748 2188 1751 2191 Δ

1046 2193 1230 2222 Differencia
1250 2193 1328 2220 inter
1349 2191 1506 2219 caritatem
1528 2194 1556 2216 et
1576 2197 1711 2223 graciam
1734 2186 1791 2222 139-

1046 2228 1245 2258 Carmelitam
1266 2227 1433 2263 alloquitur
1452 2225 1476 2252 J.
1498 2222 1727 2262 XVyclifez'jst.

1047 2265 1136 2292 Carte
1155 2262 1381 2291 fraternitatum
1403 2261 1477 2288 false
1498 2258 1566 2293 350,
1587 2257 1650 2286 303.

1048 2300 1091 2326 De
1111 2298 1296 2326 ceremoniis
1316 2295 1501 2325 Antichristi
1522 2295 1564 2330 57.

1047 2333 1191 2362 Christus
1211 2338 1373 2360 coeternus
1395 2330 1475 2358 Patri
1496 2330 1536 2358 51.

1010 2390 1011 2406 ζ
1049 2385 1077 2388 —
1099 2367 1272 2395 eternaliter
1292 2368 1375 2395 Deus
1396 2364 1454 2393 185.

1010 2411 1011 2420 ¹
1046 2420 1079 2423 —
1099 2403 1181 2430 Deus
1200 2406 1228 2429 et
1249 2403 1342 2430 homo
1362 2401 1407 2429 56.

1010 2449 1011 2457 ¹
1056 2455 1076 2457 ⁴
1099 2446 1129 2465 se
1148 2437 1251 2472 ipsum
1273 2436 1383 2464 obtulit
1403 2443 1410 2463 1

1444 2434 1450 2444 ι

1047 2489 1079 2492 —
1099 2481 1206 2500 servus
1227 2471 1395 2499 secundum
1417 2450 1650 2507 humanitatem,
1672 2467 1818 2495 dominus
1833 2475 1877 2493 se-

1083 2506 1218 2535 cundum
1240 2506 1431 2534 divinitatem
1452 2504 1497 2532 50.

1050 2559 1078 2561 —-
1099 2542 1198 2569 factus
1218 2542 1254 2569 ad
1277 2539 1525 2568 confirmandum
1555 2539 1651 2573 legem
1679 2541 1810 2564 veterem
1833 2535 1876 2563 58.

1049 2576 1161 2604 Omnis
1182 2577 1286 2612 lingua
1307 2575 1487 2602 confiteatur
1529 2573 1637 2600 loriam
1660 2571 1775 2600 Christi
1797 2570 1857 2598 138.

1049 2613 1091 2639 De
1112 2610 1269 2639 nativitate
1291 2609 1406 2638 Christi
1428 2617 1506 2644 prop
1533 2608 1597 2635 ecia
1617 2608 1691 2638 baffi.

1049 2646 1192 2674 Christus
1213 2654 1306 2681 quare
1327 2644 1425 2672 tribus
1445 2642 1564 2670 vicibus
1584 2642 1755 2670 lacrimavit
1776 2648 1841 2673 204.

1053 2698 1079 2700 —
1102 2696 1135 2700 ——
1156 2680 1295 2716 oportuit
1315 2679 1375 2715 pati
1397 2678 1490 2712 178lo.

1049 2732 1080 2736 —
1101 2715 1138 2742 ad
1167 2720 1285 2743 tantum
1315 2723 1345 2741 se
1373 2711 1556 2743 humiliavit,
1583 2716 1732 2748 quantum
1759 2709 1878 2745 primus

1087 2751 1180 2777 homo
1202 2759 1233 2777 se
1253 2749 1396 2777 exaltavit
1416 2748 1478 2776 186.

1051 2802 1082 2805 —
1104 2794 1135 2812 se
1155 2784 1258 2820 ipsum
1280 2788 1369 2811 vocat
1389 2783 1566 2810 ministrum
1587 2781 1632 2809 56.

1051 2836 1084 2840 ——
1104 2819 1236 2846 servavit
1251 2819 1386 2854 regulam
1402 2825 1556 2845 summam
1573 2817 1609 2843 de
1625 2818 1801 2851 paupertate
1816 2818 1876 2840 tam

1085 2854 1145 2882 vita
1165 2862 1258 2890 quarn
1279 2853 1382 2880 verbis
1401 2853 1467 2885 451.

1048 2889 1108 2917 Sex
1128 2888 1308 2917 excellencie
1328 2887 1443 2915 Christi
1466 2887 1526 2923 176.
