1944 3323
789 240 1012 273 JOHANle
1033 239 1212 271 xvvcru?
1231 238 1488 270 &samonum
1524 223 1675 281 [SERMO
1697 214 1805 261 X1-111ss

213 236 228 270 υ)

240 249 258 283 κ]

266 250 289 281 4..

496 348 726 396 symoniaca
764 347 931 383 fratrum
973 355 1009 382 et
1050 347 1096 381 de
1129 345 1341 382 audicione
1374 356 1604 381 sermonum
1637 356 1800 379 suorum

497 406 727 443 frivolorum
771 413 890 452 atque
930 403 1184 440 mendacium
1224 405 1370 451 gaudet
1408 401 1598 438 nimirum
1633 401 1672 437 in
1704 401 1802 438 reci-

497 465 644 513 piendo
684 475 822 499 eorum
862 461 1110 510 oppositum.
1157 461 1295 507 Qualis
1341 473 1433 508 ergo
1478 460 1580 496 foret
1624 460 1802 508 prelatus

497 523 564 571 qui
597 521 636 557 in
660 521 733 557 ista
757 519 997 557 rectitudine
1020 520 1215 567 populum
1238 518 1475 567 impediret?
1509 519 1638 554 Credo
1668 526 1801 554 autem

497 593 541 616 ex
573 579 708 627 gracia
741 578 813 614 Dei
846 579 954 626 quod
986 589 1058 614 nec
1093 578 1264 626 populus
1298 585 1471 613 cessaret
1511 575 1639 612 eciam
1678 574 1836 612 invito5

498 637 687 686 episcopo
726 638 891 673 verbum
933 635 1003 671 Dei
1043 635 1182 671 audire
1220 636 1440 671 secundum
1485 634 1657 670 formam
1703 634 1804 670 hanc

498 694 769 743 evangelicam
814 706 888 730 nec
927 695 1035 742 quod
1080 693 1175 729 dicti
1220 692 1439 741 presbyteri
1485 691 1614 739 angeli
1656 690 1804 727 Christi

498 762 618 801 atque
659 751 832 801 apostoli
870 760 1036 800 propter
1074 750 1310 787 Antichristi
1350 749 1567 786 instancias
1605 749 1804 785 timebunt

499 810 693 847 serviliter
734 810 794 847 vel
840 810 1070 855 cessabunt3
1120 821 1305 856 magnam
1352 808 1512 857 quidem
1560 807 1639 843 vim
1686 808 1805 843 habet

499 878 643 905 natura
676 877 713 904 et
745 867 1054 904 inclinacionem
1089 880 1134 903 ac
1164 866 1398 903 facilitatem
1424 865 1673 902 consimilem
1696 865 1804 901 verbi
1824 875 1863 896 10

501 927 591 971 Dei3
632 926 698 962 ille
738 938 830 973 ergo
871 925 1084 973 episcopus
1122 925 1224 961 foret
1264 924 1496 960 demonium
1537 922 1804 959 meridianum

500 994 536 1021 et
570 984 719 1020 directe
743 983 968 1020 contrarius
992 982 1184 1031 episcopo
1209 982 1435 1019 animarum
1460 981 1526 1030 qui
1550 980 1806 1017 necessitaret

500 1056 592 1079 suos
643 1042 826 1078 subditos
876 1043 926 1077 ad
979 1041 1222 1077 audiendum
1275 1040 1428 1077 fabulas
1482 1038 1804 1075 mendicancium

502 1102 787 1137 mendosorum
833 1108 870 1136 et
915 1099 1193 1135 divertendum
1233 1111 1255 1135 a
1293 1097 1575 1146 predicacione
1614 1096 1805 1144 evangelii

501 1159 622 1207 gratis
656 1157 990 1194 denunciancium
1026 1156 1267 1193 catholicam
1301 1156 1522 1193 veritatem.
1826 1154 1862 1186 15

210 1224 277 1251 The
299 1224 428 1250 number
448 1224 481 1249 οι·
558 1219 639 1253 Nec
683 1217 796 1252 obest
836 1217 944 1264 quod
984 1214 1023 1250 in
1055 1217 1293 1251 Terremotu
1339 1213 1605 1250 determinata
1646 1211 1695 1248 sit
1735 1213 1806 1248 hec

235 1258 461 1328 fficlfitssjEfffg
502 1274 649 1311 heresis
684 1287 752 1322 per
787 1274 917 1321 plures
950 1282 1146 1320 satrapas,
1181 1272 1273 1321 quia
1307 1286 1395 1309 cum
1427 1271 1536 1307 multi
1566 1278 1651 1306 sunt
1685 1270 1809 1305 vocati

247 1329 295 1356 the
316 1329 449 1356 deci-ecs.
496 1333 614 1381 pauci
646 1344 734 1367 vero
768 1331 876 1367 electi
914 1340 970 1367 est
1011 1330 1237 1367 evidencius
1271 1332 1378 1379 quod
1419 1329 1611 1378 processit
1645 1341 1687 1364 ex
1721 1328 1804 1376 plu-

502 1390 609 1426 ribus
654 1399 691 1426 et
736 1389 975 1425 forcioribus
1029 1388 1218 1424 membris
1264 1388 1434 1429 diaboli;
1489 1387 1578 1422 ideo
1624 1399 1703 1422 non
1748 1394 1805 1422 est

501 1448 787 1484 attendendum
823 1447 862 1482 in
894 1447 1039 1483 talibus
1078 1446 1239 1493 synodis
1278 1447 1327 1483 ad
1368 1443 1664 1481 multitudinem
1705 1445 1805 1480 elec-
1823 1454 1863 1475 20

502 1516 649 1551 torum,
684 1515 725 1541 ut
758 1518 801 1541 ex
834 1506 909 1541 hoc
941 1514 1130 1552 arguatur
1163 1504 1295 1552 topice
1320 1505 1425 1552 quod
1451 1502 1642 1538 diffinicio
1666 1515 1805 1538 eorum

503 1564 551 1600 sit
585 1563 710 1610 magis
744 1563 932 1605 heretica,
967 1564 1033 1598 sed
1058 1564 1345 1598 attendendum
1370 1571 1426 1598 est
1450 1563 1499 1598 ad
1524 1559 1805 1596 fundacionem

502 1622 699 1658 sinceram
733 1621 906 1657 elicitam
941 1633 983 1656 ex
1016 1620 1225 1667 scriptura.
1466 1652 1470 1657 .

561 1679 840 1716 Communiter
872 1687 1005 1715 autem
1040 1677 1131 1714 talis
1172 1690 1264 1726 pars
1298 1676 1531 1713 Antichristi
1570 1684 1711 1712 onerat
1750 1688 1807 1711 se-

503 1739 656 1774 culares
690 1737 875 1773 dominos
909 1745 944 1772 et
977 1736 1076 1772 alios
1100 1735 1154 1772 eis
1177 1735 1357 1771 subditos
1382 1748 1460 1770 non
1485 1736 1668 1770 honorat.
1703 1732 1807 1778 Quid
1825 1733 1864 1766 25

214 1803 600 1843 Eyit‹uisi-istwps‘rogo
641 1795 843 1843 profectus
882 1795 989 1842 quod
1029 1793 1268 1830 auctoritate
1308 1793 1410 1841 regis
1449 1792 1589 1839 Anglie
1629 1790 1807 1839 episcopi

247 1846 452 1907 ¹mg1¹1¹22³1¹1¹¹¹²³
503 1863 539 1890 et
580 1853 721 1901 prelati
761 1853 834 1889 sibi
874 1851 1021 1887 subditi
1066 1851 1314 1887 incarcerent
1360 1861 1395 1887 et
1440 1849 1626 1886 occidant
1664 1848 1807 1884 iniuste

503 1911 773 1947 communiter
824 1911 964 1946 fratres
1017 1910 1133 1945 suos?
1187 1911 1337 1945 Revera
1389 1910 1543 1944 lucrum
1586 1906 1808 1955 temporale

503 1977 794 2017 consequenter
825 1981 905 2004 non
939 1967 1012 2003 sibi
1038 1966 1179 2011 evenit,
1216 1968 1283 2002 sed
1308 1966 1487 2014 expensis
1512 1964 1614 2012 regis
1638 1974 1675 2001 et
1699 1964 1807 2011 regni

504 2027 721 2062 fundantur
753 2027 850 2062 tales
883 2037 1062 2061 carceres
1096 2033 1133 2061 et
1167 2033 1418 2061 carcerantes
1440 2025 1500 2060 vel
1530 2022 1736 2067 carcerati,
1771 2030 1807 2058 et
1825 2023 1866 2054 30

503 2096 621 2132 super
646 2085 720 2120 hoc
745 2083 938 2130 contingit
962 2095 1095 2130 regem
1117 2095 1159 2119 ex
1183 2095 1378 2119 consensu
1401 2082 1469 2118 tali
1485 2082 1544 2118 vel
1567 2079 1807 2117 auctoritate

504 2142 714 2190 dampnari
760 2150 968 2189 perpetuo,
1016 2154 1061 2177 eo
1103 2142 1209 2188 quod
1254 2140 1302 2176 sit
1337 2139 1510 2176 carnifex
1554 2139 1729 2174 fidelium
1771 2146 1808 2173 et

504 2209 643 2236 auctor
675 2199 876 2235 sentencie
909 2197 1157 2234 Antichristi.
1206 2200 1377 2234 Lucrum
1418 2206 1551 2234 autem
1585 2196 1693 2232 aliud
1727 2195 1807 2243 regi

503 2259 562 2293 vel
587 2270 709 2304 regno
732 2269 838 2293 nunc
862 2268 905 2292 ex
929 2256 1073 2292 talibus
1096 2255 1486 2292 incarceracionibus
1509 2267 1590 2291 non
1614 2262 1806 2302 expectes.

503 2318 550 2351 Et
583 2315 637 2351 ita
671 2314 844 2363 reperies
884 2315 931 2350 de
970 2313 1156 2349 omnibus
1199 2313 1541 2350 declinacionibus
1573 2310 1863 2348 Antichristi35

502 2374 542 2408 in
583 2372 726 2421 quibus
765 2381 822 2408 est
862 2371 1086 2408 contrarius
1128 2371 1331 2407 meritorie
1370 2371 1457 2406 utili
1503 2379 1538 2406 et
1583 2369 1687 2406 facili
1733 2368 1807 2416 legi

504 2430 587 2466 Dei.
634 2430 778 2466 Fidelis
818 2442 910 2477 ergo
951 2430 1122 2477 populus
1157 2442 1246 2465 cum
1281 2430 1424 2465 habeat
1457 2429 1586 2475 largas
1621 2426 1808 2464 ecclesias

504 2497 539 2524 et
563 2489 726 2524 verbum
751 2487 913 2523 Domini
947 2500 1026 2522 non
1058 2486 1114 2523 sic
1147 2487 1368 2537 alligatum,
1400 2499 1481 2523 non
1513 2486 1735 2522 attenderet
1758 2485 1807 2520 ad

503 2546 601 2582 tales
634 2544 861 2593 prepositos
892 2543 1140 2581 Antichristi.

573 2686 614 2712 14.
630 2677 868 2711 mendosorum5
884 2682 978 2704 recte:
995 2677 1223 2704 mardosorum.
1279 2685 1323 2711 27.
1340 2676 1434 2704 Cod.:
1450 2676 1600 2704 occident.
1656 2675 1695 2703 31.
1711 2675 1805 2703 Cod.:

502 2721 566 2739 rem
587 2721 632 2740 ex.

579 2807 626 2838 ¹7·
654 2795 774 2827 Matth.
802 2796 876 2833 XX,
902 2794 950 2826 16.
1053 2795 1104 2826 Cf.
1132 2795 1282 2826 Nomina
1308 2795 1556 2837 episcoporum
1583 2793 1805 2825 consentien-

503 2843 588 2873 tium
624 2849 652 2872 ει
689 2843 924 2884 praesentium
960 2842 991 2872 in
1027 2841 1354 2883 condempnatione,
1392 2842 1486 2874 Fasc.
1513 2841 1587 2880 ziz.,
1620 2850 1697 2882 pag.
1726 2840 1803 2872 286.
