1944 3323
146 234 162 269 3
180 243 223 269 12
702 242 924 274 JOHANNIS
944 243 1125 275 WYCLIF
1145 244 1400 276 SERMONUM
1422 231 1575 288 [SERMO
1592 242 1744 270 XXXVII·

433 349 535 384 foret
565 357 671 385 statu
704 360 775 383 suo
810 348 1043 396 perfeccior.
1078 350 1178 384 Cum
1214 362 1306 397 ergo
1335 349 1562 399 quicunque
1596 360 1741 388 statum

433 406 719 454 perfecciorem
745 405 951 454 reliquerit
975 405 1192 443 omissione
1216 417 1355 456 peccat
1379 408 1563 456 graviter,
1587 409 1743 446 videtur

433 466 541 512 quod
586 464 652 500 illa
699 463 954 511 perplexione
1004 464 1267 512 perfeccionis
1318 466 1396 502 vite
1440 466 1640 503 viancium
1686 476 1742 504 est

433 531 518 558 tota
552 521 729 558 militans
764 521 933 558 ecclesia
966 521 1158 559 involuta.

491 579 696 625 Similiter,
732 592 821 615 cum
864 579 1041 628 episcopi
1080 590 1238 617 servant
1276 590 1423 618 statum
1465 583 1777 630 apostolorum5

433 646 469 673 ct
510 646 636 674 status
676 649 815 673 eorum
857 646 914 673 est
952 646 1058 674 statu
1092 638 1373 687 episcoporum
1414 640 1551 686 alcior,
1585 640 1742 677 videtur

433 696 541 743 quod
580 695 721 731 fratres
755 697 889 743 quoad
929 704 1077 732 statum
1116 698 1323 744 apostolos
1363 699 1618 735 antecellunt.
1665 700 1743 735 Sed

433 753 529 801 quid
574 752 829 789 blasfemius?
873 753 974 789 forte
1022 753 1113 790 hinc
1158 763 1215 790 est
1254 757 1360 803 quod
1404 756 1651 804 predicando
1696 758 1743 793 de

434 810 621 847 fratribus
661 810 741 846 suis
781 823 881 859 quos
921 820 1079 848 sanctos
1120 821 1308 860 reputant
1347 814 1511 861 capiunt
1551 814 1624 850 sibi
1670 827 1743 862 pro

433 870 498 905 the
527 864 532 921 Ι
562 877 680 914 mate,
733 869 796 904 ubi
833 881 1021 918 ponemus
1064 882 1163 917 eum,
1215 880 1251 906 et
1295 872 1481 908 laborant
1526 871 1740 909 evidenciis
1762 865 1841 927 [70¹3

433 926 604 975 putridis
638 928 745 975 quod
779 939 917 963 omnes
951 937 1182 964 sanctorum
1217 929 1377 965 ordines
1411 930 1673 976 antecellunt3
1708 939 1744 966 et
1761 922 1823 954 ²7²

434 984 695 1021 conformiter
735 984 918 1021 senciunt
952 987 998 1021 de
1037 998 1077 1022 se
1115 985 1211 1034 ipsis
1243 986 1455 1033 viantibus,
1496 1000 1584 1024 cum
1619 997 1744 1024 status

434 1043 673 1079 excellencia
706 1055 827 1090 supra
860 1043 1023 1079 divicias
1057 1043 1105 1079 sit
1138 1044 1354 1082 laudanda.
1395 1047 1442 1081 Et
1475 1045 1566 1082 hinc
1599 1045 1745 1082 dicitur

435 1102 542 1149 quod
575 1113 615 1137 se
653 1100 761 1149 ipsos
795 1101 1029 1148 dignificant
1061 1103 1111 1138 ad
1144 1101 1295 1150 primas
1330 1115 1447 1140 cenas
1480 1103 1519 1139 in
1553 1103 1743 1140 conviviis

435 1159 693 1195 dominorum
747 1168 783 1194 et
833 1160 980 1202 habere
1032 1160 1233 1196 recubitus
1284 1161 1323 1197 in
1368 1161 1530 1198 secretis
1575 1161 1800 1198 cameris15

435 1217 706 1253 dominarum.

226 1282 340 1309 Friars‘
494 1277 541 1310 Et
575 1275 665 1311 hinc
689 1275 823 1323 quoad
855 1283 1003 1311 statum
1037 1277 1285 1311 contendunt
1318 1276 1494 1324 plurimi,
1530 1286 1741 1326 querentes

182 1322 380 1378 ρξῗζῗῇῗξῗὲῖ
436 1333 466 1370 si
490 1333 766 1370 sacerdocium
798 1332 846 1369 sit
876 1332 1064 1369 ordinum
1096 1333 1358 1381 privatorum,
1389 1343 1426 1370 et
1455 1334 1611 1371 videtur
1634 1337 1741 1384 quod

210 1386 355 1414 honness.
436 1404 529 1437 non,
576 1390 669 1439 quia
715 1403 803 1427 cum
849 1391 1096 1436 sacerdocio,
1151 1391 1369 1440 episcopio,
1422 1394 1653 1440 apostolatu
1706 1403 1741 1429 et

435 1449 604 1485 statibus
637 1448 724 1485 aliis
747 1448 946 1485 viatorum
980 1458 1058 1485 stat
1089 1459 1296 1497 peccatum
1334 1451 1515 1496 mortale,
1549 1453 1616 1488 sed
1650 1464 1740 1488 curn
1760 1466 1801 1486 20

436 1506 627 1555 religione
671 1519 741 1543 sua
784 1519 865 1542 non
909 1515 985 1542 stat
1025 1516 1234 1555 peccatum
1280 1509 1462 1552 mortale,
1512 1509 1605 1557 quia
1648 1518 1742 1546 tunc

436 1565 537 1601 foret
576 1564 716 1612 religio
754 1564 963 1600 immunda
997 1574 1034 1601 et
1066 1565 1196 1601 forent
1228 1565 1514 1612 inobedientes,
1554 1566 1741 1604 facientes

436 1623 612 1659 indebite
641 1621 832 1671 quicquid
861 1631 994 1670 agunt.
1025 1625 1129 1671 Ergo
1153 1636 1292 1660 omnes
1316 1625 1414 1660 tales
1438 1633 1563 1661 status
1587 1624 1741 1673 priores

437 1690 526 1717 sunt
559 1680 883 1729 imperfecciores
922 1680 1091 1717 statibus
1131 1680 1318 1718 ordinum
1359 1682 1618 1730 privatorum.
1665 1684 1742 1719 Sed

437 1752 508 1787 ego
546 1752 628 1775 non
659 1738 775 1775 video
809 1751 887 1787 quo
920 1740 1100 1775 tenderet
1139 1739 1213 1776 ista
1247 1739 1452 1776 luciferina
1486 1741 1742 1789 presumpcio
1760 1745 1799 1777 25

437 1797 510 1833 nisi
550 1798 657 1845 quod
697 1797 929 1833 excedentes
970 1809 1110 1833 omnes
1150 1806 1275 1834 status
1324 1798 1488 1834 ecclesie
1534 1798 1743 1835 militantis

436 1855 637 1903 parificari
660 1855 797 1891 volunt
821 1854 860 1890 in
884 1863 989 1890 statu
1013 1854 1177 1891 domino
1199 1857 1289 1891 Jesu
1313 1855 1486 1892 Christo.
1521 1856 1742 1905 Responsio

437 1925 531 1961 ergo
573 1913 751 1949 fidelium
792 1921 869 1948 stat
908 1912 948 1948 in
988 1912 1063 1949 isto
1103 1914 1210 1961 quod
1248 1914 1388 1950 fratres
1433 1923 1469 1950 et
1514 1914 1742 1963 quicunque

437 1973 484 2008 de
517 1970 681 2019 privatis
715 1970 922 2006 ordinibus
955 1970 986 2006 si
1009 1971 1155 2007 fuerint
1179 1971 1219 2006 in
1252 1971 1387 2020 aliquo
1421 1981 1527 2008 statu
1549 1972 1739 2009 laudabili

437 2029 548 2065 illum
584 2029 814 2065 mendicant
838 2029 885 2064 de
917 2037 1023 2065 statu
1047 2028 1171 2077 priori
1194 2041 1311 2077 quem
1337 2030 1519 2066 Christus
1551 2031 1740 2077 instituit3
1758 2034 1801 2066 30

435 2100 529 2124 narn
553 2089 686 2135 quoad
718 2096 843 2123 status
876 2086 1062 2135 proprios
1084 2099 1184 2135 quos
1208 2088 1398 2124 haberent
1422 2100 1464 2124 ex
1486 2087 1741 2125 institucione

437 2158 600 2181 suorum
641 2144 841 2189 ordinum,
883 2157 954 2193 ego
999 2144 1133 2181 nescio
1177 2145 1344 2182 fundare
1389 2145 1624 2194 quiditatem
1670 2159 1741 2183 nec

436 2203 729 2251 perfeccionem
770 2215 907 2238 eorum
946 2202 1020 2238 nisi
1063 2212 1105 2238 ut
1145 2202 1222 2239 sint
1262 2213 1440 2240 monstra
1479 2204 1742 2241 accidentalia

435 2261 555 2298 statui
587 2260 819 2297 sacerdotis.

178 2324 387 2362 Whatisthe
495 2320 609 2355 Unde
653 2331 727 2366 pro
772 2318 1051 2354 declaracione
1096 2318 1208 2354 istius
1254 2318 1419 2355 materie
1463 2321 1641 2356 notanda
1687 2328 1744 2356 est
1760 2323 1799 2355 35

176 2359 393 2421 stactltfflrffihthe
437 2376 610 2424 quiditas
644 2385 762 2424 atque
788 2375 996 2413 distinccio
1025 2385 1150 2412 status
1180 2376 1357 2413 ecclesie.
1396 2377 1587 2422 Quamvis
1610 2386 1742 2413 autem

437 2442 562 2470 status
607 2434 763 2470 dicatur
808 2433 1086 2482 multipliciter
1131 2443 1250 2482 atque
1304 2434 1506 2483 equivoce,
1558 2448 1743 2483 suppono

438 2501 572 2528 tamen
605 2493 712 2540 quod
746 2500 870 2528 status
903 2494 953 2528 ad
985 2491 1238 2540 propositum
1271 2492 1321 2528 sit
1344 2492 1560 2540 disposicio
1594 2493 1633 2528 in
1666 2505 1744 2541 qua

437 2551 601 2586 verbum
637 2550 707 2586 Dei
746 2549 946 2586 ordinavit
994 2558 1219 2586 creaturam
1259 2550 1503 2586 racionalem
1544 2559 1660 2597 stare,
1699 2559 1742 2586 ut

439 2607 569 2644 debite
602 2607 746 2644 serviat
771 2610 853 2644 Deo
886 2620 970 2644 suo.
1004 2610 1052 2644 Et
1085 2617 1143 2644 est
1176 2607 1338 2656 quidam
1373 2608 1567 2656 generalis
1600 2608 1640 2644 in
1662 2621 1741 2657 quo
1755 2622 1801 2654 40

507 2772 531 2791 2.
552 2764 646 2793 Cod.:
675 2765 907 2800 perfeccionem.
1049 2764 1072 2792 5.
1096 2764 1190 2793 Cod.:
1219 2774 1242 2792 s.
1265 2774 1293 2793 n.
1321 2766 1447 2799 (scilicet
1472 2765 1566 2799 enim)
1594 2765 1743 2800 episcopi.

439 2809 479 2833 14.
501 2800 548 2827 Cf.
570 2799 668 2827 Lucae
687 2799 767 2835 xxo,
790 2799 839 2833 46.
924 2799 963 2827 18.
986 2799 1078 2827 Cod.:
1108 2800 1146 2827 sit
1166 2800 1259 2827 deest.
1338 2809 1380 2836 19·
1402 2800 1496 2827 Cod.:
1524 2800 1741 2834 apostolatum.

437 2842 484 2869 29.
505 2834 599 2862 Cod.:
627 2834 714 2861 alico.
805 2833 844 2861 31.
867 2833 960 2862 Cod.:
988 2834 1121 2861 haberet.
1217 2833 1260 2862 33.
1282 2835 1375 2862 Cod.:
1404 2835 1462 2861 nisi
1484 2833 1553 2861 sint.
1644 2832 1686 2861 35.
1706 2834 1739 2861 In

438 2877 550 2904 marg:
577 2868 667 2896 Nota.
740 2867 785 2896 38.
805 2868 839 2896 In
859 2876 973 2904 marg:
1003 2868 1086 2904 Quid
1107 2873 1151 2896 est
1171 2873 1276 2896 status.
1349 2878 1399 2903 40.
1420 2869 1453 2896 In
1474 2876 1588 2903 marg:
1617 2876 1636 2896 1.
