1944 3323
193 642 293 669 These
314 641 444 668 lic-relies

196 681 308 704 cannot
328 677 447 711 explain

221 712 303 738 what
324 711 428 738 Christ

238 755 342 773 means
364 747 401 782 by

272 781 374 807 broad.

195 1279 282 1315 They
304 1278 446 1305 attribute

188 1320 217 1341 to
239 1315 285 1340 the
307 1313 459 1352 Popevthe

246 1357 349 1383 power
370 1352 399 1374 ot

187 1384 310 1417 wiking
330 1383 459 1410 Christ's

228 1420 283 1445 law
307 1419 423 1453 liei'esy.

259 2033 302 2060 St.
327 2033 395 2058 l’aul

199 2068 323 2102 appenls
345 2072 374 2093 to
396 2068 443 2093 the

189 2102 361 2136 Ephesiam
378 2102 415 2136 by
432 2101 460 2127 1ιί

204 2137 451 2171 luiprisoiuncut.

765 236 987 268 JOHANNIS
1006 235 1191 267 WYCLIF
1210 235 1463 267 SERMONUM
1557 222 1708 280 [SERMO
1728 234 1777 262 LI.

473 343 680 381 sentimus,
734 342 825 378 licet
869 343 1001 390 quoad
1051 342 1421 378 consideracionem
1471 342 1648 378 fidelium
1696 343 1778 380 eius

473 401 646 450 quiditas
679 409 846 448 propter
870 400 1050 447 corporis
1075 400 1222 436 Christi
1248 400 1529 436 excellenciam
1554 409 1611 436 est
1634 401 1777 448 sopita,

472 469 514 495 ut
546 459 683 494 videns
715 458 941 506 ymaginem
978 458 1144 494 dimittit
1176 458 1431 494 considerare
1463 466 1649 494 naturam
1684 459 1778 507 ligni

473 527 509 554 et
554 518 593 553 in
638 515 966 552 consideracione
1012 529 1057 552 ac
1101 516 1363 552 veneracione
1402 516 1530 552 sancti
1571 516 1681 553 cuius
1723 526 1779 553 est

471 588 615 623 ymago
655 583 849 622 quantum
897 574 1043 609 suflicit
1083 587 1122 610 se
1161 575 1379 622 suspendit.
1424 576 1537 610 Tunc
1577 574 1680 610 enirn
1722 578 1811 611 δὲ’-5

473 635 647 670 cundum
682 632 945 679 philosophos
979 632 1074 668 talia
1109 645 1130 668 a
1164 632 1493 668 consideracione
1526 632 1691 669 dimissa
1723 633 1779 668 di-

473 700 616 727 cuntur
654 704 735 726 non
776 703 858 726 esse
897 690 937 725 in
977 698 1079 725 actu.
1128 691 1240 726 Unde
1281 690 1508 738 frequenter
1542 691 1691 738 quesivi
1731 692 1779 726 ab

473 748 556 785 istis
599 748 784 784 hereticis
818 747 913 796 quid
947 747 1127 783 Christus
1161 747 1346 795 intelligit
1379 760 1449 795 per
1482 760 1626 795 panem
1662 760 1776 796 quem

471 815 616 843 vocant
649 815 730 842 tam
766 805 1036 841 communiter
1068 814 1378 850 sacramentum,
1420 814 1456 841 et
1498 806 1634 841 dicunt
1673 808 1780 854 quod

473 865 658 901 accidens
697 865 803 912 quod
846 864 1043 911 ignorant,
1090 864 1290 910 glosantes
1329 863 1503 911 speciem
1543 863 1839 911 specialissi-1o

475 935 581 958 mam
621 922 676 958 rei
715 922 810 958 satis
849 930 942 957 note
982 934 1052 968 per
1091 921 1306 957 terminum
1353 922 1567 969 analogum
1612 921 1781 957 nimium

474 981 724 1028 ignoratum3
769 981 875 1015 unde
907 992 989 1015 non
1021 980 1124 1015 valet
1164 992 1302 1015 eorum
1344 979 1504 1015 ficticia.
1551 981 1782 1025 Quacontra

476 1039 612 1074 dicunt
657 1040 764 1086 quod
810 1037 966 1085 expedit
1011 1046 1093 1073 tam
1140 1037 1217 1073 illis
1262 1050 1382 1085 quam
1435 1037 1551 1073 nobis
1598 1037 1782 1085 ignorare

475 1096 711 1144 quiditatem
748 1095 862 1131 huius
895 1095 1131 1131 venerabilis
1164 1095 1418 1140 sacramenti,
1452 1095 1553 1131 sicut
1576 1095 1783 1143 ignoratur

476 1168 497 1190 a
530 1154 643 1190 nobis
667 1154 841 1201 quiditas
865 1153 936 1189 Dei
968 1153 1108 1198 nostri,
1143 1162 1226 1189 tum
1252 1153 1345 1201 quia
1378 1154 1453 1189 hoc
1486 1162 1779 1189 sacramentum
1805 1155 1839 1186 15

476 1221 532 1248 est
571 1212 666 1248 satis
699 1211 884 1248 sensibile
918 1220 954 1247 et
986 1211 1101 1258 panis
1134 1213 1182 1247 ab
1216 1212 1402 1258 apostolo
1435 1211 1663 1256 diffinitum,
1698 1220 1781 1247 tum

477 1270 602 1307 eciam
628 1270 720 1318 quia
754 1269 1002 1316 evangelium
1037 1269 1181 1305 diffinit
1214 1269 1310 1305 illud
1345 1282 1428 1305 esse
1452 1282 1597 1316 corpus
1621 1269 1781 1313 Christi,

476 1329 577 1364 sicut
611 1329 739 1363 maior
772 1340 863 1375 pars
899 1327 1063 1363 ecclesie
1095 1340 1185 1363 vere
1211 1327 1336 1363 credit
1361 1329 1469 1375 quod
1493 1328 1571 1362 tale
1596 1327 1782 1363 accidens

476 1386 525 1421 sit
549 1399 693 1433 corpus
719 1385 879 1423 Christi,
915 1397 1054 1421 omnes
1087 1385 1256 1432 predicti
1290 1385 1453 1421 heretici
1489 1398 1568 1420 non
1593 1386 1783 1421 auderent

475 1457 664 1480 asserere.
710 1445 770 1479 Ad
811 1444 886 1479 hoc
929 1452 1059 1479 autem
1105 1443 1231 1478 tendit
1265 1443 1420 1479 insania
1454 1445 1560 1491 quod
1595 1445 1784 1479 Innocen—
1802 1456 1842 1475 20

475 1502 558 1538 cius
599 1504 659 1537 ΙΙΙ.
701 1503 905 1537 Romanus
945 1500 1156 1548 episcopus
1197 1510 1233 1537 et
1272 1513 1341 1549 per
1381 1501 1486 1537 idem
1526 1500 1627 1537 alius
1666 1502 1783 1537 habet

475 1568 714 1608 potestatem
750 1559 994 1595 hereticandi
1030 1560 1157 1605 legem
1182 1559 1329 1595 Christi
1364 1567 1399 1594 et
1432 1572 1503 1606 per
1537 1571 1784 1607 consequens

474 1620 607 1653 Jesum
642 1626 824 1653 nostrum
859 1626 895 1652 ct
928 1617 1128 1653 statuendi
1162 1618 1289 1664 legem
1313 1616 1572 1654 contrariam.
1608 1618 1685 1653 Sed
1709 1629 1784 1665 que

476 1675 666 1711 sanctitas
698 1676 759 1711 vel
791 1674 963 1711 sciencia
996 1675 1036 1710 in
1068 1675 1137 1710 tali
1171 1674 1337 1711 ecclesia
1369 1674 1627 1711 Antichristi?

988 1812 1179 1851 SERMo
1214 1813 1275 1850 LI.
1803 1816 1840 1846 25

540 1909 708 1944 Obsecro
743 1920 809 1943 vos
841 1920 914 1957 ego
948 1907 1095 1942 vinctus
1117 1907 1153 1942 1'11
1177 1907 1357 1949 Domino,
1392 1914 1430 1941 ut
1454 1906 1564 1955 (ligni
1585 1906 1786 1941 ambuletis

478 1967 679 2003 vocacione
711 1978 782 2014 qim
818 1966 942 2001 vocati
971 1965 1071 2000 estis.
1106 1966 1165 1999 Ad
1198 1966 1298 2011 Eph.
1333 1966 1416 2006 1V⁴⁷,
1448 1977 1478 1999 1.

535 2024 752 2072 Apostolus
785 2023 823 2058 in
863 2023 937 2058 ista
978 2022 1148 2069 epistola
1189 2023 1372 2058 hortatur
1410 2023 1557 2057 nedum
1591 2021 1784 2069 Ephesios

478 2085 525 2118 ad
570 2081 755 2117 ordinate
807 2082 1044 2116 servandum
1101 2079 1268 2116 moralia
1320 2081 1387 2115 sed
1435 2079 1560 2115 eciam
1607 2079 1782 2126 singulos

478 2139 736 2184 christianos3
770 2140 838 2174 sed
872 2138 963 2186 quia
997 2137 1267 2173 incarceracio
1297 2137 1479 2185 Apostoli
1512 2149 1590 2185 qua
1622 2137 1694 2173 fuit
1726 2137 1782 2173 in·
1800 2139 1839 2171 30

478 2206 705 2233 carceratus
747 2198 870 2231 Rome
910 2204 1086 2231 moveret
1126 2195 1319 2242 Ephesios
1365 2196 1413 2231 ad
1453 2195 1680 2242 gratancius
1720 2207 1783 2230 ac-

478 2256 720 2302 ceptandum
751 2267 863 2290 suam
897 2253 1156 2295 sentenciam,
1192 2253 1281 2289 ideo
1315 2253 1370 2289 sic
1403 2252 1576 2288 orditur:
1617 2253 1784 2288 Obsecro

480 2326 544 2349 vos
567 2325 640 2362 ego
665 2313 811 2347 vinctus
833 2312 868 2346 in
891 2312 1069 2346 Domino.
1105 2313 1194 2346 Non
1218 2311 1323 2346 enim
1349 2310 1419 2346 fuit
1442 2312 1598 2346 vinctus
1621 2318 1786 2358 propter

479 2370 740 2407 homicidium
781 2369 861 2405 sive
894 2370 1042 2404 furtum
1076 2370 1142 2404 sed
1177 2377 1342 2416 propter
1375 2367 1645 2404 defensionem
1680 2367 1784 2410 fidei,

478 2429 568 2464 ideo
608 2428 703 2463 dicit
742 2440 782 2463 se
816 2440 898 2463 esse
932 2428 966 2462 in
1000 2427 1166 2462 Domino
1200 2427 1378 2464 vinctum.
1424 2428 1471 2461 Et
1510 2434 1619 2473 patet
1658 2425 1840 2462 consi-35

480 2486 633 2522 det-anti
669 2498 711 2521 ex
745 2485 976 2521 maturitate
1017 2493 1142 2520 status
1174 2484 1357 2531 Apostoli
1391 2485 1598 2531 quomodo
1636 2483 1691 2518 sic
1730 2482 1787 2520 in-

480 2552 706 2580 carceratus
725 2543 950 2590 predicaret
969 2542 1046 2577 illis
1067 2542 1223 2577 fidelem
1243 2542 1489 2577 sentenciam
1511 2550 1547 2576 et
1572 2541 1784 2576 salubrem.

480 2604 591 2637 Patet
640 2601 817 2637 secundo
862 2609 1054 2648 quantam
1104 2599 1359 2647 diligenciam
1409 2598 1578 2635 servavit
1627 2606 1785 2634 sanctus

549 2732 581 2750 11.
604 2723 697 2751 Coit:
720 2723 885 2750 terminum
909 2723 1006 2750 twice.

554 2807 605 2838 25.
640 2807 823 2838 Dominica
851 2807 983 2837 decima
1010 2807 1157 2847 septima
1193 2813 1270 2847 post
1298 2805 1516 2837 Trinitatem.
1552 2804 1603 2836 Cf.
1628 2802 1784 2845 Wyclif's

482 2854 658 2890 Sermons,
686 2854 738 2883 ed.
767 2853 810 2893 by
838 2853 981 2892 Arnold⁷
1009 2853 1050 2891 ΙΙ,
1077 2863 1154 2893 pag.
1183 2851 1372 2894 356—359.
