1944 3323
138 932 174 951 l()

137 1211 172 1242 15

131 2086 173 2117 30

133 2376 171 2407 35

190 212 326 242 SERMO
349 202 442 260 xri]
670 217 846 248 Tearm
876 217 1003 249 mas.

683 356 878 395 SERMO
913 358 1018 396 XLI.

250 452 471 487 Humanum
527 452 610 487 iiic«)
659 459 826 500 propter
874 453 1136 502 infirmitatem
1191 453 1321 488 carnis
1375 461 1510 489 vestre.

192 512 303 545 Rom.
331 511 414 548 ΥΡ,
449 522 506 556 ιι).

248 569 325 604 Ista
358 568 528 616 epistola
562 569 679 604 docet
715 568 847 604 media
881 577 917 604 et
952 568 1173 604 medicinas
1208 582 1277 616 per
1310 582 1387 617 que
1420 581 1510 616 pec-

190 635 278 662 cata
324 626 501 663 carnalia
547 635 583 661 et
628 638 766 673 grossa
811 627 983 662 debeant
1028 626 1182 663 evitari.
1229 626 1371 674 Incipit
1417 639 1509 674 ergo

189 684 407 732 Apostolus
441 693 483 720 ut
507 685 683 732 prudens
709 684 886 720 medicus
910 686 1118 733 quomodo
1142 686 1259 721 debet
1282 684 1509 721 carnalibus

189 754 394 790 apponere
440 741 705 779 medicinam:
754 742 994 790 Humanum,
1038 742 1182 791 inquit,
1225 743 1310 779 dico
1343 751 1511 792 propter

189 800 451 850 [Jfirnzilatem
485 801 614 837 carnis
648 809 784 837 vestre.
832 802 1080 842 Humanum,
1121 801 1160 836 id
1195 810 1264 847 est,
1305 801 1509 838 sentencia

191 859 310 906 plana
343 868 380 894 et
413 858 520 894 utilis
545 858 748 895 auditorio
771 859 841 895 tali
866 858 1106 895 conveniens
1131 872 1254 908 quam
1278 859 1510 907 predicator

189 917 249 953 vel
281 925 444 953 curator
484 918 601 953 debet
639 917 678 953 in
717 917 788 954 tali
827 917 979 965 populo
1019 917 1232 954 seminare.
1286 917 1508 954 prudencia

189 974 294 1011 enim
335 974 480 1023 prelati
519 974 636 1011 huius
676 984 753 1012 stat
793 975 832 1011 in
872 976 947 1011 hoc
987 976 1095 1023 quod
1134 984 1247 1023 aptat
1291 988 1428 1011 semen
1472 984 1510 1012 et

191 1033 431 1069 medicinam
472 1034 637 1081 populo,
683 1042 725 1069 ut
766 1032 840 1069 sibi
881 1034 969 1081 plus
1010 1033 1195 1081 congruit
1234 1035 1284 1070 ad
1324 1034 1508 1070 salutem.

189 1090 294 1136 Quid
329 1091 433 1127 enim
468 1092 572 1127 valet
605 1092 815 1139 predicare
848 1091 937 1127 rudi
971 1092 1123 1140 populo
1156 1091 1399 1128 subtilitates
1421 1091 1509 1128 Tri-

188 1149 324 1186 nitatis
367 1149 569 1186 increate?
616 1151 764 1186 Revera
803 1149 910 1186 idem
950 1149 1108 1186 videtur
1148 1162 1233 1186 esse
1272 1162 1317 1186 ac
1357 1150 1388 1186 si
1422 1150 1509 1198 quis

188 1207 405 1244 seminaret
436 1209 683 1244 frumentum
718 1208 758 1244 in
791 1207 945 1256 lapides
977 1209 1038 1244 vel
1071 1217 1221 1244 terram
1263 1207 1437 1244 sterilem
1474 1217 1509 1244 et

189 1266 394 1303 incultam.
419 1268 467 1302 Et
491 1266 565 1302 ista
587 1266 744 1302 videtur
760 1265 907 1302 Christi
932 1266 1136 1303 sentencia
1159 1266 1508 1309 MattheiV110,‹32

189 1325 316 1361 Nolite
353 1332 526 1360 sanctum
562 1326 658 1361 dare
694 1325 850 1360 canibus
888 1337 1005 1373 neque
1036 1337 1230 1374 spargere
1266 1326 1509 1375 margaritas

188 1384 286 1419 inler
314 1395 468 1431 porcos.
505 1383 562 1418 llli
596 1383 702 1419 enim
736 1392 920 1419 sanctum
956 1385 1051 1419 dant
1085 1382 1251 1419 canibus
1275 1382 1342 1431 qui
1376 1383 1507 1431 predi-

189 1451 279 1478 cant
312 1440 561 1489 evangelium
596 1441 793 1477 induratis
827 1441 866 1477 in
899 1441 1067 1478 erimine
1107 1449 1143 1477 et
1183 1440 1320 1488 pronis
1359 1443 1410 1477 ad
1450 1454 1508 1477 re-

188 1500 480 1536 cidix'acionem
514 1509 723 1548 tamquam
759 1499 868 1536 canis
903 1499 969 1548 qui
1004 1499 1105 1535 redit
1128 1500 1178 1535 ad
1202 1499 1417 1544 vomitum3
1452 1499 1508 1534 illi

187 1558 291 1594 enim
346 1567 540 1606 spargunt
594 1558 832 1606 margaritas
886 1558 988 1594 inter
1041 1570 1186 1605 porcos
1232 1557 1299 1605 qui
1344 1557 1508 1594 subtiles

186 1617 373 1654 veritates
414 1625 643 1652 constantes
684 1625 721 1652 et
759 1616 914 1652 lucidas
948 1615 1145 1652 instanter
1179 1616 1390 1663 predicant
1424 1629 1508 1652 car-

187 1675 345 1711 nalibus
378 1674 615 1722 voluptariis
649 1684 685 1710 et
716 1674 840 1710 tardis
874 1674 1036 1722 ingenii.
1070 1675 1189 1710 Tales
1223 1674 1328 1710 enim
1363 1676 1508 1710 debent

189 1747 258 1782 per
291 1734 472 1781 exempla
505 1732 708 1769 sensibilia
744 1732 973 1769 manuduci.
1009 1735 1130 1768 Istam
1164 1741 1299 1768 autem
1333 1733 1506 1768 formam

188 1791 429 1840 generaliter
462 1791 721 1839 prosequitur
754 1800 916 1827 sanctus
953 1792 1097 1826 Paulus
1138 1790 1346 1826 inculcans
1387 1791 1508 1827 tacite

187 1850 429 1886 subtilitates
468 1849 686 1886 altissimas
719 1862 818 1897 quas
857 1862 937 1885 non
977 1848 1123 1885 sufficit
1164 1850 1508 1897 comprehendere

188 1918 296 1945 totus
331 1910 516 1944 mundus.

245 1967 482 2014 Exemplum
516 1975 651 2002 autem
676 1967 950 2002 manuducens
974 1965 1111 2001 fideles
1136 1965 1385 2009 rudisshnos,
1411 1979 1509 2013 quo-

191 2027 311 2062 modo
350 2024 461 2073 prius
499 2024 677 2061 viventes
717 2023 757 2060 in
796 2023 1026 2072 petulancia
1067 2025 1213 2060 debent
1254 2024 1385 2060 facere
1427 2027 1509 2060 Deo

189 2083 490 2119 restitucionem
524 2083 564 2118 in
598 2081 807 2118 serviendo
831 2082 906 2118 sibi
930 2081 1075 2128 debite,
1109 2091 1187 2118 stat
1217 2081 1257 2117 in
1291 2081 1366 2118 isto
1401 2083 1508 2130 quod

189 2141 430 2178 sensibiliter
463 2149 712 2189 cognoscunt
746 2140 974 2188 proximum
1001 2140 1055 2176 eis
1080 2139 1341 2176 iniuriantem
1365 2142 1509 2176 debere

189 2200 244 2236 eis
276 2199 510 2236 satisfacere
544 2211 866 2246 recompensam.
902 2200 1006 2246 Ergo
1040 2211 1112 2246 per
1145 2199 1280 2235 locum
1316 2211 1336 2234 a
1363 2198 1507 2235 maiori

190 2258 257 2306 qui
297 2257 511 2294 iniuriatur
555 2269 744 2305 supremo
785 2256 951 2293 domino
990 2256 1044 2292 ita
1090 2258 1221 2293 debet.
1268 2257 1369 2293 Cum
1416 2269 1508 2305 ergo

189 2329 232 2352 ex
266 2316 343 2352 side
377 2315 485 2352 dedit
520 2317 624 2351 Deus
657 2315 795 2351 omnia
830 2315 1011 2351 membra
1045 2323 1081 2350 et
1115 2327 1354 2363 quecunque
1394 2324 1508 2351 natu-

190 2374 288 2410 ralia
322 2373 406 2410 istis
442 2373 672 2410 hominibus
706 2382 748 2409 ut
782 2385 826 2409 ex
858 2373 1017 2420 integro
1051 2372 1125 2409 sibi
1159 2372 1347 2419 serviant,
1383 2373 1508 2409 mani-

188 2433 333 2468 festum
367 2441 424 2468 est
457 2433 564 2480 quod
605 2432 836 2479 petulanter
876 2430 1092 2476 declinant,
1134 2431 1344 2467 serviendo
1384 2431 1508 2477 carni,

258 2566 285 2589 q.
307 2555 480 2586 auditorim
502 2554 587 2581 coer:
610 2558 726 2583 aucta..
793 2561 835 2588 19,
857 2562 903 2580 20.
928 2553 1182 2581 residixacionem
1206 2553 1235 2580 in
1257 2555 1325 2581 cod.
1392 2553 1435 2582 23.
1458 2564 1510 2581 vo-

188 2590 347 2625 luptariis:
367 2590 454 2617 cod.:
476 2589 600 2624 volupas
621 2589 700 2620 usion
722 2588 855 2615 fortasse
876 2588 1057 2623 legendum:
1080 2588 1260 2615 homiuibus
1281 2589 1310 2617 in
1332 2590 1508 2617 carnalibus

189 2625 398 2661 vuluptatibus
424 2625 482 2651 lsor
508 2624 628 2659 fleishly
650 2623 738 2650 Iustis
759 2623 824 2650 that
845 2623 904 2649 thei
927 2623 1014 2653 hare,
1036 2624 1186 2650 sermons
1213 2624 1230 2650 l.
1252 2627 1303 2655 ol:
1331 2624 1390 2651 ib.:
1418 2625 1508 2651 tardi.

188 2663 232 2687 ’.Ν
255 2661 350 2687 coar:
378 2659 553 2693 exemplum
576 2664 676 2685 autem
699 2657 794 2692 quod.
902 2656 948 2684 30.
972 2663 1030 2684 stat
1052 2658 1080 2684 iu
1104 2658 1179 2686 isto:
1207 2659 1293 2685 emt:
1323 2659 1425 2686 statim
1448 2660 1507 2686 isti.

189 2694 233 2721 2³¹3.
256 2695 351 2722 (jod.:
381 2695 517 2728 petulant
538 2693 706 2721 declinans.
729 2692 785 2719 llic
807 2693 892 2719 locus
914 2698 1089 2727 corruptus.
1112 2693 1242 2728 Aliquot
1265 2695 1355 2721 verba
1377 2694 1509 2721 exidisse

191 2730 342 2757 xidemur.

265 2814 291 2836 1.
320 2801 503 2833 Dominica
530 2802 680 2844 septima
709 2811 787 2844 post
813 2802 1037 2833 Trinitatem.
1067 2802 1117 2833 Cf.
1140 2802 1299 2843 Wyclif‘s
1328 2803 1507 2839 Sermom,

189 2849 243 2879 ed.
270 2849 315 2890 by
342 2848 489 2885 Amoffl,
519 2848 555 2886 11,
583 2859 661 2890 pag.
690 2848 883 2881 330—331.

1544 577 1622 603 How
1645 582 1674 603 to
1695 577 1786 615 avoid

1572 617 1656 646 great
1678 620 1752 638 s'lns.

1536 1970 1725 1998 Atonement
1745 1970 1792 1997 for

1631 2010 1699 2039 past

1555 2040 1774 2067 disobedience

1543 2075 1596 2102 lies
1617 2075 1646 2102 iu
1669 2076 1784 2102 service

1596 2115 1625 2137 to
1648 2110 1728 2137 God.
