1944 3323
220 207 297 251 340
797 218 1018 250 JOHANNIS
1040 219 1223 251 WYCLlF
1242 220 1496 252 SERMONUM
1574 208 1724 264 [SERMO
1747 219 1806 246 XL-

503 323 609 368 quod
649 321 751 358 idem
795 333 1002 360 causatum
1044 327 1187 361 habeat
1221 326 1414 373 plurimos
1448 339 1517 373 per
1550 339 1589 362 se
1623 327 1732 373 fines,
1767 337 1807 363 ut

502 378 678 415 innuicio
712 393 788 428 qua
820 381 999 417 Christus
1033 382 1223 419 innuebat
1256 383 1408 419 devotis
1442 397 1553 420 suam
1589 385 1806 432 egenciam,

503 437 641 472 habuit
679 451 791 474 suam
834 439 1125 476 relevacionem
1161 442 1413 489 corporalem
1448 450 1484 478 et
1516 443 1805 479 relevacionem

503 494 751 541 spiritualem
788 496 966 532 fidelium
1001 497 1066 545 qui
1102 498 1174 533 sibi
1208 499 1447 546 temporalia
1482 501 1742 536 donaverunt.

227 560 467 600 Astu-apsqu
560 554 606 587 Et
640 562 833 600 quantum
874 556 924 590 ad
956 555 1124 591 tercium
1164 566 1273 603 patet
1313 559 1420 605 quod
1460 566 1517 593 est
1549 570 1704 594 summe
1736 558 1841 595 ini-5

225 594 474 660 C¹ss¹l¹15¹ff⁵nss⁴1¹¹¹1ss¹jssl
501 610 691 657 possibile
737 613 844 659 quod
877 612 1059 649 Christus
1099 613 1154 649 sic
1199 623 1307 661 petat
1347 615 1587 662 temporalia
1626 628 1698 663 pro
1737 629 1808 651 suo

448 658 452 663 ⁴
502 668 743 704 relevamine
788 671 1008 706 secundum
1053 671 1255 707 racionem
1301 680 1426 708 status
1472 672 1706 709 innocencie
1749 674 1809 709 vel

501 725 711 761 existencie
756 739 824 763 sue
871 727 911 763 in
955 729 1101 775 gracia,
1142 729 1234 777 quia
1273 739 1366 766 tunc
1406 730 1556 766 diceret
1595 732 1702 779 quod
1742 731 1808 767 illa

500 783 608 819 racio
642 793 889 832 competeret
921 798 992 821 suo
1032 786 1264 822 relevamini
1299 796 1335 823 et
1368 800 1437 835 per
1470 800 1717 836 consequens
1753 789 1808 836 (in

500 850 693 888 quantum
730 851 785 878 est
808 842 999 880 innocens
1033 853 1069 880 et
1092 844 1147 880 sic
1178 843 1218 879 in
1251 844 1399 891 gracia)
1423 847 1529 893 quod
1564 855 1620 881 est
1653 859 1808 882 summe
1828 864 1866 884 ιο

499 899 760 946 impossibile,
801 900 895 948 quia
922 901 1044 938 ·racio
1083 902 1290 950 utriusque
1323 911 1448 939 status
1482 903 1522 938 in
1553 916 1624 939 sua
1656 904 1807 951 perfec-
1836 947 1849 952 Ἴ

500 956 613 992 cione
653 957 792 1004 pocius
833 959 1005 995 excludit
1044 960 1164 996 talem
1195 957 1198 1012 Ι
1229 960 1446 1008 egenciam.
1494 962 1585 997 Ideo
1626 961 1807 998 Christus
1826 947 1904 1023 52¹)

500 1015 716 1062 postulavit
738 1016 793 1052 sic
814 1016 1006 1053 innuitive
1027 1019 1245 1053 secundum
1272 1018 1474 1054 racionem
1493 1032 1570 1067 qua
1592 1019 1807 1067 assumpsit
1828 1014 1861 1034 ‘s

499 1081 677 1108 nostram
740 1074 942 1110 miseriam
997 1084 1033 1110 et
1085 1089 1165 1111 non
1218 1078 1436 1112 secundum
1491 1076 1692 1113 racionem
1747 1077 1806 1113 sui

500 1130 682 1176 dominii,
716 1131 807 1167 licet
840 1132 927 1180 ipsa
961 1133 1068 1168 racio
1102 1134 1328 1170 necessario
1362 1134 1480 1170 fuerit
1514 1134 1719 1171 comitata.
1828 1143 1862 1173 13

243 1198 289 1236 As
310 1197 382 1223 such
406 1196 450 1236 Ηρ
557 1190 605 1223 Et
637 1197 745 1236 patet
779 1192 886 1237 quod
925 1200 1119 1238 repugnat
1153 1191 1327 1239 aliquem
1361 1201 1465 1228 recte
1499 1193 1701 1240 postulare
1735 1206 1806 1240 pro

212 1232 482 1293 '{}}§'¹}(J¹,ss¹]f¹nqff,¹3¹¹
498 1258 569 1281 suo
609 1247 848 1283 relevamine
893 1247 976 1284 sine
1014 1249 1176 1296 egencia
1221 1251 1438 1285 secundum
1480 1250 1682 1286 racionem
1729 1264 1806 1298 qua

499 1313 555 1339 est
580 1305 766 1340 dominus
800 1306 1003 1353 postulati.
1040 1307 1220 1342 Christus
1244 1316 1378 1343 tamen
1412 1309 1658 1344 extendendo
1691 1321 1803 1344 suum

499 1362 723 1398 dominium
769 1376 861 1410 sepe
906 1364 1026 1411 peciit
1072 1366 1291 1400 secundum
1344 1367 1507 1401 modum
1558 1365 1805 1411 dominandi,

500 1428 539 1454 ut
572 1429 682 1467 patet
707 1422 753 1456 de
787 1421 899 1457 asina
933 1430 967 1457 et
993 1422 1102 1469 pullo
1137 1422 1232 1467 eius,
1267 1423 1314 1458 de
1338 1424 1494 1459 Zachco
1529 1433 1565 1459 et
1597 1423 1806 1459 similibus.
1825 1440 1865 1460 ρο

499 1479 546 1512 Et
590 1477 618 1513 si
661 1478 817 1514 dicatur
856 1481 962 1527 quod
1011 1479 1217 1526 limitator7
1267 1493 1356 1516 cum
1402 1482 1580 1528 postulat
1619 1494 1691 1529 pro
1736 1494 1807 1517 suo

499 1545 708 1581 conventu,
743 1550 823 1572 non
856 1537 1069 1582 mendicat,
1104 1547 1214 1585 patet
1237 1540 1343 1586 quod
1377 1552 1457 1574 non
1490 1538 1682 1587 sequitur,
1717 1552 1804 1575 cum

498 1606 570 1640 pro
616 1595 777 1641 egencia
823 1595 881 1630 sui
929 1595 983 1630 sic
1024 1597 1214 1643 postulat,
1261 1596 1352 1632 licet
1396 1597 1504 1632 aliud
1550 1597 1714 1633 stulcius
1758 1597 1807 1633 sit

498 1660 697 1697 secutum3
733 1662 768 1688 et
792 1661 888 1688 nota
912 1654 1020 1700 quod
1049 1653 1149 1689 sicut
1179 1654 1428 1690 mendicacio
1456 1655 1495 1690 in
1524 1668 1594 1691 sua
1622 1655 1806 1702 analogia

498 1709 668 1745 sumitur
706 1710 797 1746 licet
836 1711 1028 1758 equivoce
1075 1724 1148 1758 pro
1194 1712 1496 1748 mendicacione
1534 1712 1643 1749 licita
1688 1721 1806 1761 atque
1824 1720 1861 1750 25

499 1766 651 1813 illicita,
699 1768 949 1804 mendicacio
994 1778 1127 1805 autem
1174 1769 1336 1817 proprie
1382 1770 1487 1806 dicta
1527 1779 1564 1806 et
1602 1770 1715 1806 unita
1755 1772 1804 1806 ad

498 1824 812 1872 descripcionem
835 1826 1065 1862 huiusmodi
1082 1827 1210 1862 solum
1227 1827 1399 1862 sumitur
1414 1840 1486 1875 pro
1504 1828 1805 1864 mendicacione

497 1883 626 1917 solum
650 1882 771 1919 licita.
807 1885 860 1919 Ex
885 1883 1028 1931 quibus
1050 1884 1206 1920 videtur
1230 1886 1338 1932 quod
1363 1885 1611 1922 mendicacio
1635 1887 1800 1922 fratrum

496 1952 577 1975 non
632 1950 689 1976 est
741 1941 991 1977 mendicacio
1041 1943 1109 1978 sed
1159 1942 1443 1990 sophisticacio
1494 1944 1715 1991 ypocritica
1768 1953 1803 1979 et

496 1997 651 2045 rapina.
712 2000 771 2034 Ad
824 2012 958 2035 veram
1012 1999 1173 2047 quidem
1228 2000 1575 2037 mendicacionem
1629 2010 1802 2049 oportet,
1822 2008 1862 2039 30

496 2055 627 2102 primo
661 2058 768 2104 quod
802 2069 976 2104 persona
1010 2057 1244 2094 mendicans
1277 2058 1408 2106 primo
1442 2068 1553 2106 egeat
1585 2060 1802 2106 postulato,

497 2115 602 2161 quod
648 2123 729 2150 tam
776 2115 816 2150 in
861 2114 1080 2151 limitatore
1121 2128 1241 2164 quam
1287 2116 1327 2152 in
1370 2129 1442 2153 suo
1488 2117 1664 2165 capitulo
1711 2130 1803 2165 sepe

495 2171 613 2215 fallit;
648 2181 807 2219 oportet
839 2174 1014 2209 secundo
1039 2175 1146 2220 quod
1179 2175 1398 2210 secundum
1430 2187 1564 2210 veram
1599 2175 1800 2211 racionem

495 2238 604 2275 petat
637 2243 710 2276 pro
744 2243 814 2265 suo
850 2230 1090 2266 relevamine
1125 2233 1231 2279 quod
1265 2231 1391 2268 eciam
1425 2244 1517 2280 sepe
1549 2233 1668 2273 fallit:
1712 2232 1802 2268 ideo

495 2286 632 2322 dicunt
665 2287 828 2335 quidam
864 2290 971 2336 quod
1006 2289 1255 2325 mendicacio
1298 2290 1466 2325 fratrum
1502 2299 1558 2326 est
1592 2290 1859 2327 fantastica3'3

494 2344 686 2391 ypocrisis
726 2345 861 2381 falsius
900 2346 1100 2382 simulata.
1154 2349 1235 2382 Nec
1273 2349 1385 2383 obest
1425 2349 1531 2396 quod
1577 2349 1802 2384 clamorosa

496 2402 744 2439 mendicacio
789 2403 838 2438 sit
877 2403 999 2447 licita,
1041 2417 1129 2440 cum
1174 2405 1435 2441 necessitatus
1480 2415 1620 2441 eventu
1667 2405 1798 2442 celesti

495 2472 607 2506 egere
640 2469 677 2495 et
701 2473 836 2496 carere
869 2461 1056 2508 potencia
1090 2474 1129 2497 se
1162 2463 1291 2509 ipsum
1326 2464 1373 2498 de
1405 2464 1544 2499 labore
1576 2463 1801 2499 necessario

493 2517 709 2553 adiuvandi
749 2526 879 2565 potest
918 2519 957 2554 in
998 2532 1142 2566 penam
1176 2520 1331 2567 pcccati
1364 2521 1532 2556 fratrum
1566 2521 1632 2568 qui
1666 2533 1801 2568 preve-

492 2574 623 2610 nirent
657 2584 693 2611 et
722 2576 935 2623 sepelirent
969 2577 1051 2612 eius
1085 2577 1288 2624 egenciam
1323 2579 1591 2614 clamorosam
1626 2587 1662 2614 et
1694 2578 1800 2614 licite
1814 2595 1857 2623 40

495 2632 735 2668 mendicare.

562 2842 584 2860 ’3.
610 2836 702 2861 (md,-
726 2836 857 2862 eccuciw
940 2836 977 2860 ἔτι.
1002 2842 1115 2869 pansi:
1138 2839 1191 2863 cml
1217 2847 1221 2851 ⁴
1247 2846 1283 2870 p».
