1944 3323
175 249 312 278 samio
335 238 458 297 xm]
665 253 838 286 TERTIA
865 254 991 286 PARS.
1707 249 1784 296 397

174 362 349 409 populus
400 362 516 397 debet
571 360 702 409 ipsum
752 370 1039 409 contempnere
1084 370 1121 398 et
1166 361 1375 398 vocacioni
1423 362 1493 398 Dei

174 419 329 456 interne
374 419 458 456 sine
502 432 582 468 qua
620 432 701 456 non
740 420 844 456 valet
884 419 962 456 alia
1002 429 1234 457 constanter
1272 419 1492 456 intendere.

175 479 270 514 Pars
311 477 437 514 eciam
478 476 630 514 laicalis
675 486 765 526 post
810 486 947 514 notam
995 478 1189 515 desidiam
1237 479 1493 514 sacerdotum

174 536 292 572 debet
335 544 509 585 quatuor
562 535 759 572 maneries
810 536 1020 572 hominum
1070 538 1120 573 ad
1170 537 1401 573 intrandum
1455 536 1495 572 in

141 594 277 633 5hanc
325 607 464 631 cenam
514 595 756 643 compellere
806 594 864 642 (ut
909 603 1019 643 patet
1065 607 1108 631 ex
1152 607 1343 643 processu
1390 596 1494 631 Luce

173 653 309 698 XIVO).
355 655 403 688 Et
442 652 595 689 utinam
635 665 708 689 nos
747 652 875 690 curati
914 666 997 689 non
1030 665 1206 690 essemus
1239 653 1279 689 in
1311 652 1387 689 isto
1422 653 1493 689 mi-

172 710 336 748 nisterio
370 711 544 747 Domino
577 711 685 747 ¹servi
725 711 841 759 pigri,
882 720 932 757 et,
973 724 1062 748 cum
1103 711 1247 760 prelati
1281 720 1373 747 sunt
1406 712 1493 760 plus

172 769 288 806 nobis
332 770 382 806 ad
423 770 498 806 hoc
544 769 812 806 ministerium
851 769 1031 817 obligati,
1065 783 1111 807 ve
1151 769 1228 806 illis
1268 769 1299 805 si
1340 782 1420 806 non
1454 769 1493 805 in

171 828 337 876 propria
366 840 540 876 persona
570 828 669 864 illud
699 827 882 877 implent⁷
906 841 1043 876 ymmo
1074 841 1208 865 servos
1233 827 1333 864 alios
1358 828 1493 864 fideles

119 904 156 925 zo
172 887 221 922 ad
261 886 513 935 implendum
554 887 630 923 hoc
672 886 940 923 ministerium
975 887 1167 924 habentes
1200 895 1435 934 preceptum
1471 899 1493 922 a

172 944 348 981 Domino
388 957 458 993 per
498 953 739 993 potestatem
781 945 1002 982 coactivam
1043 954 1080 982 et
1123 944 1368 982 tradiciones
1401 957 1492 981 suas

171 1003 332 1040 frivolas
372 1003 599 1052 impediunt
638 1012 707 1040 aut
747 1004 966 1040 retardant.
1015 1005 1130 1041 Unde
1164 1005 1270 1039 Luce
1309 1004 1395 1048 XI0‚
1441 1004 1488 1039 52

171 1061 267 1097 dicit
291 1061 491 1098 Christus:
534 1062 584 1097 Ve
618 1062 723 1098 vobis
756 1062 1005 1113 legisperitis,
1046 1063 1131 1111 quia
1171 1061 1310 1097 tulistis
1343 1062 1490 1097 clavem

168 1119 347 1165 sciencie;
385 1120 457 1169 ipsi
494 1132 565 1155 non
605 1120 793 1156 introistis
830 1128 865 1156 et
903 1132 965 1156 eos
1003 1121 1068 1170 qni
1108 1119 1317 1156 introibant
1353 1120 1489 1169 prohi-

116 1178 312 1217 15b11istis.
358 1180 407 1214 Et
441 1178 608 1215 Matthei
647 1179 804 1224 XX1110,
843 1178 885 1214 13
930 1187 1041 1227 patet
1081 1180 1221 1215 eadem
1266 1177 1488 1215 sentencia:

177 1236 238 1279 Ve,
278 1236 407 1285 inquit
448 1236 643 1283 Christus,
684 1237 790 1272 vobis
827 1238 964 1284 scribe,
998 1237 1177 1287 pharisei
1218 1243 1253 1272 et
1289 1237 1490 1288 ypocrite,

168 1295 254 1343 qnia
298 1294 478 1331 clauditis
517 1307 681 1345 regnum
721 1295 893 1331 celorum
926 1303 1013 1331 ante
1052 1295 1233 1331 homines.
1288 1295 1360 1331 Vos
1392 1296 1489 1331 enini

169 1366 240 1388 non
285 1354 438 1389 intratis
482 1365 548 1390 nec
595 1354 829 1390 introeuntes
872 1354 995 1390 sinitis
1038 1354 1197 1390 intrare.
1245 1355 1294 1389 Et
1332 1353 1373 1390 in
1410 1353 1489 1390 isto

169 1411 348 1460 capitulo
380 1411 566 1448 videntur
590 1424 676 1448 esse
709 1411 888 1461 episcopi
922 1421 1042 1461 atque
1075 1413 1238 1457 fratres;
1272 1411 1348 1460 ipsi
1382 1412 1488 1448 enim

111 1487 152 1508 20
169 1479 206 1506 et
256 1471 434 1507 tulerunt
483 1470 705 1518 ypocritice
759 1471 887 1507 claves
936 1470 1108 1507 sciencie
1152 1471 1202 1507 ad
1247 1479 1401 1506 rectum
1452 1479 1488 1507 et

167 1528 325 1565 facilem
360 1528 571 1565 introitum
606 1529 646 1564 in
680 1529 971 1566 beatitudinem
1006 1529 1160 1578 populo
1195 1528 1487 1577 predicandum

167 1596 204 1623 et
227 1596 363 1624 tamen
385 1599 458 1624 nec
482 1596 588 1624 recte
610 1587 746 1624 vivunt
769 1587 972 1624 imitantes
996 1588 1201 1625 Christum
1235 1587 1275 1624 in
1309 1587 1488 1624 moribus

165 1658 238 1682 nec
279 1645 494 1682 salubriter
532 1645 735 1682 subiectos
774 1655 920 1683 vocant
953 1648 1003 1683 ad
1038 1659 1178 1683 cenam
1212 1645 1486 1692 novissimam⁷

165 1705 233 1740 sed
266 1704 406 1752 pocius
438 1712 593 1753 ponunt
625 1704 796 1751 obicem,
830 1714 872 1741 ut
905 1718 987 1742 non
1020 1705 1181 1742 intrent.

109 1768 148 1801 25
224 1764 379 1799 Debent
417 1772 551 1800 autem
595 1762 766 1799 ministri
798 1764 859 1800 vel
891 1763 992 1800 servi
1027 1762 1175 1800 Christi
1208 1762 1414 1800 intendere
1447 1763 1487 1800 in
1572 1771 1705 1800 Christ’s

165 1821 241 1857 hoc
292 1820 426 1858 officio
478 1834 550 1857 non
599 1822 706 1858 nude
757 1822 809 1857 ad
862 1822 1030 1869 literam,
1083 1823 1160 1858 hoc
1206 1831 1276 1866 est,
1322 1834 1484 1858 sensum
1518 1812 1761 1871 ζῖζζζζὲῐῖοῃῖῐῇζῑ

163 1878 375 1925 literalem,
415 1881 483 1916 sed
520 1880 572 1915 ad
608 1880 802 1929 spiritum,
842 1879 882 1916 id
922 1889 991 1925 est,
1032 1880 1284 1929 spiritualem
1324 1892 1483 1917 sensum
1541 1877 1739 1940 {Pssistssssslssssf

73 1966 133 1998 ΡΟ]
164 1939 297 1986 quoad
350 1938 471 1975 finem
523 1950 642 1987 quem
696 1941 802 1975 Deus
852 1939 1080 1975 intenderat
1131 1952 1203 1987 pro
1255 1938 1484 1975 salvacione
1529 1926 1745 1977 literal‘sens}

67 1990 149 2044 282ss
163 1996 302 2044 populi
341 1996 560 2045 apciorem.
607 1996 719 2033 Sicut
753 1996 857 2033 enim
892 1997 982 2034 talis
1016 1998 1129 2033 litera
1164 2009 1304 2034 carens
1338 1997 1484 2046 spiritu

106 2059 147 2091 30
164 2063 221 2090 est
255 2054 446 2091 exanimis
479 2055 519 2092 in
547 2050 551 2108 Ι
581 2067 621 2091 se
654 2054 753 2104 ipsa,
789 2055 845 2092 sic
879 2056 1016 2092 occidit
1049 2055 1273 2092 subiectum
1308 2065 1345 2092 et
1369 2056 1483 2092 audi—

163 2112 328 2166 torium,
369 2126 459 2150 cum
500 2113 635 2150 taliter
668 2113 933 2150 ministratur.
968 2116 1146 2151 Econtra
1179 2123 1313 2151 autem
1352 2126 1484 2150 sensus

161 2172 376 2220 spiritualis
398 2180 481 2208 tam
514 2172 610 2220 legis
642 2184 743 2209 nove
766 2185 886 2222 quam
912 2173 1056 2209 veteris
1088 2173 1253 2223 vivificat
1285 2173 1481 2221 populum

162 2229 224 2266 cui
265 2229 397 2266 debite
436 2229 707 2276 ministratur3
749 2240 784 2267 et
825 2244 867 2268 ex
907 2231 992 2268 istis
1023 2231 1154 2268 verbis
1188 2231 1353 2268 eliciunt
1386 2231 1483 2267 false

161 2288 336 2336 pharisei
370 2288 535 2337 quidam
570 2291 678 2338 quod
714 2289 773 2326 lex
804 2289 875 2326 Dei
915 2299 997 2326 tam
1032 2289 1072 2326 in
1104 2290 1190 2338 lege
1223 2302 1326 2326 nova
1359 2302 1481 2338 quam

105 2352 144 2384 35
160 2346 283 2383 veteri
308 2345 357 2382 sit
380 2346 594 2384 falsissima
618 2360 708 2384 cum
733 2348 900 2393 occidit3
935 2349 1003 2385 sed
1028 2347 1087 2399 (ut
1110 2348 1251 2384 diffuse
1275 2356 1480 2384 ostensum

161 2413 220 2440 est
254 2404 364 2450 alibi)
397 2404 520 2442 nichil
554 2406 828 2455 blasphemius
862 2407 922 2443 vel
956 2406 1084 2443 maius
1119 2407 1354 2452 hereticum⁷
1390 2419 1479 2442 cum

159 2462 295 2510 ydiote
332 2462 395 2499 isti
436 2464 589 2513 palpati
630 2464 810 2501 funditus
850 2478 931 2502 non
970 2465 1120 2502 habent
1164 2465 1369 2501 racionem
1412 2477 1481 2501 sue

160 2521 375 2567 sentencie,
422 2521 497 2558 nisi
543 2522 635 2571 quia
681 2535 725 2560 ex
769 2536 905 2560 errore
949 2535 1022 2560 suo
1068 2536 1110 2560 ex
1151 2523 1384 2571 ignorancia
1424 2522 1480 2559 sic

160 2579 341 2616 senciunt
381 2581 429 2616 de
467 2581 667 2629 scriptura
706 2594 751 2618 ac
790 2581 822 2617 si
855 2590 1067 2630 arguerent
1108 2583 1232 2619 solem
1280 2594 1364 2618 esse
1410 2581 1479 2617 fal-

100 2637 375 2684 4osissimum,
430 2650 476 2675 eo
529 2640 637 2688 quod
690 2649 868 2677 errantes
922 2640 1155 2688 concipiunt
1206 2641 1337 2689 ipsum
1392 2651 1479 2675 esse

229 2773 269 2801 18.
291 2774 386 2802 Cocl.:
417 2774 545 2802 sinistis.
679 2774 721 2802 28.
744 2775 839 2802 Cod.:
871 2776 1014 2803 salvacio.
1142 2775 1188 2809 371.
1212 2775 1307 2803 Cod.:
1338 2775 1476 2810 quidem.

158 2807 204 2835 36.
227 2809 344 2839 maius:
368 2814 446 2836 recte
468 2810 575 2845 magis.

231 2891 283 2925 213.
312 2894 350 2925 ll.
376 2894 457 2928 Cor.
486 2894 524 2935 11,
551 2893 581 2926 6.
