1944 3323
189 264 324 294 SERMO
346 253 469 311 1,v111.]
682 265 742 296 ΤΕ
750 264 854 296 RTIA
883 264 1006 298 PARS.
1716 256 1789 291 503

191 375 296 414 enim
341 387 421 412 non
466 372 600 410 deficit
643 385 665 408 a
709 371 959 408 revelacione
1011 371 1194 407 facienda
1241 370 1387 406 talibus
1434 384 1506 406 nec

192 433 339 472 habitis
363 431 645 470 communibus
669 430 761 467 fidei
786 429 994 478 principiis
1018 438 1075 465 est
1099 428 1214 465 facile
1239 428 1317 464 illis
1342 437 1507 477 propter

193 491 467 542 ignoranciam
503 489 643 527 ociari.

251 553 298 587 Et
337 558 432 586 nota
465 549 573 597 quod
606 547 824 595 Apostolus
862 545 954 582 licet
994 546 1164 581 multum
1199 546 1248 581 ab
1281 544 1358 580 illis
1391 544 1509 580 desti·
1552 550 1618 578 The
1638 552 1767 585 Apostic

98 593 298 671 {rg’gjterin
327 607 332 659 ξ
360 621 443 644 non
481 605 681 644 concessit
723 605 777 641 eis
810 604 944 641 literas
977 603 1250 648 fraternitatis,
1285 602 1378 651 quia
1411 604 1509 638 bene
1532 586 1788 647 ”fii“11¹21i'2s¹‡,t,¹gs⁵

98 667 109 672 ”
193 667 306 704 scivit
354 667 461 715 quod
510 665 585 701 hoc
633 663 769 700 fuisset
814 662 972 711 utrique
1024 661 1128 710 parti
1178 661 1426 709 superfluum
1473 669 1510 696 et
1743 652 1751 656 „

194 725 402 770 nocivum;
443 724 533 760 ideo
572 721 736 770 reliquit
769 723 853 757 Deo
894 720 1217 768 applicacionem
1252 729 1289 755 et
1323 718 1510 755 distribu-

196 784 352 821 cionem
395 781 540 827 meriti,
580 790 622 818 ut
661 779 736 817 sibi
776 778 985 828 placuerit,
1027 778 1122 827 quia
1153 779 1309 814 lucrum
1344 790 1507 813 suorum

197 841 483 890 temporalium
516 851 597 875 non
631 838 811 887 quesivit.
846 838 970 885 Optat
1003 845 1136 873 autem
1170 836 1388 884 Apostolus
1422 835 1511 871 illos

144 900 357 949 ioimpleri
407 900 443 935 in
492 897 596 933 omni
642 896 833 947 sapiencia
879 904 960 932 tam
1006 894 1178 931 activam
1220 893 1343 930 vitam
1389 906 1509 942 quam
1526 898 1802 938 whathedesires

197 958 487 1008 speculativam
522 956 676 1004 plenius
710 954 947 1001 dirigentem
983 962 1019 990 et
1052 953 1298 989 intellectum
1334 961 1511 989 contem-
1535 935 1796 997 ,411¹esv¹{{{¹a¹vb0

198 1017 348 1066 plandi,
382 1024 425 1052 ut
448 1014 588 1052 exinde
622 1015 795 1050 habeant
827 1012 1026 1060 triplicem
1061 1012 1287 1059 profectum
1321 1010 1359 1046 in
1385 1009 1512 1054 bonis,
1580 999 1754 1066 wfsffighssth

197 1076 330 1124 primo
362 1087 436 1123 pro
469 1082 576 1109 recte
601 1072 821 1109 secundum
845 1070 1067 1118 practicam
1091 1070 1313 1117 operando,
1337 1069 1514 1105 secundo
1734 1061 1740 1072 ⁷

198 1143 240 1170 ut
285 1134 363 1170 sint
401 1133 601 1182 placentes
638 1131 722 1166 Deo
773 1128 930 1176 integro
975 1137 1056 1164 tam
1111 1127 1340 1164 intencione
1392 1139 1512 1174 quam

146 1198 333 1241 15opere,
372 1203 454 1227 non
492 1199 536 1226 ut
579 1189 662 1225 avis
695 1187 865 1224 discolor
895 1186 1081 1231 Jeremie,
1121 1198 1194 1222 nec
1232 1185 1378 1235 duplici
1416 1192 1517 1221 veste

197 1249 327 1287 induti
368 1247 535 1286 Levitici
572 1248 695 1292 XIXO,
734 1258 795 1293 19,
840 1247 909 1282 sed
953 1254 1163 1293 tamquam
1209 1244 1373 1280 arbores
1411 1244 1516 1279 bone

197 1307 391 1346 uniformi
435 1315 472 1343 et
516 1304 691 1354 simplici
741 1303 970 1340 intencione
1022 1302 1309 1339 fructificantes
1349 1303 1434 1338 Deo
1480 1310 1517 1337 et

200 1366 398 1416 proximo,
432 1374 470 1401 et
492 1377 563 1413 per
586 1365 659 1400 hec
692 1362 771 1398 sint
803 1369 1017 1399 crescentes
1048 1361 1083 1397 in
1116 1360 1277 1397 sciencia
1311 1361 1359 1396 de
1385 1359 1516 1396 Trini-

200 1435 295 1470 tate,
313 1424 407 1473 quia
428 1423 591 1460 sciencia
615 1420 752 1458 mundi
778 1421 886 1472 inflat
908 1423 967 1468 (ut
982 1419 1129 1456 dicitur
1145 1421 1156 1455 Ι
1173 1420 1224 1455 ad
1240 1419 1516 1464 Cor.V1110,1).

145 1499 186 1520 20
209 1484 306 1520 Vani
353 1482 503 1532 quidem
554 1487 642 1517 sunt
685 1492 815 1515 omnes
866 1479 1038 1515 homines
1086 1478 1122 1513 in
1169 1477 1303 1527 quibus
1346 1488 1419 1512 non
1464 1483 1519 1513 est

201 1541 362 1579 sciencia
396 1540 472 1577 Dei
505 1541 564 1587 (ut
597 1538 744 1575 dicitur
778 1539 871 1586 Sap.
904 1538 1026 1582 X1110‚
1059 1540 1103 1581 1).

261 1600 467 1637 Secundus
500 1597 702 1646 profectus
734 1595 969 1644 principalis
999 1592 1299 1631 Colossensium
1338 1601 1395 1630 est
1428 1605 1516 1629 con-
1583 1603 1608 1623 2.
1630 1603 1700 1631 may
1721 1596 1782 1634 be¹

191 1658 369 1709 fortacio
403 1657 443 1693 in
477 1656 590 1693 omni
620 1655 767 1691 virtute
808 1667 878 1690 sua
912 1654 1133 1690 secundum
1166 1651 1397 1700 potenciam
1431 1651 1516 1697 Dei,
1539 1631 1807 1699 strgflgtlfftzeeqm

203 1730 282 1766 qua
322 1717 428 1753 clare
468 1722 717 1763 cognoscunt
754 1725 888 1749 servos
929 1711 1093 1748 Domini
1132 1723 1214 1747 non
1253 1709 1403 1758 perire3
1448 1722 1519 1745 no-

147 1780 357 1813 25scentes
397 1773 502 1811 enim
544 1774 647 1809 hanc
681 1771 801 1808 fidem
834 1771 874 1807 in
907 1770 979 1806 Dei
1011 1770 1190 1806 virtuoso
1224 1767 1392 1805 servicio
1426 1780 1519 1804 con-

203 1835 418 1878 fortantur,
453 1845 542 1869 cum
577 1831 708 1868 sciunt
731 1841 954 1878 repugnare
978 1827 1051 1864 Dei
1081 1826 1383 1875 omnipotencie
1412 1826 1519 1875 quod

204 1893 244 1929 in
282 1891 353 1929 tali
390 1891 571 1927 virtuoso
611 1900 732 1938 opere
771 1888 831 1925 vel
870 1886 1059 1923 deficiant
1091 1886 1152 1923 vel
1192 1898 1214 1922 a
1252 1884 1409 1934 premio
1442 1883 1521 1920 sint

204 1949 399 1987 frustrati.

264 2010 342 2046 Sed
385 2006 534 2044 tercius
586 2005 790 2055 profectus
842 2013 900 2040 est
951 2003 1178 2040 tollet-ancia
1231 2000 1519 2038 adversitatum
1570 2003 1595 2032 3.
1618 2012 1687 2043 may
1707 2004 1784 2031 have

150 2067 414 2118 3opaciente1·‚
453 2073 755 2114 perseveranter
788 2072 824 2099 et
858 2063 1078 2110 gaudenter
1110 2059 1167 2111 (ut
1206 2059 1428 2108 precipitur
1458 2057 1520 2096 Ja-
1536 2044 1810 2110 enggtsfflgff-„fffiss

208 2125 299 2163 cobi
322 2126 356 2160 ΙΟ
382 2134 419 2161 et
441 2124 614 2167 ultimo).
648 2124 697 2158 Et
727 2121 881 2158 utinam
913 2120 1049 2156 fideles
1078 2118 1279 2167 persecuti
1304 2131 1325 2154 a
1348 2116 1520 2165 satrapis
1704 2106 1713 2111 ⁸

206 2183 354 2222 nostris
398 2191 585 2231 saperent
628 2181 746 2217 istam
780 2178 964 2228 Apostoli
1005 2177 1246 2222 doctrinam
1290 2176 1381 2212 ideo
1426 2174 1522 2211 dicit

207 2242 426 2291 Apostolus
458 2241 559 2290 quod
595 2240 630 2276 in
671 2238 775 2275 omni
798 2237 996 2287 paciencia
1035 2243 1069 2273 et
1107 2235 1401 2286 longanimitate
1437 2246 1522 2270 cum

207 2301 354 2352 gaudio
393 2299 585 2336 sufferant
625 2306 663 2334 et
701 2305 908 2345 reportent
947 2295 1068 2331 istum
1109 2294 1282 2330 fructum
1323 2291 1523 2340 triplicem

152 2360 249 2396 35in
283 2358 444 2395 Christo
477 2356 569 2395 Jesu
602 2355 769 2392 domino
802 2362 956 2390 nostro.

269 2416 485 2453 Dubitatur
524 2415 589 2451 hic
627 2423 763 2450 utrum
808 2413 900 2448 licet
945 2410 1118 2459 satrapis
1158 2410 1294 2446 fideles
1339 2407 1525 2456 persequi
1551 2412 1756 2451 Wickedness
1775 2410 1810 2437 of

210 2485 420 2524 tamquam
460 2472 656 2510 hereticos
701 2471 785 2508 sine
823 2471 953 2507 forma
991 2469 1032 2505 in
1070 2470 1155 2516 lege
1188 2466 1353 2504 Domini
1395 2478 1525 2502 exem-
1577 2452 1783 2484 persecunon.

212 2535 334 2582 plata.
377 2533 424 2568 Et
455 2540 566 2580 patet
599 2531 707 2579 quod
739 2542 834 2574 non,
869 2527 963 2577 quia
1002 2540 1084 2563 non
1123 2526 1217 2562 licet
1249 2525 1407 2573 aliquos
1440 2536 1526 2572 per-

212 2591 324 2640 sequi
347 2590 423 2627 nisi
448 2588 634 2638 explicita
656 2588 717 2624 vel
747 2586 946 2636 implicita
968 2585 1009 2621 in
1031 2584 1231 2633 scriptura
1253 2596 1380 2620 sacra.
1416 2581 1528 2618 Licet

154 2663 197 2695 40
212 2659 345 2687 autem
382 2648 511 2685 maior
543 2659 635 2696 pars
669 2645 818 2683 heresis
851 2643 1022 2697 <scilieet
1045 2641 1312 2691 blasphemia)
1338 2648 1528 2690 precepta

284 2781 322 2811 13.
343 2783 438 2811 Cod.:
466 2782 568 2817 primo
589 2789 659 2817 per:
686 2781 726 2808 ib.
748 2780 779 2808 in
801 2788 915 2815 marg:
943 2787 963 2806 1.
1050 2785 1093 2806 22.
1114 2778 1147 2805 In
1170 2785 1284 2811 marg:
1312 2784 1336 2803 2.
1427 2783 1474 2811 29.
1496 2776 1528 2802 In

214 2827 328 2854 marg:
355 2818 380 2846 3.
455 2817 500 2845 36.
522 2817 554 2844 In
577 2824 691 2851 marg.:
719 2815 866 2843 Dubium.
940 2813 986 2849 39.
1008 2814 1041 2841 In
1063 2821 1177 2848 marg:
1205 2821 1226 2839 1.

290 2913 328 2934 10
355 2909 388 2933 et
413 2911 515 2944 seqq.
544 2899 622 2932 Col.
649 2900 672 2940 I,
697 2909 748 2939 10,
770 2909 821 2931 11.
926 2897 976 2930 15.
1003 2898 1070 2929 Jer.
1098 2896 1170 2935 XII,
1196 2905 1228 2938 9.
