1944 3323
179 230 259 275 488
761 239 984 270 JOHANNIS
1004 238 1184 270 wvcmr
1203 239 1461 272 SERMONUM
1521 225 1671 282 [SERMO
1693 236 1770 264 m.

467 346 554 393 plus
595 345 857 381 confunderet
888 345 994 393 leges
1027 346 1191 393 papales
1223 354 1259 382 et
1295 348 1516 381 Romanam
1550 344 1700 381 curiam
1735 354 1771 382 et

469 404 527 449 (ut
561 402 716 439 dicatur
749 401 921 450 planius)
955 402 1051 450 quid
1084 404 1172 451 plus
1211 403 1431 439 offenderet
1469 402 1507 439 in
1548 402 1769 451 episcopos,

467 459 687 508 religiosos,
735 460 1055 508 possessionatos
1101 469 1137 497 et
1183 461 1481 497 mendicantes?
1533 462 1633 497 Cum
1679 473 1771 508 ergo

466 519 775 566 supponendum
812 518 969 554 videtur
1007 520 1128 566 quod,
1168 518 1200 554 si
1238 518 1343 554 istud
1382 519 1483 554 foret
1527 518 1771 555 racionabile

466 577 516 613 ad
549 577 657 624 quod
690 587 829 612 omnes
863 575 957 612 dicti
1001 576 1134 612 clerici
1173 585 1403 613 tenerentur
1440 575 1666 624 specialiter
1704 578 1802 612 ad-5

466 634 614 679 iuvare,
654 633 850 670 novitates
883 646 973 670 suas
1007 634 1280 682 relinquerent
1313 643 1349 670 et
1381 634 1421 670 in
1454 633 1644 682 pauperie
1677 646 1771 681 apo-

467 691 608 728 stolica
632 690 869 739 religionem
895 691 1044 728 Christi
1069 691 1310 739 acciperent,
1344 693 1411 728 sed
1445 692 1508 728 hic
1543 704 1631 728 cum
1666 692 1772 728 facto

467 762 605 786 eorum
657 749 914 786 concluderet
962 751 1069 798 quod
1118 762 1258 786 omnes
1304 749 1359 785 illi
1404 758 1496 785 sunt
1539 749 1773 785 Antichristi

467 807 652 855 discipuli
685 807 913 854 conglobati
947 816 984 844 et
1016 812 1072 851 (ut
1095 807 1169 855 ipsi
1193 810 1377 855 arguunt)
1412 807 1559 854 periret
1593 806 1771 844 ecclesia.

209 869 371 908 xvh-oms
392 874 421 896 to
525 867 566 901 In
598 864 673 901 ista
707 865 875 901 materia
906 864 1098 901 seminavi
1132 866 1278 901 multas
1318 865 1535 902 catholicas
1573 865 1829 911 veritates,1o

203 904 429 966 luscrliilrpgt'tshat
466 935 539 959 nec
572 924 702 959 adhuc
742 922 880 959 dubito
919 924 987 959 sed
1027 924 1145 959 credo
1184 932 1226 959 ut
1266 923 1383 959 fidem
1419 924 1526 971 quod
1564 923 1772 959 ordinacio

209 973 421 1036 01·di1biggitceis
468 980 617 1017 Christi
650 980 689 1016 in
723 981 829 1017 clero
863 993 934 1017 suo
968 989 1025 1016 est
1058 981 1197 1029 pocior
1230 994 1349 1029 quam
1390 981 1524 1029 aliqua
1564 980 1772 1017 ordinacio

468 1038 596 1086 ipsam
621 1051 801 1086 sequens,
826 1038 905 1075 sive
928 1038 1047 1075 fuerit
1071 1038 1278 1075 ordinacio
1303 1051 1476 1084 cesarea,
1501 1038 1580 1075 sive
1604 1038 1772 1086 papalis.

469 1098 516 1132 Et
559 1096 703 1132 iterum
750 1098 870 1133 credo
918 1105 960 1132 ut
1005 1097 1124 1133 fidem
1170 1098 1277 1145 quod
1322 1096 1476 1133 facilius
1521 1097 1621 1132 foret
1666 1097 1772 1132 clero

468 1163 616 1191 statum
667 1154 874 1202 pauperiei
924 1167 1043 1203 quem
1090 1154 1270 1191 Christus
1318 1154 1489 1191 instituit
1535 1154 1575 1190 in
1622 1156 1828 1190 mund015

469 1212 651 1260 accipere
691 1225 810 1260 quam
849 1221 997 1248 statum
1038 1225 1243 1249 cesareum
1286 1213 1441 1249 noviter
1484 1212 1772 1248 introductum.

526 1272 581 1306 Ex
614 1269 756 1318 quibus
794 1270 950 1306 videtur
988 1270 1094 1307 iuxta
1134 1270 1300 1307 recitata
1340 1270 1521 1319 superius
1554 1272 1661 1318 quod
1694 1282 1773 1306 non

470 1328 727 1365 mediocriter
759 1337 898 1376 peccat
931 1329 1072 1373 clerus,
1107 1330 1387 1376 postponendo
1419 1340 1492 1376 pro
1525 1327 1609 1364 istis
1642 1327 1772 1364 abiec-

469 1385 643 1422 cioribus
682 1385 861 1433 pociora,
897 1386 989 1435 quia
1025 1387 1083 1432 (ut
1116 1385 1265 1423 dictum
1300 1388 1372 1434 est)
1414 1385 1528 1423 aliter
1566 1385 1772 1422 offendunt

467 1443 639 1491 graviter
660 1444 914 1481 Trinitatem.
1787 1454 1829 1477 20

526 1501 731 1547 Similiter,
777 1515 858 1538 non
903 1501 1068 1538 dubium
1110 1501 1205 1550 quin
1252 1502 1380 1537 clerus
1420 1501 1475 1537 sic
1514 1501 1615 1537 foret
1652 1501 1691 1537 in
1731 1513 1771 1537 se

467 1559 661 1596 sincerior
693 1559 733 1595 in
766 1560 995 1596 defensione
1026 1569 1063 1595 et
1087 1559 1401 1596 confirmacione
1425 1558 1616 1607 evangelii
1637 1571 1771 1607 prom—

468 1617 551 1654 cior
590 1626 626 1654 et
665 1619 713 1654 ab
754 1618 906 1654 offensa
951 1617 1141 1654 secularis
1187 1616 1338 1653 brachii
1383 1626 1420 1653 et
1466 1616 1561 1653 cleri
1605 1616 1771 1653 subiecti

468 1675 710 1723 elongacior.
758 1678 861 1723 Ergo
903 1675 1010 1711 iuxta
1050 1675 1166 1711 istam
1202 1675 1414 1723 epistolam
1449 1684 1506 1711 est
1540 1683 1666 1711 status
1698 1674 1771 1710 iste

467 1733 624 1770 abiecto
658 1733 861 1770 contrario
894 1733 1208 1781 amplectendus.
1788 1735 1826 1766 25

248 1795 378 1841 l'pverty
526 1793 729 1836 Quantum
770 1792 819 1827 ad
860 1790 1146 1836 sinceritatem,
1188 1790 1275 1839 quis
1315 1789 1470 1826 dubitat
1509 1790 1605 1838 quin
1645 1798 1770 1826 status

238 1834 395 1900 ἓῑῐῑῗςᾞιῖξζδ
467 1861 619 1896 pauper
653 1862 674 1885 a
708 1850 865 1885 macula
898 1857 1118 1893 conservat,
1152 1857 1194 1884 ut
1227 1856 1335 1896 patet
1359 1850 1406 1884 de
1431 1848 1590 1885 Christo
1623 1856 1659 1883 et
1691 1847 1772 1883 suis

468 1907 674 1954 apostolis,
717 1907 783 1955 qui
823 1907 981 1942 fuerunt
1020 1915 1234 1954 propterea
1274 1905 1431 1951 sinceri,
1471 1905 1538 1941 ubi
1575 1907 1696 1942 Judas
1735 1914 1771 1942 et

469 1964 527 2001 sui
561 1964 778 2012 complices
812 1965 964 2000 mundo
998 1964 1137 2000 divites
1170 1964 1326 2000 fuerant
1359 1963 1562 2000 maculati.

214 2027 420 2075 βηᾴωνιηειιῐ
528 2024 731 2067 Quantum
772 2023 821 2058 ad
861 2024 1079 2058 secundum
1120 2030 1230 2069 patet
1269 2023 1376 2069 quod
1416 2021 1596 2057 Christus
1637 2029 1672 2057 et
1711 2019 1771 2056 sui
1788 2027 1828 2059 30

209 2062 419 2132 ωιὲιιὲξῗΞ-,ῃω
469 2079 654 2128 apostoli,
694 2092 831 2127 ymmo
870 2079 942 2115 viri
976 2079 1188 2127 apostolici
1222 2088 1511 2128 consequentes
1543 2079 1701 2115 fuerunt
1733 2077 1771 2114 in

469 2137 698 2174 defensione
731 2146 768 2173 et
801 2137 1114 2174 confirmacione
1146 2137 1337 2185 evangelii
1371 2136 1518 2173 dotatis
1541 2135 1772 2184 posteriori-

470 2197 540 2231 bus
573 2195 836 2243 promciores,
870 2208 1006 2242 ymmo
1039 2207 1129 2232 vere
1162 2196 1364 2243 loquendo
1398 2195 1558 2231 dotacio
1590 2194 1679 2230 talis
1713 2206 1773 2230 ce-

468 2265 581 2289 sarea
614 2252 706 2289 facit
740 2254 907 2289 multum
944 2254 1092 2289 clerum
1124 2252 1302 2300 ineptum
1338 2254 1387 2288 ad
1423 2252 1771 2301 evangelizandum

469 2320 506 2347 et
544 2310 709 2346 inclinat
748 2323 814 2347 eos
854 2319 936 2346 tam
975 2312 1025 2346 ad
1062 2310 1168 2346 viros
1208 2309 1455 2358 evangelicos
1489 2323 1608 2358 quam
1641 2310 1771 2358 ipsum
1789 2314 1827 2346 35

469 2368 714 2415 evangelium
750 2369 1128 2416 contempnendum.

226 2431 282 2469 :md
304 2439 411 2469 causes
527 2426 575 2462 Et
609 2427 740 2474 quoad
774 2425 941 2462 tercium
975 2438 1056 2462 non
1090 2425 1253 2462 dubium
1288 2426 1383 2474 quin
1423 2425 1615 2473 precipua
1655 2437 1772 2461 causa

200 2465 434 2527 oficgffirghthc
469 2483 619 2520 offense
654 2492 690 2519 et
723 2483 996 2520 contencionis
1030 2483 1194 2520 ecclesie
1236 2492 1312 2519 stat
1350 2483 1390 2519 in
1428 2483 1636 2519 ablacione
1674 2491 1772 2518 tem-

470 2541 669 2588 poralium
693 2550 729 2577 et
752 2541 979 2589 specialiter
1002 2554 1225 2589 pauperum
1245 2550 1281 2577 et
1301 2541 1445 2577 iniuste
1464 2540 1770 2588 occupancium.

471 2600 569 2635 Cum
611 2611 704 2647 ergo
744 2599 906 2635 dotacio
947 2599 1042 2635 cleri
1083 2608 1219 2635 causat
1260 2598 1467 2647 potissime
1507 2599 1623 2634 istam
1664 2598 1829 2641 abia-40

470 2656 639 2702 cionem,
684 2656 840 2693 videtur
879 2658 987 2705 quod
1032 2656 1156 2704 gignit
1204 2656 1243 2692 in
1288 2656 1454 2693 ecclesia
1494 2655 1770 2693 offensionem.

539 2798 578 2816 10.
601 2791 634 2817 ln
656 2798 769 2823 marg:
796 2790 978 2825 Responsio.
1101 2799 1133 2818 11.
1156 2791 1187 2817 lu
1210 2798 1321 2823 marg:
1351 2798 1370 2816 1.
1492 2799 1532 2822 14.
1554 2789 1586 2816 lu
1609 2797 1720 2823 marg:
1748 2796 1770 2815 2.

470 2833 507 2859 17-
530 2824 562 2850 Iu
584 2832 695 2858 marg:
726 2824 750 2851 3.
824 2832 862 2851 21,
885 2825 917 2851 In
941 2833 1053 2859 marg:
1074 2833 1102 2857 4.
1171 2826 1215 2851 26.
1238 2825 1269 2851 In
1292 2832 1405 2859 marg:
1427 2833 1453 2851 a.
1525 2824 1569 2850 28.
1591 2823 1684 2850 Coa:
1712 2822 1772 2849 sin-

468 2867 561 2886 ceres.
635 2857 679 2886 30.
701 2859 733 2885 In
756 2867 867 2893 marg:
897 2860 922 2886 b.
995 2858 1041 2886 30.
1064 2859 1095 2886 Iu
1118 2867 1230 2893 marg:
1259 2867 1283 2886 c.
