<?xml version="1.0" encoding="UTF-8"?>
<!DOCTYPE html PUBLIC "-//W3C//DTD XHTML 1.0 Transitional//EN"
    "http://www.w3.org/TR/xhtml1/DTD/xhtml1-transitional.dtd">
<html xmlns="http://www.w3.org/1999/xhtml" xml:lang="en" lang="en">
 <head>
  <title>
</title>
<meta http-equiv="Content-Type" content="text/html;charset=utf-8" />
  <meta name='ocr-system' content='tesseract 3.04.00' />
  <meta name='ocr-capabilities' content='ocr_page ocr_carea ocr_par ocr_line ocrx_word'/>
</head>
<body>
  <div class='ocr_page' id='page_1' title='image "./iohanniswyclifse0703wycl_0343.png"; bbox 0 0 1944 3323; ppageno 0'>
   <div class='ocr_carea' id='block_1_1' title="bbox 149 257 964 314">
    <p class='ocr_par' dir='ltr' id='par_1_1' title="bbox 149 257 964 314">
     <span class='ocr_line' id='line_1_1' title="bbox 149 257 964 314; baseline 0.002 -18"><span class='ocrx_word' id='word_1_1' title='bbox 149 269 284 296; x_wconf 69' lang='lat' dir='ltr'>SERMO</span> <span class='ocrx_word' id='word_1_2' title='bbox 302 257 489 314; x_wconf 55' lang='lat' dir='ltr'>xxxvni]</span> <span class='ocrx_word' id='word_1_3' title='bbox 638 270 808 302; x_wconf 64' lang='lat' dir='ltr'>TERTIA</span> <span class='ocrx_word' id='word_1_4' title='bbox 839 269 964 300; x_wconf 68' lang='lat' dir='ltr'>PARS,</span> 
     </span>
    </p>
   </div>
   <div class='ocr_carea' id='block_1_2' title="bbox 51 374 1467 2754">
    <p class='ocr_par' dir='ltr' id='par_1_2' title="bbox 117 374 1467 775">
     <span class='ocr_line' id='line_1_2' title="bbox 150 374 1466 423; baseline -0.003 -9"><span class='ocrx_word' id='word_1_5' title='bbox 150 379 318 415; x_wconf 81' lang='lat' dir='ltr'>fratrum</span> <span class='ocrx_word' id='word_1_6' title='bbox 355 377 606 414; x_wconf 88' lang='lat' dir='ltr'>mendicacio</span> <span class='ocrx_word' id='word_1_7' title='bbox 640 389 683 413; x_wconf 89' lang='lat' dir='ltr'>ex</span> <span class='ocrx_word' id='word_1_8' title='bbox 717 376 790 413; x_wconf 85' lang='lat' dir='ltr'>sibi</span> <span class='ocrx_word' id='word_1_9' title='bbox 816 376 938 412; x_wconf 89' lang='lat' dir='ltr'>dubio</span> <span class='ocrx_word' id='word_1_10' title='bbox 972 375 1021 411; x_wconf 90' lang='lat' dir='ltr'>sit</span> <span class='ocrx_word' id='word_1_11' title='bbox 1044 375 1204 415; x_wconf 82' lang='lat' dir='ltr'>iniusta,</span> <span class='ocrx_word' id='word_1_12' title='bbox 1238 374 1466 423; x_wconf 80' lang='lat' dir='ltr'>specialiter</span> 
     </span>
     <span class='ocr_line' id='line_1_3' title="bbox 150 433 1464 479; baseline -0.003 -6"><span class='ocrx_word' id='word_1_13' title='bbox 150 449 240 473; x_wconf 93' lang='lat' dir='ltr'>cum</span> <span class='ocrx_word' id='word_1_14' title='bbox 288 436 372 473; x_wconf 88' lang='lat' dir='ltr'>sine</span> <span class='ocrx_word' id='word_1_15' title='bbox 417 435 672 472; x_wconf 82' lang='lat' dir='ltr'>consciencia</span> <span class='ocrx_word' id='word_1_16' title='bbox 719 434 952 471; x_wconf 81' lang='lat' dir='ltr'>mendicant</span> <span class='ocrx_word' id='word_1_17' title='bbox 998 435 1047 471; x_wconf 93' lang='lat' dir='ltr'>ab</span> <span class='ocrx_word' id='word_1_18' title='bbox 1087 433 1217 471; x_wconf 75' lang='lat' dir='ltr'>avaris</span> <span class='ocrx_word' id='word_1_19' title='bbox 1263 433 1464 479; x_wconf 86' lang='lat' dir='ltr'>divitibus,</span> 
     </span>
     <span class='ocr_line' id='line_1_4' title="bbox 149 491 1466 543; baseline -0.003 -12"><span class='ocrx_word' id='word_1_20' title='bbox 149 508 171 531; x_wconf 89' lang='lat' dir='ltr'>a</span> <span class='ocrx_word' id='word_1_21' title='bbox 204 494 375 543; x_wconf 88' lang='lat' dir='ltr'>publicis</span> <span class='ocrx_word' id='word_1_22' title='bbox 406 493 637 542; x_wconf 82' lang='lat' dir='ltr'>raptoribus</span> <span class='ocrx_word' id='word_1_23' title='bbox 667 502 704 529; x_wconf 89' lang='lat' dir='ltr'>et</span> <span class='ocrx_word' id='word_1_24' title='bbox 727 493 811 529; x_wconf 90' lang='lat' dir='ltr'>sine</span> <span class='ocrx_word' id='word_1_25' title='bbox 839 492 1092 530; x_wconf 85' lang='lat' dir='ltr'>consciencia</span> <span class='ocrx_word' id='word_1_26' title='bbox 1115 505 1137 529; x_wconf 90' lang='lat' dir='ltr'>a</span> <span class='ocrx_word' id='word_1_27' title='bbox 1161 491 1466 540; x_wconf 86' lang='lat' dir='ltr'>quibuscunque</span> 
     </span>
     <span class='ocr_line' id='line_1_5' title="bbox 150 551 1465 601; baseline -0.002 -12"><span class='ocrx_word' id='word_1_28' title='bbox 150 554 197 589; x_wconf 86' lang='lat' dir='ltr'>de</span> <span class='ocrx_word' id='word_1_29' title='bbox 231 553 375 601; x_wconf 91' lang='lat' dir='ltr'>quibus</span> <span class='ocrx_word' id='word_1_30' title='bbox 414 564 454 588; x_wconf 91' lang='lat' dir='ltr'>se</span> <span class='ocrx_word' id='word_1_31' title='bbox 494 551 751 588; x_wconf 88' lang='lat' dir='ltr'>crediderunt</span> <span class='ocrx_word' id='word_1_32' title='bbox 785 552 873 599; x_wconf 89' lang='lat' dir='ltr'>plus</span> <span class='ocrx_word' id='word_1_33' title='bbox 906 551 1075 592; x_wconf 84' lang='lat' dir='ltr'>lucrari;</span> <span class='ocrx_word' id='word_1_34' title='bbox 1109 563 1201 587; x_wconf 90' lang='lat' dir='ltr'>cum</span> <span class='ocrx_word' id='word_1_35' title='bbox 1236 559 1372 586; x_wconf 91' lang='lat' dir='ltr'>tamen</span> <span class='ocrx_word' id='word_1_36' title='bbox 1407 562 1465 586; x_wconf 92' lang='lat' dir='ltr'>se-</span> 
     </span>
     <span class='ocr_line' id='line_1_6' title="bbox 117 607 1466 658; baseline -0.001 -13"><span class='ocrx_word' id='word_1_37' title='bbox 117 612 325 648; x_wconf 78' lang='lat' dir='ltr'>5cundum</span> <span class='ocrx_word' id='word_1_38' title='bbox 360 611 487 658; x_wconf 80' lang='lat' dir='ltr'>legem</span> <span class='ocrx_word' id='word_1_39' title='bbox 520 609 686 646; x_wconf 78' lang='lat' dir='ltr'>ecclesie</span> <span class='ocrx_word' id='word_1_40' title='bbox 720 618 854 646; x_wconf 91' lang='lat' dir='ltr'>rector</span> <span class='ocrx_word' id='word_1_41' title='bbox 877 622 956 646; x_wconf 90' lang='lat' dir='ltr'>non</span> <span class='ocrx_word' id='word_1_42' title='bbox 981 610 1099 645; x_wconf 88' lang='lat' dir='ltr'>debet</span> <span class='ocrx_word' id='word_1_43' title='bbox 1133 621 1276 657; x_wconf 83' lang='lat' dir='ltr'>capere</span> <span class='ocrx_word' id='word_1_44' title='bbox 1301 607 1466 644; x_wconf 87' lang='lat' dir='ltr'>divicias</span> 
     </span>
     <span class='ocr_line' id='line_1_7' title="bbox 149 666 1466 717; baseline -0.003 -11"><span class='ocrx_word' id='word_1_45' title='bbox 149 683 170 706; x_wconf 86' lang='lat' dir='ltr'>a</span> <span class='ocrx_word' id='word_1_46' title='bbox 211 669 363 706; x_wconf 90' lang='lat' dir='ltr'>furibus</span> <span class='ocrx_word' id='word_1_47' title='bbox 403 677 439 705; x_wconf 89' lang='lat' dir='ltr'>et</span> <span class='ocrx_word' id='word_1_48' title='bbox 480 668 757 705; x_wconf 84' lang='lat' dir='ltr'>meretricibus</span> <span class='ocrx_word' id='word_1_49' title='bbox 795 668 856 704; x_wconf 88' lang='lat' dir='ltr'>vel</span> <span class='ocrx_word' id='word_1_50' title='bbox 890 679 1132 717; x_wconf 89' lang='lat' dir='ltr'>quocunque</span> <span class='ocrx_word' id='word_1_51' title='bbox 1170 668 1282 703; x_wconf 91' lang='lat' dir='ltr'>lucro</span> <span class='ocrx_word' id='word_1_52' title='bbox 1325 666 1466 703; x_wconf 89' lang='lat' dir='ltr'>illicito</span> 
     </span>
     <span class='ocr_line' id='line_1_8' title="bbox 148 724 1467 775; baseline -0.003 -11"><span class='ocrx_word' id='word_1_53' title='bbox 148 729 253 764; x_wconf 89' lang='lat' dir='ltr'>bona</span> <span class='ocrx_word' id='word_1_54' title='bbox 286 728 445 763; x_wconf 86' lang='lat' dir='ltr'>fortune</span> <span class='ocrx_word' id='word_1_55' title='bbox 469 726 742 775; x_wconf 83' lang='lat' dir='ltr'>querentibus,</span> <span class='ocrx_word' id='word_1_56' title='bbox 776 725 933 763; x_wconf 84' lang='lat' dir='ltr'>videtur</span> <span class='ocrx_word' id='word_1_57' title='bbox 956 725 1248 773; x_wconf 79' lang='lat' dir='ltr'>subterfugium</span> <span class='ocrx_word' id='word_1_58' title='bbox 1283 724 1313 761; x_wconf 93' lang='lat' dir='ltr'>si</span> <span class='ocrx_word' id='word_1_59' title='bbox 1344 725 1467 762; x_wconf 86' lang='lat' dir='ltr'>frater</span> 
     </span>
    </p>

    <p class='ocr_par' dir='ltr' id='par_1_3' title="bbox 51 784 1466 2348">
     <span class='ocr_line' id='line_1_9' title="bbox 148 784 1117 833; baseline -0.001 -12"><span class='ocrx_word' id='word_1_60' title='bbox 148 785 211 822; x_wconf 88' lang='lat' dir='ltr'>isti</span> <span class='ocrx_word' id='word_1_61' title='bbox 246 784 526 822; x_wconf 86' lang='lat' dir='ltr'>distribucioni</span> <span class='ocrx_word' id='word_1_62' title='bbox 560 784 808 821; x_wconf 82' lang='lat' dir='ltr'>consenserit</span> <span class='ocrx_word' id='word_1_63' title='bbox 841 793 878 821; x_wconf 90' lang='lat' dir='ltr'>et</span> <span class='ocrx_word' id='word_1_64' title='bbox 912 793 1117 833; x_wconf 86' lang='lat' dir='ltr'>procurat.</span> 
     </span>
     <span class='ocr_line' id='line_1_10' title="bbox 206 841 1465 891; baseline -0.002 -12"><span class='ocrx_word' id='word_1_65' title='bbox 206 844 275 880; x_wconf 89' lang='lat' dir='ltr'>Illa</span> <span class='ocrx_word' id='word_1_66' title='bbox 318 852 452 880; x_wconf 85' lang='lat' dir='ltr'>autem</span> <span class='ocrx_word' id='word_1_67' title='bbox 494 842 732 880; x_wconf 90' lang='lat' dir='ltr'>distribucio</span> <span class='ocrx_word' id='word_1_68' title='bbox 775 851 832 880; x_wconf 90' lang='lat' dir='ltr'>est</span> <span class='ocrx_word' id='word_1_69' title='bbox 866 841 1079 891; x_wconf 89' lang='lat' dir='ltr'>culpabilis</span> <span class='ocrx_word' id='word_1_70' title='bbox 1113 851 1150 878; x_wconf 93' lang='lat' dir='ltr'>et</span> <span class='ocrx_word' id='word_1_71' title='bbox 1183 841 1334 889; x_wconf 83' lang='lat' dir='ltr'>iniqua,</span> <span class='ocrx_word' id='word_1_72' title='bbox 1370 853 1465 888; x_wconf 79' lang='lat' dir='ltr'>ergo</span> 
     </span>
     <span class='ocr_line' id='line_1_11' title="bbox 95 901 1465 950; baseline -0.003 -12"><span class='ocrx_word' id='word_1_73' title='bbox 95 914 132 935; x_wconf 83' lang='lat'>10</span> <span class='ocrx_word' id='word_1_74' title='bbox 147 901 480 938; x_wconf 87' lang='lat' dir='ltr'>distribucionem</span> <span class='ocrx_word' id='word_1_75' title='bbox 535 901 778 950; x_wconf 86' lang='lat' dir='ltr'>culpabilem</span> <span class='ocrx_word' id='word_1_76' title='bbox 834 911 871 937; x_wconf 88' lang='lat' dir='ltr'>et</span> <span class='ocrx_word' id='word_1_77' title='bbox 921 901 1103 949; x_wconf 86' lang='lat' dir='ltr'>iniquam</span> <span class='ocrx_word' id='word_1_78' title='bbox 1154 908 1360 949; x_wconf 88' lang='lat' dir='ltr'>procurat.</span> <span class='ocrx_word' id='word_1_79' title='bbox 1418 901 1465 934; x_wconf 83' lang='lat' dir='ltr'>Et</span> 
     </span>
     <span class='ocr_line' id='line_1_12' title="bbox 148 957 1465 1008; baseline -0.002 -12"><span class='ocrx_word' id='word_1_80' title='bbox 148 961 222 997; x_wconf 87' lang='lat' dir='ltr'>hoc</span> <span class='ocrx_word' id='word_1_81' title='bbox 260 960 419 997; x_wconf 88' lang='lat' dir='ltr'>videtur</span> <span class='ocrx_word' id='word_1_82' title='bbox 458 959 568 996; x_wconf 88' lang='lat' dir='ltr'>racio</span> <span class='ocrx_word' id='word_1_83' title='bbox 608 972 732 1008; x_wconf 90' lang='lat' dir='ltr'>quare</span> <span class='ocrx_word' id='word_1_84' title='bbox 777 959 951 1008; x_wconf 89' lang='lat' dir='ltr'>apostoli</span> <span class='ocrx_word' id='word_1_85' title='bbox 996 959 1233 995; x_wconf 86' lang='lat' dir='ltr'>laborarunt</span> <span class='ocrx_word' id='word_1_86' title='bbox 1278 957 1465 994; x_wconf 89' lang='lat' dir='ltr'>manibus</span> 
     </span>
     <span class='ocr_line' id='line_1_13' title="bbox 148 1017 1463 1065; baseline -0.003 -10"><span class='ocrx_word' id='word_1_87' title='bbox 148 1028 184 1055; x_wconf 87' lang='lat' dir='ltr'>et</span> <span class='ocrx_word' id='word_1_88' title='bbox 209 1031 290 1055; x_wconf 89' lang='lat' dir='ltr'>non</span> <span class='ocrx_word' id='word_1_89' title='bbox 314 1021 363 1055; x_wconf 90' lang='lat' dir='ltr'>ad</span> <span class='ocrx_word' id='word_1_90' title='bbox 387 1019 486 1055; x_wconf 87' lang='lat' dir='ltr'>tales</span> <span class='ocrx_word' id='word_1_91' title='bbox 511 1017 824 1055; x_wconf 88' lang='lat' dir='ltr'>distribuciones</span> <span class='ocrx_word' id='word_1_92' title='bbox 847 1017 924 1054; x_wconf 92' lang='lat' dir='ltr'>illis</span> <span class='ocrx_word' id='word_1_93' title='bbox 948 1017 1157 1065; x_wconf 82' lang='lat' dir='ltr'>ambiguas</span> <span class='ocrx_word' id='word_1_94' title='bbox 1180 1024 1463 1065; x_wconf 86' lang='lat' dir='ltr'>procurarunt.</span> 
     </span>
     <span class='ocr_line' id='line_1_14' title="bbox 148 1074 1464 1125; baseline -0.004 -11"><span class='ocrx_word' id='word_1_95' title='bbox 148 1077 186 1114; x_wconf 87' lang='lat' dir='ltr'>Si</span> <span class='ocrx_word' id='word_1_96' title='bbox 232 1085 366 1114; x_wconf 86' lang='lat' dir='ltr'>autern</span> <span class='ocrx_word' id='word_1_97' title='bbox 413 1076 596 1125; x_wconf 89' lang='lat' dir='ltr'>quisquis</span> <span class='ocrx_word' id='word_1_98' title='bbox 640 1076 691 1113; x_wconf 91' lang='lat' dir='ltr'>sit</span> <span class='ocrx_word' id='word_1_99' title='bbox 738 1085 868 1113; x_wconf 88' lang='lat' dir='ltr'>certus</span> <span class='ocrx_word' id='word_1_100' title='bbox 917 1077 965 1113; x_wconf 91' lang='lat' dir='ltr'>de</span> <span class='ocrx_word' id='word_1_101' title='bbox 1010 1075 1205 1123; x_wconf 80' lang='lat' dir='ltr'>dignitate</span> <span class='ocrx_word' id='word_1_102' title='bbox 1251 1074 1310 1111; x_wconf 90' lang='lat' dir='ltr'>sui</span> <span class='ocrx_word' id='word_1_103' title='bbox 1356 1075 1464 1123; x_wconf 90' lang='lat' dir='ltr'>quod</span> 
     </span>
     <span class='ocr_line' id='line_1_15' title="bbox 147 1132 1464 1183; baseline -0.003 -12"><span class='ocrx_word' id='word_1_104' title='bbox 147 1134 311 1183; x_wconf 79' lang='lat' dir='ltr'>dignum</span> <span class='ocrx_word' id='word_1_105' title='bbox 352 1143 410 1172; x_wconf 88' lang='lat' dir='ltr'>est</span> <span class='ocrx_word' id='word_1_106' title='bbox 449 1143 486 1171; x_wconf 89' lang='lat' dir='ltr'>et</span> <span class='ocrx_word' id='word_1_107' title='bbox 524 1135 671 1171; x_wconf 86' lang='lat' dir='ltr'>habeat</span> <span class='ocrx_word' id='word_1_108' title='bbox 709 1134 776 1171; x_wconf 90' lang='lat' dir='ltr'>illa</span> <span class='ocrx_word' id='word_1_109' title='bbox 817 1135 936 1179; x_wconf 88' lang='lat' dir='ltr'>bona,</span> <span class='ocrx_word' id='word_1_110' title='bbox 978 1146 1068 1170; x_wconf 91' lang='lat' dir='ltr'>cum</span> <span class='ocrx_word' id='word_1_111' title='bbox 1109 1132 1316 1181; x_wconf 79' lang='lat' dir='ltr'>cognoscit</span> <span class='ocrx_word' id='word_1_112' title='bbox 1356 1133 1464 1181; x_wconf 90' lang='lat' dir='ltr'>quod</span> 
     </span>
     <span class='ocr_line' id='line_1_16' title="bbox 94 1191 1463 1242; baseline -0.001 -15"><span class='ocrx_word' id='word_1_113' title='bbox 94 1196 129 1227; x_wconf 75' lang='lat'>15</span> <span class='ocrx_word' id='word_1_114' title='bbox 147 1195 252 1230; x_wconf 89' lang='lat' dir='ltr'>Deus</span> <span class='ocrx_word' id='word_1_115' title='bbox 286 1193 353 1242; x_wconf 93' lang='lat' dir='ltr'>qui</span> <span class='ocrx_word' id='word_1_116' title='bbox 387 1201 444 1229; x_wconf 88' lang='lat' dir='ltr'>est</span> <span class='ocrx_word' id='word_1_117' title='bbox 476 1205 569 1229; x_wconf 88' lang='lat' dir='ltr'>suus</span> <span class='ocrx_word' id='word_1_118' title='bbox 594 1192 782 1229; x_wconf 90' lang='lat' dir='ltr'>dominus</span> <span class='ocrx_word' id='word_1_119' title='bbox 814 1192 1032 1241; x_wconf 81' lang='lat' dir='ltr'>graciosus,</span> <span class='ocrx_word' id='word_1_120' title='bbox 1066 1191 1230 1228; x_wconf 83' lang='lat' dir='ltr'>illorum</span> <span class='ocrx_word' id='word_1_121' title='bbox 1264 1192 1463 1227; x_wconf 90' lang='lat' dir='ltr'>bonorum</span> 
     </span>
     <span class='ocr_line' id='line_1_17' title="bbox 147 1249 1466 1300; baseline -0.003 -12"><span class='ocrx_word' id='word_1_122' title='bbox 147 1251 334 1288; x_wconf 89' lang='lat' dir='ltr'>dominus</span> <span class='ocrx_word' id='word_1_123' title='bbox 368 1250 565 1300; x_wconf 84' lang='lat' dir='ltr'>capitalis,</span> <span class='ocrx_word' id='word_1_124' title='bbox 606 1259 737 1300; x_wconf 90' lang='lat' dir='ltr'>potest</span> <span class='ocrx_word' id='word_1_125' title='bbox 771 1252 819 1287; x_wconf 93' lang='lat' dir='ltr'>de</span> <span class='ocrx_word' id='word_1_126' title='bbox 852 1250 930 1287; x_wconf 89' lang='lat' dir='ltr'>illis</span> <span class='ocrx_word' id='word_1_127' title='bbox 964 1250 1088 1299; x_wconf 82' lang='lat' dir='ltr'>gratis</span> <span class='ocrx_word' id='word_1_128' title='bbox 1122 1249 1266 1287; x_wconf 89' lang='lat' dir='ltr'>ablatis</span> <span class='ocrx_word' id='word_1_129' title='bbox 1298 1249 1466 1285; x_wconf 87' lang='lat' dir='ltr'>licenter</span> 
     </span>
     <span class='ocr_line' id='line_1_18' title="bbox 145 1307 1465 1358; baseline -0.003 -12"><span class='ocrx_word' id='word_1_130' title='bbox 145 1309 342 1358; x_wconf 90' lang='lat' dir='ltr'>accipere,</span> <span class='ocrx_word' id='word_1_131' title='bbox 384 1309 441 1346; x_wconf 91' lang='lat' dir='ltr'>sic</span> <span class='ocrx_word' id='word_1_132' title='bbox 480 1318 617 1346; x_wconf 90' lang='lat' dir='ltr'>tamen</span> <span class='ocrx_word' id='word_1_133' title='bbox 651 1310 759 1358; x_wconf 91' lang='lat' dir='ltr'>quod</span> <span class='ocrx_word' id='word_1_134' title='bbox 792 1322 875 1346; x_wconf 93' lang='lat' dir='ltr'>non</span> <span class='ocrx_word' id='word_1_135' title='bbox 908 1317 1102 1358; x_wconf 88' lang='lat' dir='ltr'>procurat</span> <span class='ocrx_word' id='word_1_136' title='bbox 1135 1309 1186 1345; x_wconf 86' lang='lat' dir='ltr'>ad</span> <span class='ocrx_word' id='word_1_137' title='bbox 1219 1316 1355 1345; x_wconf 90' lang='lat' dir='ltr'>actum</span> <span class='ocrx_word' id='word_1_138' title='bbox 1389 1307 1465 1343; x_wconf 90' lang='lat' dir='ltr'>illi-</span> 
     </span>
     <span class='ocr_line' id='line_1_19' title="bbox 146 1366 1464 1416; baseline -0.002 -12"><span class='ocrx_word' id='word_1_139' title='bbox 146 1368 283 1405; x_wconf 89' lang='lat' dir='ltr'>citum.</span> <span class='ocrx_word' id='word_1_140' title='bbox 318 1370 366 1404; x_wconf 88' lang='lat' dir='ltr'>Et</span> <span class='ocrx_word' id='word_1_141' title='bbox 398 1370 471 1404; x_wconf 90' lang='lat' dir='ltr'>hec</span> <span class='ocrx_word' id='word_1_142' title='bbox 503 1367 613 1404; x_wconf 89' lang='lat' dir='ltr'>racio</span> <span class='ocrx_word' id='word_1_143' title='bbox 647 1380 771 1416; x_wconf 88' lang='lat' dir='ltr'>quare</span> <span class='ocrx_word' id='word_1_144' title='bbox 805 1367 988 1404; x_wconf 87' lang='lat' dir='ltr'>Christus</span> <span class='ocrx_word' id='word_1_145' title='bbox 1020 1366 1216 1404; x_wconf 86' lang='lat' dir='ltr'>innuitive</span> <span class='ocrx_word' id='word_1_146' title='bbox 1250 1366 1464 1402; x_wconf 91' lang='lat' dir='ltr'>solomodo</span> 
     </span>
     <span class='ocr_line' id='line_1_20' title="bbox 148 1424 1464 1475; baseline -0.002 -13"><span class='ocrx_word' id='word_1_147' title='bbox 148 1426 402 1473; x_wconf 83' lang='lat' dir='ltr'>mendicavit,</span> <span class='ocrx_word' id='word_1_148' title='bbox 428 1428 526 1463; x_wconf 86' lang='lat' dir='ltr'>dans</span> <span class='ocrx_word' id='word_1_149' title='bbox 551 1427 777 1475; x_wconf 80' lang='lat' dir='ltr'>exemplum</span> <span class='ocrx_word' id='word_1_150' title='bbox 801 1435 844 1462; x_wconf 88' lang='lat' dir='ltr'>ut</span> <span class='ocrx_word' id='word_1_151' title='bbox 867 1427 998 1463; x_wconf 89' lang='lat' dir='ltr'>solum</span> <span class='ocrx_word' id='word_1_152' title='bbox 1021 1425 1155 1463; x_wconf 88' lang='lat' dir='ltr'>taliter</span> <span class='ocrx_word' id='word_1_153' title='bbox 1175 1424 1464 1461; x_wconf 86' lang='lat' dir='ltr'>mendicarent.</span> 
     </span>
     <span class='ocr_line' id='line_1_21' title="bbox 90 1482 1465 1533; baseline -0.002 -12"><span class='ocrx_word' id='word_1_154' title='bbox 90 1497 131 1518; x_wconf 82' lang='lat'>20</span> <span class='ocrx_word' id='word_1_155' title='bbox 204 1484 244 1520; x_wconf 89' lang='lat' dir='ltr'>Si</span> <span class='ocrx_word' id='word_1_156' title='bbox 285 1494 419 1521; x_wconf 90' lang='lat' dir='ltr'>autem</span> <span class='ocrx_word' id='word_1_157' title='bbox 460 1484 618 1521; x_wconf 88' lang='lat' dir='ltr'>dicatur</span> <span class='ocrx_word' id='word_1_158' title='bbox 650 1486 759 1533; x_wconf 90' lang='lat' dir='ltr'>quod</span> <span class='ocrx_word' id='word_1_159' title='bbox 800 1486 905 1521; x_wconf 88' lang='lat' dir='ltr'>bona</span> <span class='ocrx_word' id='word_1_160' title='bbox 939 1497 1015 1533; x_wconf 88' lang='lat' dir='ltr'>que</span> <span class='ocrx_word' id='word_1_161' title='bbox 1054 1483 1110 1521; x_wconf 94' lang='lat' dir='ltr'>sic</span> <span class='ocrx_word' id='word_1_162' title='bbox 1144 1483 1269 1532; x_wconf 79' lang='lat' dir='ltr'>gratis</span> <span class='ocrx_word' id='word_1_163' title='bbox 1301 1482 1465 1519; x_wconf 89' lang='lat' dir='ltr'>veniunt</span> 
     </span>
     <span class='ocr_line' id='line_1_22' title="bbox 147 1541 1465 1590; baseline -0.002 -11"><span class='ocrx_word' id='word_1_164' title='bbox 147 1556 227 1579; x_wconf 91' lang='lat' dir='ltr'>non</span> <span class='ocrx_word' id='word_1_165' title='bbox 265 1552 356 1579; x_wconf 92' lang='lat' dir='ltr'>sunt</span> <span class='ocrx_word' id='word_1_166' title='bbox 395 1543 589 1580; x_wconf 87' lang='lat' dir='ltr'>mendicis</span> <span class='ocrx_word' id='word_1_167' title='bbox 628 1542 889 1587; x_wconf 62' lang='lat' dir='ltr'>sufficiencffl,</span> <span class='ocrx_word' id='word_1_168' title='bbox 930 1543 1092 1580; x_wconf 89' lang='lat' dir='ltr'>videant</span> <span class='ocrx_word' id='word_1_169' title='bbox 1138 1541 1315 1578; x_wconf 88' lang='lat' dir='ltr'>mendici</span> <span class='ocrx_word' id='word_1_170' title='bbox 1356 1542 1465 1590; x_wconf 90' lang='lat' dir='ltr'>quod</span> 
     </span>
     <span class='ocr_line' id='line_1_23' title="bbox 51 1581 1466 1669; baseline -0.003 -31"><span class='ocrx_word' id='word_1_171' title='bbox 51 1581 131 1669; x_wconf 51' lang='grc' dir='ltr'>27ςίἐᾲ</span> <span class='ocrx_word' id='word_1_172' title='bbox 146 1614 215 1638; x_wconf 89' lang='lat' dir='ltr'>sua</span> <span class='ocrx_word' id='word_1_173' title='bbox 249 1601 424 1638; x_wconf 90' lang='lat' dir='ltr'>stulticia</span> <span class='ocrx_word' id='word_1_174' title='bbox 447 1601 508 1638; x_wconf 75' lang='lat' dir='ltr'>vel</span> <span class='ocrx_word' id='word_1_175' title='bbox 536 1597 540 1654; x_wconf 77' lang='grc' dir='ltr'>Ι</span> <span class='ocrx_word' id='word_1_176' title='bbox 571 1601 769 1649; x_wconf 89' lang='lat' dir='ltr'>cupiditas</span> <span class='ocrx_word' id='word_1_177' title='bbox 802 1614 883 1637; x_wconf 90' lang='lat' dir='ltr'>non</span> <span class='ocrx_word' id='word_1_178' title='bbox 916 1601 966 1637; x_wconf 91' lang='lat' dir='ltr'>sit</span> <span class='ocrx_word' id='word_1_179' title='bbox 989 1613 1122 1646; x_wconf 82' lang='lat' dir='ltr'>causa,</span> <span class='ocrx_word' id='word_1_180' title='bbox 1156 1609 1199 1635; x_wconf 90' lang='lat' dir='ltr'>ut</span> <span class='ocrx_word' id='word_1_181' title='bbox 1222 1608 1331 1648; x_wconf 85' lang='lat' dir='ltr'>puta,</span> <span class='ocrx_word' id='word_1_182' title='bbox 1357 1600 1466 1648; x_wconf 90' lang='lat' dir='ltr'>quod</span> 
     </span>
     <span class='ocr_line' id='line_1_24' title="bbox 146 1659 1465 1708; baseline -0.002 -13"><span class='ocrx_word' id='word_1_183' title='bbox 146 1672 227 1696; x_wconf 90' lang='lat' dir='ltr'>non</span> <span class='ocrx_word' id='word_1_184' title='bbox 266 1659 306 1695; x_wconf 90' lang='lat' dir='ltr'>in</span> <span class='ocrx_word' id='word_1_185' title='bbox 344 1660 549 1708; x_wconf 85' lang='lat' dir='ltr'>superfluo</span> <span class='ocrx_word' id='word_1_186' title='bbox 582 1660 701 1708; x_wconf 83' lang='lat' dir='ltr'>globo</span> <span class='ocrx_word' id='word_1_187' title='bbox 735 1660 854 1696; x_wconf 89' lang='lat' dir='ltr'>stulte</span> <span class='ocrx_word' id='word_1_188' title='bbox 887 1672 927 1696; x_wconf 93' lang='lat' dir='ltr'>se</span> <span class='ocrx_word' id='word_1_189' title='bbox 960 1659 1179 1704; x_wconf 81' lang='lat' dir='ltr'>cumulent,</span> <span class='ocrx_word' id='word_1_190' title='bbox 1213 1659 1322 1707; x_wconf 89' lang='lat' dir='ltr'>quod</span> <span class='ocrx_word' id='word_1_191' title='bbox 1357 1670 1465 1694; x_wconf 89' lang='lat' dir='ltr'>men-</span> 
     </span>
     <span class='ocr_line' id='line_1_25' title="bbox 150 1716 1463 1766; baseline -0.002 -12"><span class='ocrx_word' id='word_1_192' title='bbox 150 1717 330 1754; x_wconf 87' lang='lat' dir='ltr'>dicantes</span> <span class='ocrx_word' id='word_1_193' title='bbox 364 1717 604 1754; x_wconf 89' lang='lat' dir='ltr'>elemosinas</span> <span class='ocrx_word' id='word_1_194' title='bbox 638 1731 720 1754; x_wconf 92' lang='lat' dir='ltr'>non</span> <span class='ocrx_word' id='word_1_195' title='bbox 754 1719 981 1766; x_wconf 87' lang='lat' dir='ltr'>expendant</span> <span class='ocrx_word' id='word_1_196' title='bbox 1014 1716 1227 1765; x_wconf 88' lang='lat' dir='ltr'>inprovide</span> <span class='ocrx_word' id='word_1_197' title='bbox 1258 1717 1320 1752; x_wconf 89' lang='lat' dir='ltr'>vel</span> <span class='ocrx_word' id='word_1_198' title='bbox 1354 1717 1463 1765; x_wconf 87' lang='lat' dir='ltr'>quod</span> 
     </span>
     <span class='ocr_line' id='line_1_26' title="bbox 90 1775 1464 1825; baseline -0.001 -14"><span class='ocrx_word' id='word_1_199' title='bbox 90 1779 130 1810; x_wconf 76' lang='lat'>25</span> <span class='ocrx_word' id='word_1_200' title='bbox 149 1776 280 1812; x_wconf 90' lang='lat' dir='ltr'>minus</span> <span class='ocrx_word' id='word_1_201' title='bbox 312 1776 528 1825; x_wconf 87' lang='lat' dir='ltr'>inportune</span> <span class='ocrx_word' id='word_1_202' title='bbox 561 1785 700 1824; x_wconf 90' lang='lat' dir='ltr'>petant</span> <span class='ocrx_word' id='word_1_203' title='bbox 733 1777 782 1813; x_wconf 91' lang='lat' dir='ltr'>ab</span> <span class='ocrx_word' id='word_1_204' title='bbox 815 1775 992 1816; x_wconf 81' lang='lat' dir='ltr'>homine,</span> <span class='ocrx_word' id='word_1_205' title='bbox 1033 1787 1152 1824; x_wconf 90' lang='lat' dir='ltr'>quem</span> <span class='ocrx_word' id='word_1_206' title='bbox 1187 1776 1332 1811; x_wconf 89' lang='lat' dir='ltr'>debent</span> <span class='ocrx_word' id='word_1_207' title='bbox 1373 1787 1464 1822; x_wconf 92' lang='lat' dir='ltr'>sup-</span> 
     </span>
     <span class='ocr_line' id='line_1_27' title="bbox 147 1833 1464 1883; baseline -0.002 -13"><span class='ocrx_word' id='word_1_208' title='bbox 147 1847 297 1883; x_wconf 89' lang='lat' dir='ltr'>ponere</span> <span class='ocrx_word' id='word_1_209' title='bbox 338 1834 378 1870; x_wconf 89' lang='lat' dir='ltr'>in</span> <span class='ocrx_word' id='word_1_210' title='bbox 416 1833 707 1870; x_wconf 89' lang='lat' dir='ltr'>distribucione</span> <span class='ocrx_word' id='word_1_211' title='bbox 747 1834 838 1870; x_wconf 90' lang='lat' dir='ltr'>talis</span> <span class='ocrx_word' id='word_1_212' title='bbox 879 1833 1148 1870; x_wconf 85' lang='lat' dir='ltr'>mendicantis</span> <span class='ocrx_word' id='word_1_213' title='bbox 1187 1845 1369 1881; x_wconf 89' lang='lat' dir='ltr'>peccare.</span> <span class='ocrx_word' id='word_1_214' title='bbox 1416 1834 1464 1868; x_wconf 87' lang='lat' dir='ltr'>Et</span> 
     </span>
     <span class='ocr_line' id='line_1_28' title="bbox 146 1890 1465 1940; baseline -0.002 -12"><span class='ocrx_word' id='word_1_215' title='bbox 146 1892 202 1929; x_wconf 87' lang='lat' dir='ltr'>sic</span> <span class='ocrx_word' id='word_1_216' title='bbox 233 1892 534 1929; x_wconf 89' lang='lat' dir='ltr'>considerantes</span> <span class='ocrx_word' id='word_1_217' title='bbox 565 1901 708 1929; x_wconf 88' lang='lat' dir='ltr'>cuncta</span> <span class='ocrx_word' id='word_1_218' title='bbox 737 1892 909 1929; x_wconf 89' lang='lat' dir='ltr'>sollicite</span> <span class='ocrx_word' id='word_1_219' title='bbox 931 1892 1155 1929; x_wconf 89' lang='lat' dir='ltr'>videbimus</span> <span class='ocrx_word' id='word_1_220' title='bbox 1179 1892 1287 1940; x_wconf 92' lang='lat' dir='ltr'>quod</span> <span class='ocrx_word' id='word_1_221' title='bbox 1312 1890 1465 1927; x_wconf 90' lang='lat' dir='ltr'>mendi-</span> 
     </span>
     <span class='ocr_line' id='line_1_29' title="bbox 147 1948 1465 1999; baseline -0.002 -12"><span class='ocrx_word' id='word_1_222' title='bbox 147 1950 258 1987; x_wconf 89' lang='lat' dir='ltr'>cacio</span> <span class='ocrx_word' id='word_1_223' title='bbox 309 1959 366 1987; x_wconf 90' lang='lat' dir='ltr'>est</span> <span class='ocrx_word' id='word_1_224' title='bbox 415 1949 551 1987; x_wconf 86' lang='lat' dir='ltr'>multis</span> <span class='ocrx_word' id='word_1_225' title='bbox 602 1950 932 1999; x_wconf 80' lang='lat' dir='ltr'>perplexitatibus</span> <span class='ocrx_word' id='word_1_226' title='bbox 983 1952 1031 1987; x_wconf 92' lang='lat' dir='ltr'>de</span> <span class='ocrx_word' id='word_1_227' title='bbox 1076 1949 1227 1998; x_wconf 89' lang='lat' dir='ltr'>duplici</span> <span class='ocrx_word' id='word_1_228' title='bbox 1278 1948 1465 1997; x_wconf 87' lang='lat' dir='ltr'>nequicia</span> 
     </span>
     <span class='ocr_line' id='line_1_30' title="bbox 146 2006 1465 2057; baseline -0.002 -13"><span class='ocrx_word' id='word_1_229' title='bbox 146 2009 336 2046; x_wconf 89' lang='lat' dir='ltr'>involuta.</span> <span class='ocrx_word' id='word_1_230' title='bbox 374 2008 493 2045; x_wconf 86' lang='lat' dir='ltr'>Dubii</span> <span class='ocrx_word' id='word_1_231' title='bbox 517 2009 679 2057; x_wconf 91' lang='lat' dir='ltr'>quidem</span> <span class='ocrx_word' id='word_1_232' title='bbox 713 2022 850 2046; x_wconf 90' lang='lat' dir='ltr'>sumus</span> <span class='ocrx_word' id='word_1_233' title='bbox 882 2009 943 2046; x_wconf 90' lang='lat' dir='ltr'>vel</span> <span class='ocrx_word' id='word_1_234' title='bbox 971 2007 1241 2045; x_wconf 84' lang='lat' dir='ltr'>verisimiliter</span> <span class='ocrx_word' id='word_1_235' title='bbox 1265 2006 1465 2044; x_wconf 89' lang='lat' dir='ltr'>credimus</span> 
     </span>
     <span class='ocr_line' id='line_1_31' title="bbox 87 2064 1465 2116; baseline -0.002 -13"><span class='ocrx_word' id='word_1_236' title='bbox 87 2069 128 2100; x_wconf 68' lang='lat'>30</span> <span class='ocrx_word' id='word_1_237' title='bbox 145 2068 253 2116; x_wconf 92' lang='lat' dir='ltr'>quod</span> <span class='ocrx_word' id='word_1_238' title='bbox 293 2067 605 2104; x_wconf 84' lang='lat' dir='ltr'>communitates</span> <span class='ocrx_word' id='word_1_239' title='bbox 643 2080 716 2115; x_wconf 89' lang='lat' dir='ltr'>pro</span> <span class='ocrx_word' id='word_1_240' title='bbox 756 2067 900 2116; x_wconf 92' lang='lat' dir='ltr'>quibus</span> <span class='ocrx_word' id='word_1_241' title='bbox 941 2066 1195 2103; x_wconf 80' lang='lat' dir='ltr'>mendicatus</span> <span class='ocrx_word' id='word_1_242' title='bbox 1225 2066 1287 2101; x_wconf 83' lang='lat' dir='ltr'>vel</span> <span class='ocrx_word' id='word_1_243' title='bbox 1321 2064 1465 2113; x_wconf 89' lang='lat' dir='ltr'>aliquis</span> 
     </span>
     <span class='ocr_line' id='line_1_32' title="bbox 145 2123 1463 2162; baseline -0.002 0"><span class='ocrx_word' id='word_1_244' title='bbox 145 2138 281 2162; x_wconf 89' lang='lat' dir='ltr'>earum</span> <span class='ocrx_word' id='word_1_245' title='bbox 312 2125 362 2162; x_wconf 89' lang='lat' dir='ltr'>sit</span> <span class='ocrx_word' id='word_1_246' title='bbox 385 2125 571 2162; x_wconf 87' lang='lat' dir='ltr'>Scarioth</span> <span class='ocrx_word' id='word_1_247' title='bbox 601 2134 638 2162; x_wconf 88' lang='lat' dir='ltr'>et</span> <span class='ocrx_word' id='word_1_248' title='bbox 661 2125 717 2162; x_wconf 90' lang='lat' dir='ltr'>sic</span> <span class='ocrx_word' id='word_1_249' title='bbox 746 2125 917 2162; x_wconf 88' lang='lat' dir='ltr'>sollicite</span> <span class='ocrx_word' id='word_1_250' title='bbox 947 2124 1147 2161; x_wconf 86' lang='lat' dir='ltr'>nutrimus</span> <span class='ocrx_word' id='word_1_251' title='bbox 1171 2123 1463 2160; x_wconf 90' lang='lat' dir='ltr'>Antichristum</span> 
     </span>
     <span class='ocr_line' id='line_1_33' title="bbox 145 2181 1464 2232; baseline -0.002 -13"><span class='ocrx_word' id='word_1_252' title='bbox 145 2192 266 2232; x_wconf 89' lang='lat' dir='ltr'>atque</span> <span class='ocrx_word' id='word_1_253' title='bbox 299 2183 521 2220; x_wconf 90' lang='lat' dir='ltr'>diabolum.</span> <span class='ocrx_word' id='word_1_254' title='bbox 558 2185 611 2220; x_wconf 87' lang='lat' dir='ltr'>Ex</span> <span class='ocrx_word' id='word_1_255' title='bbox 644 2192 758 2232; x_wconf 88' lang='lat' dir='ltr'>parte</span> <span class='ocrx_word' id='word_1_256' title='bbox 792 2192 926 2220; x_wconf 86' lang='lat' dir='ltr'>autem</span> <span class='ocrx_word' id='word_1_257' title='bbox 962 2195 1229 2231; x_wconf 86' lang='lat' dir='ltr'>personarum</span> <span class='ocrx_word' id='word_1_258' title='bbox 1264 2194 1286 2218; x_wconf 86' lang='lat' dir='ltr'>a</span> <span class='ocrx_word' id='word_1_259' title='bbox 1320 2181 1464 2230; x_wconf 88' lang='lat' dir='ltr'>quibus</span> 
     </span>
     <span class='ocr_line' id='line_1_34' title="bbox 147 2240 1464 2289; baseline -0.002 -12"><span class='ocrx_word' id='word_1_260' title='bbox 147 2241 401 2278; x_wconf 79' lang='lat' dir='ltr'>mendicatus</span> <span class='ocrx_word' id='word_1_261' title='bbox 441 2241 674 2289; x_wconf 80' lang='lat' dir='ltr'>ignoramus</span> <span class='ocrx_word' id='word_1_262' title='bbox 714 2241 744 2278; x_wconf 92' lang='lat' dir='ltr'>si</span> <span class='ocrx_word' id='word_1_263' title='bbox 780 2241 1015 2278; x_wconf 85' lang='lat' dir='ltr'>mendicans</span> <span class='ocrx_word' id='word_1_264' title='bbox 1048 2241 1203 2278; x_wconf 86' lang='lat' dir='ltr'>seducit</span> <span class='ocrx_word' id='word_1_265' title='bbox 1236 2253 1352 2276; x_wconf 89' lang='lat' dir='ltr'>suum</span> <span class='ocrx_word' id='word_1_266' title='bbox 1389 2240 1464 2275; x_wconf 89' lang='lat' dir='ltr'>ele-</span> 
     </span>
     <span class='ocr_line' id='line_1_35' title="bbox 148 2297 1464 2348; baseline -0.002 -13"><span class='ocrx_word' id='word_1_267' title='bbox 148 2299 416 2336; x_wconf 88' lang='lat' dir='ltr'>mosinantem</span> <span class='ocrx_word' id='word_1_268' title='bbox 459 2299 670 2337; x_wconf 84' lang='lat' dir='ltr'>excitando</span> <span class='ocrx_word' id='word_1_269' title='bbox 712 2313 802 2336; x_wconf 89' lang='lat' dir='ltr'>eum</span> <span class='ocrx_word' id='word_1_270' title='bbox 844 2301 893 2336; x_wconf 88' lang='lat' dir='ltr'>ad</span> <span class='ocrx_word' id='word_1_271' title='bbox 939 2312 1040 2348; x_wconf 91' lang='lat' dir='ltr'>opus</span> <span class='ocrx_word' id='word_1_272' title='bbox 1085 2312 1156 2347; x_wconf 89' lang='lat' dir='ltr'>per</span> <span class='ocrx_word' id='word_1_273' title='bbox 1195 2300 1303 2346; x_wconf 88' lang='lat' dir='ltr'>quod</span> <span class='ocrx_word' id='word_1_274' title='bbox 1342 2297 1464 2333; x_wconf 89' lang='lat' dir='ltr'>indis-</span> 
     </span>
    </p>

    <p class='ocr_par' dir='ltr' id='par_1_4' title="bbox 90 2357 1133 2406">
     <span class='ocr_line' id='line_1_36' title="bbox 90 2357 1133 2406; baseline 0.002 -15"><span class='ocrx_word' id='word_1_275' title='bbox 90 2359 128 2392; x_wconf 78' lang='lat'>35</span> <span class='ocrx_word' id='word_1_276' title='bbox 146 2357 323 2405; x_wconf 69' lang='lat' dir='ltr'>ponitur,</span> <span class='ocrx_word' id='word_1_277' title='bbox 357 2366 400 2394; x_wconf 88' lang='lat' dir='ltr'>ut</span> <span class='ocrx_word' id='word_1_278' title='bbox 432 2357 553 2394; x_wconf 87' lang='lat' dir='ltr'>faciat</span> <span class='ocrx_word' id='word_1_279' title='bbox 585 2357 742 2394; x_wconf 88' lang='lat' dir='ltr'>iusticie</span> <span class='ocrx_word' id='word_1_280' title='bbox 775 2359 1133 2406; x_wconf 87' lang='lat' dir='ltr'>complementum.</span> 
     </span>
    </p>

    <p class='ocr_par' dir='ltr' id='par_1_5' title="bbox 146 2414 1464 2639">
     <span class='ocr_line' id='line_1_37' title="bbox 204 2414 1464 2465; baseline -0.002 -14"><span class='ocrx_word' id='word_1_281' title='bbox 204 2415 316 2452; x_wconf 89' lang='lat' dir='ltr'>Absit</span> <span class='ocrx_word' id='word_1_282' title='bbox 347 2428 440 2463; x_wconf 81' lang='lat' dir='ltr'>ergo</span> <span class='ocrx_word' id='word_1_283' title='bbox 465 2417 573 2465; x_wconf 91' lang='lat' dir='ltr'>quod</span> <span class='ocrx_word' id='word_1_284' title='bbox 599 2416 727 2453; x_wconf 87' lang='lat' dir='ltr'>fidelis</span> <span class='ocrx_word' id='word_1_285' title='bbox 750 2417 872 2452; x_wconf 87' lang='lat' dir='ltr'>talem</span> <span class='ocrx_word' id='word_1_286' title='bbox 907 2425 1032 2452; x_wconf 83' lang='lat' dir='ltr'>artem</span> <span class='ocrx_word' id='word_1_287' title='bbox 1069 2415 1299 2463; x_wconf 73' lang='lat' dir='ltr'>perplexam</span> <span class='ocrx_word' id='word_1_288' title='bbox 1338 2414 1464 2450; x_wconf 91' lang='lat' dir='ltr'>inten-</span> 
     </span>
     <span class='ocr_line' id='line_1_38' title="bbox 146 2473 1464 2523; baseline -0.002 -14"><span class='ocrx_word' id='word_1_289' title='bbox 146 2475 257 2510; x_wconf 85' lang='lat' dir='ltr'>deret</span> <span class='ocrx_word' id='word_1_290' title='bbox 295 2475 355 2510; x_wconf 90' lang='lat' dir='ltr'>vel</span> <span class='ocrx_word' id='word_1_291' title='bbox 388 2474 550 2511; x_wconf 84' lang='lat' dir='ltr'>foveret.</span> <span class='ocrx_word' id='word_1_292' title='bbox 592 2477 640 2510; x_wconf 86' lang='lat' dir='ltr'>Et</span> <span class='ocrx_word' id='word_1_293' title='bbox 673 2487 744 2523; x_wconf 88' lang='lat' dir='ltr'>per</span> <span class='ocrx_word' id='word_1_294' title='bbox 777 2475 853 2511; x_wconf 93' lang='lat' dir='ltr'>hoc</span> <span class='ocrx_word' id='word_1_295' title='bbox 886 2483 996 2522; x_wconf 90' lang='lat' dir='ltr'>patet</span> <span class='ocrx_word' id='word_1_296' title='bbox 1030 2473 1238 2521; x_wconf 88' lang='lat' dir='ltr'>responsio</span> <span class='ocrx_word' id='word_1_297' title='bbox 1271 2474 1320 2508; x_wconf 87' lang='lat' dir='ltr'>ad</span> <span class='ocrx_word' id='word_1_298' title='bbox 1355 2485 1464 2508; x_wconf 88' lang='lat' dir='ltr'>com—</span> 
     </span>
     <span class='ocr_line' id='line_1_39' title="bbox 148 2530 1463 2581; baseline -0.002 -14"><span class='ocrx_word' id='word_1_299' title='bbox 148 2544 309 2568; x_wconf 89' lang='lat' dir='ltr'>munem</span> <span class='ocrx_word' id='word_1_300' title='bbox 348 2531 586 2569; x_wconf 85' lang='lat' dir='ltr'>instanciam</span> <span class='ocrx_word' id='word_1_301' title='bbox 627 2546 705 2581; x_wconf 87' lang='lat' dir='ltr'>qua</span> <span class='ocrx_word' id='word_1_302' title='bbox 743 2534 935 2569; x_wconf 87' lang='lat' dir='ltr'>suadetur</span> <span class='ocrx_word' id='word_1_303' title='bbox 973 2533 1081 2580; x_wconf 89' lang='lat' dir='ltr'>quod</span> <span class='ocrx_word' id='word_1_304' title='bbox 1126 2532 1249 2567; x_wconf 92' lang='lat' dir='ltr'>homo</span> <span class='ocrx_word' id='word_1_305' title='bbox 1289 2530 1328 2565; x_wconf 88' lang='lat' dir='ltr'>in</span> <span class='ocrx_word' id='word_1_306' title='bbox 1369 2543 1463 2566; x_wconf 87' lang='lat' dir='ltr'>casu</span> 
     </span>
     <span class='ocr_line' id='line_1_40' title="bbox 147 2588 1463 2639; baseline -0.002 -14"><span class='ocrx_word' id='word_1_307' title='bbox 147 2590 302 2626; x_wconf 88' lang='lat' dir='ltr'>nutrire</span> <span class='ocrx_word' id='word_1_308' title='bbox 341 2591 483 2626; x_wconf 85' lang='lat' dir='ltr'>debeat</span> <span class='ocrx_word' id='word_1_309' title='bbox 515 2590 807 2627; x_wconf 82' lang='lat' dir='ltr'>Antichristum</span> <span class='ocrx_word' id='word_1_310' title='bbox 855 2599 976 2639; x_wconf 85' lang='lat' dir='ltr'>atque</span> <span class='ocrx_word' id='word_1_311' title='bbox 1023 2589 1244 2631; x_wconf 77' lang='lat' dir='ltr'>diabolum,</span> <span class='ocrx_word' id='word_1_312' title='bbox 1286 2588 1379 2636; x_wconf 83' lang='lat' dir='ltr'>quia</span> <span class='ocrx_word' id='word_1_313' title='bbox 1425 2588 1463 2623; x_wconf 92' lang='lat' dir='ltr'>in</span> 
     </span>
    </p>

    <p class='ocr_par' dir='ltr' id='par_1_6' title="bbox 86 2646 1464 2754">
     <span class='ocr_line' id='line_1_41' title="bbox 86 2646 1464 2694; baseline -0.001 -10"><span class='ocrx_word' id='word_1_314' title='bbox 86 2661 131 2691; x_wconf 91' lang='lat'>40</span> <span class='ocrx_word' id='word_1_315' title='bbox 148 2661 244 2684; x_wconf 89' lang='lat' dir='ltr'>casu</span> <span class='ocrx_word' id='word_1_316' title='bbox 276 2648 429 2684; x_wconf 85' lang='lat' dir='ltr'>nutrire</span> <span class='ocrx_word' id='word_1_317' title='bbox 462 2649 579 2684; x_wconf 89' lang='lat' dir='ltr'>debet</span> <span class='ocrx_word' id='word_1_318' title='bbox 612 2657 649 2685; x_wconf 90' lang='lat' dir='ltr'>et</span> <span class='ocrx_word' id='word_1_319' title='bbox 673 2650 806 2685; x_wconf 82' lang='lat' dir='ltr'>fovere</span> <span class='ocrx_word' id='word_1_320' title='bbox 839 2648 880 2684; x_wconf 91' lang='lat' dir='ltr'>in</span> <span class='ocrx_word' id='word_1_321' title='bbox 912 2648 992 2685; x_wconf 86' lang='lat' dir='ltr'>vite</span> <span class='ocrx_word' id='word_1_322' title='bbox 1025 2646 1261 2684; x_wconf 84' lang='lat' dir='ltr'>necessariis</span> <span class='ocrx_word' id='word_1_323' title='bbox 1295 2655 1464 2694; x_wconf 90' lang='lat' dir='ltr'>propter</span> 
     </span>
     <span class='ocr_line' id='line_1_42' title="bbox 149 2706 1463 2754; baseline -0.002 -12"><span class='ocrx_word' id='word_1_324' title='bbox 149 2706 308 2742; x_wconf 88' lang='lat' dir='ltr'>finalem</span> <span class='ocrx_word' id='word_1_325' title='bbox 358 2706 637 2742; x_wconf 87' lang='lat' dir='ltr'>necessitatem</span> <span class='ocrx_word' id='word_1_326' title='bbox 685 2706 796 2743; x_wconf 91' lang='lat' dir='ltr'>illum</span> <span class='ocrx_word' id='word_1_327' title='bbox 833 2708 994 2743; x_wconf 87' lang='lat' dir='ltr'>Petrum</span> <span class='ocrx_word' id='word_1_328' title='bbox 1041 2706 1109 2754; x_wconf 91' lang='lat' dir='ltr'>qui</span> <span class='ocrx_word' id='word_1_329' title='bbox 1155 2714 1263 2751; x_wconf 83' lang='lat' dir='ltr'>tunc,</span> <span class='ocrx_word' id='word_1_330' title='bbox 1304 2714 1393 2753; x_wconf 88' lang='lat' dir='ltr'>post</span> <span class='ocrx_word' id='word_1_331' title='bbox 1427 2713 1463 2740; x_wconf 84' lang='lat' dir='ltr'>et</span> 
     </span>
    </p>
   </div>
   <div class='ocr_carea' id='block_1_3' title="bbox 145 2836 1462 2945">
    <p class='ocr_par' dir='ltr' id='par_1_7' title="bbox 145 2836 1462 2945">
     <span class='ocr_line' id='line_1_43' title="bbox 215 2836 1462 2875; baseline -0.002 -8"><span class='ocrx_word' id='word_1_332' title='bbox 215 2848 235 2867; x_wconf 95' lang='lat'>1.</span> <span class='ocrx_word' id='word_1_333' title='bbox 251 2839 346 2868; x_wconf 84' lang='lat' dir='ltr'>Cod.:</span> <span class='ocrx_word' id='word_1_334' title='bbox 368 2841 397 2867; x_wconf 91' lang='lat' dir='ltr'>in</span> <span class='ocrx_word' id='word_1_335' title='bbox 413 2840 470 2867; x_wconf 76' lang='lat' dir='ltr'>ista</span> <span class='ocrx_word' id='word_1_336' title='bbox 486 2840 695 2875; x_wconf 78' lang='lat' dir='ltr'>spiritualiter.</span> <span class='ocrx_word' id='word_1_337' title='bbox 758 2848 795 2868; x_wconf 77' lang='lat'>12.</span> <span class='ocrx_word' id='word_1_338' title='bbox 813 2841 909 2868; x_wconf 79' lang='lat' dir='ltr'>Cod.:</span> <span class='ocrx_word' id='word_1_339' title='bbox 931 2840 1093 2875; x_wconf 77' lang='lat' dir='ltr'>ambiguas</span> <span class='ocrx_word' id='word_1_340' title='bbox 1132 2840 1202 2867; x_wconf 86' lang='lat' dir='ltr'>uod.</span> <span class='ocrx_word' id='word_1_341' title='bbox 1259 2847 1297 2866; x_wconf 79' lang='lat'>21.</span> <span class='ocrx_word' id='word_1_342' title='bbox 1315 2840 1379 2866; x_wconf 79' lang='lat' dir='ltr'>Fol.</span> <span class='ocrx_word' id='word_1_343' title='bbox 1395 2836 1462 2873; x_wconf 55' lang='lat'>27311</span> 
     </span>
     <span class='ocr_line' id='line_1_44' title="bbox 145 2873 1462 2911; baseline -0.002 -10"><span class='ocrx_word' id='word_1_344' title='bbox 145 2875 175 2901; x_wconf 91' lang='lat' dir='ltr'>in</span> <span class='ocrx_word' id='word_1_345' title='bbox 191 2883 231 2901; x_wconf 91' lang='lat' dir='ltr'>m.</span> <span class='ocrx_word' id='word_1_346' title='bbox 248 2875 319 2901; x_wconf 76' lang='lat' dir='ltr'>ins.:</span> <span class='ocrx_word' id='word_1_347' title='bbox 340 2875 495 2909; x_wconf 82' lang='lat' dir='ltr'>cupiditas</span> <span class='ocrx_word' id='word_1_348' title='bbox 510 2884 570 2902; x_wconf 89' lang='lat' dir='ltr'>non</span> <span class='ocrx_word' id='word_1_349' title='bbox 587 2876 624 2901; x_wconf 85' lang='lat' dir='ltr'>sit</span> <span class='ocrx_word' id='word_1_350' title='bbox 639 2884 741 2902; x_wconf 81' lang='lat' dir='ltr'>causa.</span> <span class='ocrx_word' id='word_1_351' title='bbox 807 2883 855 2909; x_wconf 71' lang='lat'>24,</span> <span class='ocrx_word' id='word_1_352' title='bbox 870 2875 912 2903; x_wconf 81' lang='lat'>25.</span> <span class='ocrx_word' id='word_1_353' title='bbox 928 2875 1025 2903; x_wconf 51' lang='lat' dir='ltr'>Coti:</span> <span class='ocrx_word' id='word_1_354' title='bbox 1046 2883 1107 2911; x_wconf 86' lang='lat' dir='ltr'>quo</span> <span class='ocrx_word' id='word_1_355' title='bbox 1146 2883 1242 2901; x_wconf 79' lang='lat' dir='ltr'>meus.</span> <span class='ocrx_word' id='word_1_356' title='bbox 1309 2882 1352 2908; x_wconf 83' lang='lat'>27.</span> <span class='ocrx_word' id='word_1_357' title='bbox 1369 2873 1462 2901; x_wconf 48' lang='grc' dir='ltr'>(ζώω</span> 
     </span>
     <span class='ocr_line' id='line_1_45' title="bbox 145 2910 861 2945; baseline 0.001 -9"><span class='ocrx_word' id='word_1_358' title='bbox 145 2910 274 2937; x_wconf 82' lang='lat' dir='ltr'>cunctis.</span> <span class='ocrx_word' id='word_1_359' title='bbox 347 2918 398 2943; x_wconf 77' lang='lat'>40,</span> <span class='ocrx_word' id='word_1_360' title='bbox 419 2918 462 2944; x_wconf 82' lang='lat'>41.</span> <span class='ocrx_word' id='word_1_361' title='bbox 487 2910 582 2937; x_wconf 83' lang='lat' dir='ltr'>Cod.:</span> <span class='ocrx_word' id='word_1_362' title='bbox 610 2918 706 2945; x_wconf 79' lang='lat' dir='ltr'>prope</span> <span class='ocrx_word' id='word_1_363' title='bbox 727 2910 861 2937; x_wconf 73' lang='lat' dir='ltr'>finalem.</span> 
     </span>
    </p>
   </div>
   <div class='ocr_carea' id='block_1_4' title="bbox 1260 2967 1295 2989">
    <p class='ocr_par' dir='ltr' id='par_1_8' title="bbox 1260 2967 1295 2989">
     <span class='ocr_line' id='line_1_46' title="bbox 1260 2967 1295 2989; baseline -0.029 0"><span class='ocrx_word' id='word_1_364' title='bbox 1260 2967 1295 2989; x_wconf 80' lang='lat'>21</span> 
     </span>
    </p>
   </div>
   <div class='ocr_carea' id='block_1_5' title="bbox 1504 261 1746 944">
    <p class='ocr_par' dir='ltr' id='par_1_9' title="bbox 1504 261 1746 944">
     <span class='ocr_line' id='line_1_47' title="bbox 1677 261 1746 296; baseline -0.014 0"><span class='ocrx_word' id='word_1_365' title='bbox 1677 261 1692 291; x_wconf 63' lang='lat' dir='ltr'>‘i</span> <span class='ocrx_word' id='word_1_366' title='bbox 1704 271 1723 296; x_wconf 86' lang='lat'>2</span> <span class='ocrx_word' id='word_1_367' title='bbox 1740 274 1746 295; x_wconf 89' lang='lat'>1</span> 
     </span>
     <span class='ocr_line' id='line_1_48' title="bbox 1504 845 1731 885; baseline -0.004 -12"><span class='ocrx_word' id='word_1_368' title='bbox 1504 845 1592 882; x_wconf 71' lang='lat' dir='ltr'>They</span> <span class='ocrx_word' id='word_1_369' title='bbox 1613 847 1678 885; x_wconf 80' lang='lat' dir='ltr'>lead</span> <span class='ocrx_word' id='word_1_370' title='bbox 1701 851 1731 873; x_wconf 82' lang='lat' dir='ltr'>to</span> 
     </span>
     <span class='ocr_line' id='line_1_49' title="bbox 1570 887 1671 915; baseline 0 -7"><span class='ocrx_word' id='word_1_371' title='bbox 1570 887 1671 915; x_wconf 70' lang='lat' dir='ltr'>munst</span> 
     </span>
     <span class='ocr_line' id='line_1_50' title="bbox 1511 917 1724 944; baseline -0.005 0"><span class='ocrx_word' id='word_1_372' title='bbox 1511 917 1724 944; x_wconf 80' lang='lat' dir='ltr'>distribution.</span> 
     </span>
    </p>
   </div>
   <div class='ocr_carea' id='block_1_6' title="bbox 1492 1488 1743 1665">
    <p class='ocr_par' dir='ltr' id='par_1_10' title="bbox 1492 1488 1743 1665">
     <span class='ocr_line' id='line_1_51' title="bbox 1492 1488 1743 1525; baseline 0 -9"><span class='ocrx_word' id='word_1_373' title='bbox 1492 1488 1580 1525; x_wconf 82' lang='lat' dir='ltr'>They</span> <span class='ocrx_word' id='word_1_374' title='bbox 1603 1498 1657 1525; x_wconf 79' lang='lat' dir='ltr'>say</span> <span class='ocrx_word' id='word_1_375' title='bbox 1677 1489 1743 1517; x_wconf 84' lang='lat' dir='ltr'>that</span> 
     </span>
     <span class='ocr_line' id='line_1_52' title="bbox 1505 1525 1736 1559; baseline 0.009 -9"><span class='ocrx_word' id='word_1_376' title='bbox 1505 1525 1641 1552; x_wconf 82' lang='lat' dir='ltr'>unasked</span> <span class='ocrx_word' id='word_1_377' title='bbox 1663 1525 1736 1559; x_wconf 65' lang='lat' dir='ltr'>gifts</span> 
     </span>
     <span class='ocr_line' id='line_1_53' title="bbox 1538 1553 1700 1587; baseline 0.012 -2"><span class='ocrx_word' id='word_1_378' title='bbox 1538 1560 1641 1587; x_wconf 78' lang='lat' dir='ltr'>would</span> <span class='ocrx_word' id='word_1_379' title='bbox 1663 1553 1700 1587; x_wconf 88' lang='lat' dir='ltr'>be</span> 
     </span>
     <span class='ocr_line' id='line_1_54' title="bbox 1502 1594 1738 1622; baseline 0 0"><span class='ocrx_word' id='word_1_380' title='bbox 1502 1594 1688 1622; x_wconf 75' lang='lat' dir='ltr'>insufficient</span> <span class='ocrx_word' id='word_1_381' title='bbox 1707 1599 1738 1622; x_wconf 90' lang='lat' dir='ltr'>to</span> 
     </span>
     <span class='ocr_line' id='line_1_55' title="bbox 1497 1630 1743 1665; baseline 0 -8"><span class='ocrx_word' id='word_1_382' title='bbox 1497 1634 1629 1665; x_wconf 84' lang='lat' dir='ltr'>support</span> <span class='ocrx_word' id='word_1_383' title='bbox 1649 1630 1743 1657; x_wconf 85' lang='lat' dir='ltr'>them.</span> 
     </span>
    </p>
   </div>
   <div class='ocr_carea' id='block_1_7' title="bbox 1492 1839 1754 1902">
    <p class='ocr_par' dir='ltr' id='par_1_11' title="bbox 1492 1839 1754 1902">
     <span class='ocr_line' id='line_1_56' title="bbox 1492 1839 1754 1876; baseline -0.004 -10"><span class='ocrx_word' id='word_1_384' title='bbox 1492 1839 1579 1876; x_wconf 72' lang='lat' dir='ltr'>They</span> <span class='ocrx_word' id='word_1_385' title='bbox 1600 1844 1683 1866; x_wconf 84' lang='lat' dir='ltr'>want</span> <span class='ocrx_word' id='word_1_386' title='bbox 1703 1844 1754 1866; x_wconf 89' lang='lat' dir='ltr'>too</span> 
     </span>
     <span class='ocr_line' id='line_1_57' title="bbox 1570 1875 1672 1902; baseline -0.01 0"><span class='ocrx_word' id='word_1_387' title='bbox 1570 1875 1672 1902; x_wconf 87' lang='lat' dir='ltr'>much.</span> 
     </span>
    </p>
   </div>
   <div class='ocr_carea' id='block_1_8' title="bbox 1500 2422 1736 2554">
    <p class='ocr_par' dir='ltr' id='par_1_12' title="bbox 1510 2422 1722 2449">
     <span class='ocr_line' id='line_1_58' title="bbox 1510 2422 1722 2449; baseline 0 0"><span class='ocrx_word' id='word_1_388' title='bbox 1510 2422 1568 2449; x_wconf 77' lang='lat' dir='ltr'>We</span> <span class='ocrx_word' id='word_1_389' title='bbox 1589 2430 1639 2449; x_wconf 78' lang='lat' dir='ltr'>ure</span> <span class='ocrx_word' id='word_1_390' title='bbox 1661 2423 1722 2449; x_wconf 76' lang='lat' dir='ltr'>told</span> 
     </span>
    </p>

    <p class='ocr_par' dir='ltr' id='par_1_13' title="bbox 1511 2458 1724 2491">
     <span class='ocr_line' id='line_1_59' title="bbox 1511 2458 1724 2491; baseline 0.005 -9"><span class='ocrx_word' id='word_1_391' title='bbox 1511 2466 1557 2483; x_wconf 75' lang='lat' dir='ltr'>wc</span> <span class='ocrx_word' id='word_1_392' title='bbox 1578 2458 1672 2491; x_wconf 61' lang='lat' dir='ltr'>ought</span> <span class='ocrx_word' id='word_1_393' title='bbox 1694 2462 1724 2483; x_wconf 81' lang='lat' dir='ltr'>to</span> 
     </span>
    </p>

    <p class='ocr_par' dir='ltr' id='par_1_14' title="bbox 1500 2492 1736 2554">
     <span class='ocr_line' id='line_1_60' title="bbox 1500 2492 1736 2526; baseline 0 -8"><span class='ocrx_word' id='word_1_394' title='bbox 1500 2492 1569 2526; x_wconf 81' lang='lat' dir='ltr'>lielp</span> <span class='ocrx_word' id='word_1_395' title='bbox 1591 2501 1663 2518; x_wconf 61' lang='lat' dir='ltr'>even</span> <span class='ocrx_word' id='word_1_396' title='bbox 1687 2493 1736 2518; x_wconf 77' lang='lat' dir='ltr'>the</span> 
     </span>
     <span class='ocr_line' id='line_1_61' title="bbox 1557 2527 1682 2554; baseline 0 -2"><span class='ocrx_word' id='word_1_397' title='bbox 1557 2527 1682 2554; x_wconf 53' lang='lat' dir='ltr'>wiclx‘cd.</span> 
     </span>
    </p>
   </div>
  </div>
 </body>
</html>
