1944 3323
105 912 144 933 10

105 1194 140 1225 15

100 1495 139 1517 20

95 2363 132 2396 35

163 263 299 291 SERMO
320 253 458 311 xrvn]
648 267 825 299 TERTlA
853 268 979 299 PARS.

162 387 300 410 semen
322 374 389 423 qui
423 383 480 410 cst
504 373 698 420 Christus,
733 375 884 411 habens
918 384 1160 424 potestatem
1187 377 1480 424 interpretandi

162 442 289 469 totam
322 433 450 481 legem
474 441 663 478 veterem,
698 435 895 470 servando
931 434 1114 481 moralia,
1150 437 1348 471 mutando
1383 435 1483 471 iudi-

163 491 281 528 cialia
315 500 352 528 et
384 490 641 527 terminando
676 491 977 538 ceremonialia,
1012 501 1054 529 ut
1087 493 1255 530 Matthei
1291 495 1394 539 V110,
1431 504 1451 529 2

162 549 305 597 legitur
338 551 446 598 quod
485 556 571 586 erat
609 549 749 586 docens
781 562 844 586 eos
881 551 978 587 sicut
1005 559 1235 600 potestatem
1275 552 1416 588 habens
1449 560 1483 588 et

161 620 233 643 non
266 608 363 644 sicut
394 607 518 644 scribe
550 620 682 643 eorum
716 616 750 644 et
777 609 964 657 pharisei.
1000 611 1047 645 Et
1071 610 1211 646 eadem
1243 610 1483 648 auctoritate

161 665 341 714 sequitur
364 664 532 702 Matthei
555 667 658 712 X110,
685 666 728 703 8:
753 667 944 704 Dominus
966 668 1145 718 estfilius
1166 669 1330 704 hominis
1362 669 1481 705 eciam

160 724 318 760 sabbati.
354 726 443 760 Non
467 736 561 772 ergo
584 724 785 773 sequitur:
820 725 860 762 Si
883 725 976 763 licet
999 726 1160 763 Christo
1183 728 1233 763 ad
1256 728 1481 775 profectum

160 782 326 819 ecclesie
371 795 440 819 sue
485 782 524 818 in
556 783 710 831 legibus
755 783 1067 832 particularibus
1110 785 1280 831 variare,
1327 795 1363 822 et
1411 798 1482 834 per

160 841 265 877 idem
307 840 399 877 licet
432 840 681 878 Antichristo
720 841 760 878 in
799 842 879 879 suis
912 843 1204 880 tradicionibus
1245 852 1282 880 et
1315 843 1480 892 privatis

161 899 421 947 religionibus
460 909 820 949 quantumcunque
861 901 935 937 sibi
976 901 1139 939 libuerit
1171 901 1339 939 variare.
1375 904 1481 939 Deus

159 967 293 995 autem
319 958 429 994 dedit
452 958 578 995 multa
611 958 651 995 in
686 972 807 996 manu
841 959 1075 997 mediatoris
1099 960 1169 997 Dei
1205 970 1241 997 et
1270 960 1481 998 hominum

159 1029 235 1065 que
268 1029 350 1052 non
382 1026 475 1053 sunt
499 1017 856 1055 communicabilia
888 1018 1005 1055 alteri
1035 1027 1230 1056 creature.
1266 1020 1359 1056 Ideo
1384 1019 1481 1057 dicit

160 1076 304 1112 Paulus
343 1076 454 1124 quod
492 1076 559 1112 lex
596 1085 708 1112 vetus
748 1077 928 1113 ordinata
962 1090 1038 1127 per
1075 1078 1237 1129 angelos
1264 1078 1392 1127 posita
1425 1086 1481 1114 est

157 1134 192 1169 in
227 1146 341 1169 manu
375 1133 612 1170 mediatoris.

216 1193 289 1228 Per
328 1192 404 1228 hoc
443 1200 575 1228 autem
617 1193 725 1240 quod
766 1201 824 1229 est
857 1193 948 1229 talis
989 1194 1188 1230 mediator
1221 1194 1340 1230 infert
1372 1196 1479 1243 Apo-

157 1251 283 1286 stolus
321 1251 430 1299 quod
469 1250 519 1286 sit
553 1253 672 1296 Deus,
713 1263 759 1287 eo
799 1253 908 1300 quod
946 1251 1071 1289 nichil
1110 1265 1209 1300 pure
1248 1254 1372 1289 homo
1418 1254 1478 1290 vel

157 1317 343 1345 creatura
366 1309 494 1357 possit
516 1309 572 1346 sic
596 1309 900 1347 reconciliando
923 1310 1027 1347 inter
1052 1313 1179 1347 Deum
1211 1320 1248 1348 et
1272 1311 1477 1348 hominem

158 1366 347 1404 mediare.
403 1369 495 1404 Ideo
540 1367 636 1404 dicit
669 1369 908 1416 Apostolus:
946 1369 1146 1405 Alediator
1188 1378 1314 1406 autem
1368 1371 1478 1406 unius

157 1438 229 1461 non
279 1433 353 1471 est;
392 1426 500 1462 Deus
549 1434 675 1462 autem
728 1439 824 1463 unus
871 1435 939 1475 est,
990 1428 1104 1476 quasi
1159 1428 1328 1465 diceret:
1375 1430 1475 1466 Cum

157 1483 339 1520 Christus
378 1484 428 1520 sit
469 1484 650 1521 medians
689 1497 732 1521 ex
773 1485 850 1522 fide
883 1485 988 1522 inter
1021 1488 1148 1522 Deum
1184 1496 1221 1523 et
1255 1487 1475 1533 hominem,

156 1555 202 1578 co
227 1544 334 1591 quod
366 1542 565 1580 mediator
597 1543 653 1589 (in
686 1552 882 1592 quantum
917 1544 1165 1593 huiusmodi)
1199 1545 1367 1594 requirit
1397 1547 1476 1583 duo

155 1610 346 1647 extrema,
387 1610 549 1650 oportet
589 1603 697 1651 quod
731 1602 943 1639 conveniat
983 1615 1073 1639 cum
1116 1613 1301 1652 utroque,
1342 1614 1379 1640 et
1421 1604 1477 1642 sic

155 1669 316 1708 oportet
349 1660 481 1708 ipsum
516 1673 600 1697 esse
633 1669 715 1697 tam
740 1663 867 1698 Deum
904 1675 1025 1710 quam
1059 1662 1278 1707 hominem,
1314 1672 1350 1699 et
1383 1676 1474 1700 cum

153 1727 311 1754 tantum
358 1732 459 1755 unus
505 1719 554 1755 sit
588 1721 707 1765 Deus,
754 1728 864 1768 patet
910 1722 1019 1769 quod
1067 1730 1229 1769 oportet
1269 1721 1475 1758 Christum

154 1777 317 1813 racione
340 1790 409 1814 sue
433 1777 652 1815 divinitatis
677 1790 762 1815 esse
791 1778 1113 1828 omnipotentem
1144 1793 1266 1828 supra
1296 1780 1475 1829 singulas

153 1845 373 1882 creaturas,
427 1845 464 1873 et
509 1849 580 1885 per
630 1848 881 1886 consequens
934 1847 993 1874 est
1045 1838 1246 1875 mediator
1295 1839 1474 1887 optimus

152 1894 354 1942 possibilis
400 1896 450 1932 ad
496 1894 843 1932 reconciliandum
882 1908 1006 1944 genus
1046 1898 1268 1934 humanum
1310 1900 1394 1934 Deo
1433 1898 1473 1935 in

153 1964 271 2001 quem
306 1953 487 2002 deliquit.

212 2012 312 2048 Cum
354 2024 448 2060 ergo
482 2025 525 2049 ex
558 2012 643 2048 istis
676 2012 856 2061 sequitur
890 2015 997 2062 quod
1032 2013 1215 2050 ChriStus
1248 2014 1297 2050 sit
1331 2024 1473 2052 auctor

153 2069 362 2119 utriusque
395 2071 504 2119 legis,
540 2079 650 2119 patet
674 2072 781 2119 quod
815 2071 1103 2109 interveniente
1137 2085 1257 2109 causa
1291 2073 1472 2110 raciona-

153 2127 221 2164 bili
255 2137 388 2177 potest
421 2142 511 2166 cum
552 2130 637 2178 lege
675 2129 798 2166 veteri
839 2129 1072 2179 dispensare
1112 2139 1149 2168 et
1188 2131 1294 2168 facta
1332 2145 1472 2169 recon-

152 2186 362 2224 ciliacione
384 2188 511 2235 legem
535 2187 668 2236 gracie
701 2189 973 2237 promulgare.
1009 2191 1122 2226 Patet
1155 2191 1346 2236 secundo,
1380 2204 1471 2227 cum

151 2245 334 2282 Christus
368 2245 626 2295 omnipotens
655 2245 705 2282 sit
728 2248 833 2283 Deus
867 2256 904 2283 et
938 2249 1074 2294 homo,
1099 2257 1241 2285 auctor
1263 2249 1472 2298 utriusque

150 2303 247 2351 legis
287 2313 324 2340 et
363 2304 545 2341 omniurn
586 2305 900 2353 promissionum
936 2306 1022 2352 Dei,
1059 2308 1165 2355 quod
1205 2307 1264 2343 lex
1303 2316 1340 2344 et
1379 2321 1472 2356 pro-

152 2361 273 2399 missa
297 2362 446 2399 Christi
479 2376 559 2400 non
593 2372 761 2412 possunt
793 2364 1048 2411 contrariari,
1083 2378 1130 2401 eo
1154 2367 1263 2413 quod
1287 2366 1470 2403 Christus

149 2429 246 2457 tunc
292 2421 393 2458 foret
439 2422 666 2458 contrarius
711 2422 785 2458 sibi
826 2422 914 2471 ipsi.
962 2424 1054 2459 Ideo
1094 2422 1190 2459 dicit
1229 2425 1468 2472 Apostolus:

150 2479 238 2515 Lex
269 2492 366 2530 ergo
399 2481 589 2517 adversus
615 2481 811 2530 promissa
845 2482 950 2517 Dei?
988 2482 1117 2527 Absit;
1149 2482 1263 2531 quasi
1297 2482 1467 2520 diceret:

218 2638 241 2666 5.
264 2638 359 2665 Cod.:
388 2643 414 2665 et
436 2647 541 2666 earum
563 2640 754 2667 auctoritate.
848 2649 873 2675 7.
895 2641 990 2668 Cod.:
1021 2642 1153 2668 sabboti.
1254 2645 1291 2669 ιδ.
1315 2642 1346 2668 In
1370 2650 1467 2677 marg.

148 2672 380 2708 >up.f01.2s‘3b
404 2673 484 2701 Deus·
513 2678 614 2701 autem
643 2682 722 2702 unus
751 2679 804 2702 est.
834 2676 870 2702 ad
894 2676 961 2702 Gal.
983 2676 1049 2703 1110.
1080 2676 1164 2703 Deus
1195 2685 1275 2703 unus
1305 2681 1349 2704 est
1379 2677 1467 2704 cuius

149 2709 294 2736 maiestas
321 2713 365 2735 est
386 2709 545 2736 adoranda
566 2718 582 2736 a
604 2710 743 2743 singulis.
779 2709 926 2738 Dominus
953 2719 1029 2738 unm·
1055 2715 1101 2738 esc
1127 2711 1214 2738 cuius
1243 2716 1379 2746 potestas
1407 2720 1468 2739 me-

147 2744 261 2770 tuenda
282 2748 327 2770 est
347 2752 363 2770 a
384 2744 520 2773 famulis,
550 2752 629 2771 unus
657 2750 741 2779 pater
768 2745 854 2772 cuius
884 2746 1050 2780 paternitas
1079 2747 1244 2773 reverenda
1273 2751 1317 2773 cst
1343 2756 1358 2773 a
1387 2747 1466 2774 tiliis.

148 2786 228 2805 unus
250 2778 396 2813 magister
417 2778 506 2805 cuius
528 2779 639 2806 veritas
661 2780 813 2807 audienda
835 2786 879 2807 cst
901 2790 916 2807 a
937 2781 1108 2816 discipulis.
1186 2781 1226 2808 1³5.
1249 2781 1344 2808 Cod.:
1368 2786 1467 2816 potest

149 2818 290 2848 possunt.

223 2908 271 2939 18.
300 2907 375 2940 Gal.
404 2908 457 2948 111,
487 2918 541 2940 20.
641 2910 691 2951 37.
720 2908 763 2941 ib.
794 2920 846 2942 21.

1691 264 1769 309 405

1524 1190 1631 1218 Christ
1651 1192 1740 1219 could

1512 1231 1564 1253 not
1585 1226 1661 1254 have
1683 1227 1756 1254 been

1521 1261 1571 1288 the
1592 1261 1743 1289 Mediator

1537 1296 1588 1323 but
1608 1297 1656 1324 for
1676 1296 1733 1324 His

1505 1330 1618 1359 double
1638 1336 1754 1360 nature.

1511 2019 1578 2048 The
1601 2022 1738 2057 promise

1522 2057 1581 2084 and
1604 2057 1653 2084 the
1674 2057 1732 2084 law

1510 2098 1623 2119 cannot
1643 2093 1738 2125 clash,

1497 2127 1580 2154 since
1602 2128 1709 2155 Christ
1729 2129 1756 2156 is

1512 2162 1562 2190 the
1582 2163 1694 2225 ῑιιιίέιυΓ
1713 2164 1748 2191 of

1581 2198 1664 2225 boti.
