1944 3323
156 243 232 288 484

179 481 245 508 The
265 482 395 516 Apostle

157 516 277 543 desired
298 521 329 543 to
348 517 417 551 gain

179 560 267 613 ggacde
288 551 388 613 wllilclti

223 595 240 613 ο
284 594 367 621 mlgi

182 621 344 648 distribute
364 627 394 649 to

178 656 234 683 His
255 656 394 692 spiritual

213 691 361 719 children.

183 1296 228 1323 Hc
249 1295 321 1322 does
344 1299 396 1321 not

178 1339 230 1358 sav
251 1330 314 1357 that
334 1330 403 1369 they

172 1362 232 1392 will
254 1365 343 1392 share
364 1365 411 1391 lus

164 1400 263 1432 merit,
285 1400 337 1426 but
356 1399 421 1426 that

215 1434 284 1461 God
309 1434 366 1460 will

183 1469 334 1504 complete
354 1469 403 1495 the

165 1505 251 1531 work
272 1504 301 1530 in
322 1503 417 1530 them.

736 254 958 286 JOHANNIs
979 255 1160 287 WYCLIF
1179 256 1434 289 SERMONUM
1495 243 1645 301 [SERMO
1666 254 1745 282 LVI.

439 360 555 406 vobis,
595 373 636 396 eo
676 361 777 409 quod
814 361 972 397 habeam
1014 373 1079 397 vos
1111 362 1146 397 in
1179 363 1296 398 corde
1328 371 1362 398 et
1394 363 1430 398 in
1463 363 1622 400 vinculis
1654 364 1746 399 meis

438 425 473 454 et
525 418 560 453 in
613 419 832 467 defensione
882 426 917 455 et
960 419 995 454 in
1047 420 1342 469 confirmacione
1393 422 1585 471 evangelii
1625 422 1746 458 socios

437 476 576 526 gaudii
612 476 687 512 mei
722 488 851 512 omnes
890 489 957 513 vos
988 489 1079 513 esse.
1121 479 1237 522 Quod
1271 487 1403 515 autem
1438 479 1513 515 ista
1545 479 1746 515 sentencia

439 546 558 582 quam
592 533 741 570 Paulus
775 533 869 570 dicit
902 534 984 570 suis
1018 534 1107 570 filiis
1147 535 1196 571 sit
1229 536 1363 573 debita
1396 545 1515 585 atque
1548 537 1663 583 iusta,
1704 550 1747 573 ex

440 593 514 627 hoc
548 591 675 628 evidet
700 593 807 640 quod
840 601 953 640 pater
987 592 1049 628 cui
1082 593 1301 629 revelatum
1336 603 1392 630 est
1425 595 1555 643 ipsum
1591 607 1675 631 esse
1708 595 1747 630 in

440 649 607 685 caritate
640 649 1001 698 predestinacionis
1041 651 1158 687 debet
1192 652 1492 689 communicare
1526 662 1562 689 et
1595 652 1747 701 specia-

438 707 528 743 liter
552 720 641 743 cum
666 707 746 743 suis
772 707 861 744 filiis
885 708 1123 744 beneficium
1154 709 1382 746 devocionis
1411 720 1447 747 et
1478 711 1748 759 cuiuscunque

439 774 551 801 actus
585 765 780 802 meritorii
804 778 921 814 quem
954 766 1084 803 datori
1117 766 1249 814 primo
1283 768 1479 815 placuerit
1511 769 1606 816 ipsis
1640 770 1746 804 dare.

440 826 540 859 Nam
564 824 614 859 ad
639 823 758 859 istum
784 824 903 860 finem
923 825 1039 860 debet
1058 824 1288 861 caritativus
1308 825 1526 862 instancius
1547 826 1747 875 provideri

439 890 482 917 ut
514 883 619 917 Deus
658 882 831 918 fructum
873 882 1004 918 meriti
1044 884 1264 918 secundum
1306 886 1414 931 quod
1446 884 1520 920 sibi
1553 884 1749 933 placuerit

441 939 530 975 filiis
575 938 654 975 suis
694 939 918 978 distribuat.
963 940 1011 975 Et
1055 939 1129 976 ista
1175 941 1378 978 sentencia
1426 942 1527 978 foret
1571 943 1749 978 notanda

439 997 628 1033 fratribus
661 997 729 1045 qui
768 998 1005 1034 blasfemant
1044 999 1152 1046 quod
1192 1001 1450 1036 concedendo
1491 1000 1749 1048 participium

440 1055 500 1091 sui
552 1055 683 1091 meriti
733 1057 952 1092 secundum
1004 1057 1111 1104 quod
1163 1056 1236 1093 sibi
1290 1057 1484 1105 placuerit
1537 1058 1626 1094 filiis
1671 1058 1751 1094 suis

442 1112 684 1150 distribuant
724 1122 760 1150 et
798 1122 934 1150 tamen
972 1113 1155 1150 nesciunt
1194 1124 1326 1151 utrum
1368 1115 1444 1164 ipsi
1483 1116 1542 1152 vel
1581 1128 1751 1164 persone

443 1171 587 1219 quibus
621 1173 845 1208 concedunt
876 1172 953 1207 sint
985 1171 1115 1208 meriti
1145 1172 1235 1208 talis
1267 1173 1417 1209 habiles
1451 1175 1584 1222 quoad
1609 1176 1750 1209 Deum.

444 1230 521 1266 Sed
554 1229 823 1266 Antichristus
858 1230 1060 1266 extollitur
1091 1242 1208 1278 super
1230 1243 1338 1266 omne
1360 1233 1461 1280 quod
1484 1232 1624 1267 dicitnr
1647 1232 1753 1267 Deus

444 1289 664 1323 secundum
689 1289 943 1335 Apostolum.
977 1290 1025 1324 Et
1048 1297 1145 1324 nota
1168 1291 1274 1336 quod
1291 1290 1508 1336 Apostolus
1533 1291 1750 1325 secundum

444 1345 563 1381 istam
602 1346 774 1381 formam
815 1347 997 1382 moderat
1029 1347 1149 1382 verba
1187 1359 1270 1391 sua,
1307 1348 1414 1394 quod
1452 1360 1532 1384 non
1566 1347 1750 1383 concedit

443 1404 503 1439 vel
536 1403 681 1439 diffinit
713 1403 821 1451 ipsos
854 1404 938 1439 fore
977 1403 1194 1452 participes
1234 1404 1293 1440 sui
1327 1405 1472 1451 meriti,
1507 1407 1575 1441 sed
1607 1405 1753 1441 sentire

444 1474 517 1509 pro
556 1461 742 1497 omnibus
782 1461 859 1498 illis
899 1462 1103 1498 humiliter
1142 1464 1249 1509 quod
1289 1475 1358 1510 per
1396 1463 1572 1510 graciam
1607 1463 1753 1499 Christi

444 1533 544 1568 opus
577 1532 690 1555 suum
727 1519 929 1567 inceptum
962 1520 1135 1556 finaliter
1158 1520 1425 1556 consumabit.
1460 1522 1574 1558 Unde
1596 1520 1753 1556 videtur

445 1577 579 1613 multis
619 1578 727 1626 quod
766 1577 913 1613 sentire
952 1578 991 1613 in
1031 1577 1239 1626 proposito
1284 1578 1480 1626 accipitur
1519 1592 1591 1626 pro
1637 1591 1752 1627 repu-

445 1645 529 1672 tare
562 1634 641 1672 sive
674 1648 912 1683 supponere,
947 1636 1040 1672 licet
1074 1635 1141 1672 alii
1181 1635 1316 1672 dicant
1349 1636 1612 1684 probabiliter
1645 1638 1752 1685 quod

446 1706 650 1730 sermones
684 1706 777 1730 suos
811 1693 1066 1741 singulariter
1099 1693 1233 1741 dirigit
1266 1696 1315 1730 ad
1349 1695 1437 1730 illos
1471 1708 1643 1744 quorum
1678 1694 1752 1731 sibi

448 1751 577 1788 finalis
610 1751 914 1799 perseverancia
947 1753 1156 1788 revelatur.

504 1812 585 1845 Nec
608 1810 824 1858 Apostolus
849 1809 992 1846 diffinit
1026 1809 1285 1858 participium
1319 1823 1482 1846 suorum
1517 1810 1752 1846 meritorum

446 1870 503 1912 (ut
526 1868 667 1903 fratres
692 1867 858 1907 faciunt)
881 1869 948 1904 sed
982 1867 1181 1915 promittit
1215 1868 1336 1915 gratis
1370 1869 1477 1916 quod
1511 1880 1576 1904 eos
1610 1869 1754 1904 habeat

447 1925 487 1961 in
528 1927 660 1965 corde,
710 1925 912 1973 diligendo
956 1925 1063 1973 ipsos
1103 1926 1309 1962 caritative
1349 1935 1385 1961 et
1417 1925 1665 1973 proficiendo
1700 1926 1753 1961 eis

448 1992 642 2031 quantum
666 1985 750 2019 Deo
783 1983 990 2031 placuerit.
1024 1986 1072 2019 Et
1105 1985 1244 2019 eodem
1281 1985 1400 2019 modo
1434 1983 1473 2019 in
1505 1984 1584 2020 vita
1607 1983 1753 2031 triplici

448 2050 737 2089 consequente:
773 2054 861 2078 cum
889 2041 993 2077 enim
1019 2041 1131 2077 scivit
1154 2043 1261 2089 quod
1285 2041 1508 2089 promeruit
1530 2041 1754 2078 vinculatus

448 2108 485 2135 et
518 2098 557 2134 in
592 2099 820 2135 defensione
854 2099 948 2146 legis
982 2099 1053 2135 Dei
1088 2099 1364 2147 multipliciter
1397 2099 1610 2135 tribulatus
1646 2108 1681 2135 et
1714 2099 1754 2134 in

449 2157 792 2204 evangelizacione
825 2157 905 2193 suis
939 2157 1028 2193 filiis
1063 2157 1314 2201 confirmata,
1349 2166 1462 2205 optat
1486 2158 1593 2205 quod
1625 2157 1681 2193 illi
1715 2157 1754 2192 in

449 2215 633 2250 omnibus
666 2214 908 2262 participent
941 2227 1012 2251 suo
1047 2215 1203 2260 merito,
1242 2228 1323 2251 non
1362 2225 1403 2250 ut
1443 2215 1753 2251 retribucionem

449 2272 620 2320 accipiat
654 2272 797 2320 premii
829 2273 1077 2320 temporalis,
1113 2274 1181 2309 sed
1214 2273 1306 2321 quia
1339 2281 1497 2321 reputat
1530 2272 1636 2320 ipsos
1671 2285 1755 2308 esse

449 2330 580 2367 socios
600 2339 637 2367 et
655 2343 793 2367 omnes
812 2330 930 2366 simul
949 2343 1032 2367 esse
1050 2331 1203 2366 futuros
1222 2330 1437 2378 participes
1455 2330 1588 2378 gaudii
1612 2330 1755 2378 sempi-

449 2387 563 2424 terni.
599 2389 724 2425 Debet
758 2388 861 2425 enim
894 2388 1020 2424 fidelis
1044 2388 1083 2424 in
1106 2388 1369 2424 tribulacione
1392 2401 1462 2424 sua
1485 2401 1529 2424 ac
1553 2388 1753 2424 sociorum

450 2445 490 2482 in
523 2446 697 2483 Domino
737 2448 883 2482 habere
916 2459 1104 2493 magnum
1137 2446 1325 2493 gaudium
1361 2448 1408 2482 de
1441 2455 1590 2494 quanto
1623 2455 1756 2494 sperat

450 2503 557 2551 ipsos
577 2503 820 2552 participare
838 2516 908 2551 per
926 2505 1005 2540 tale
1025 2503 1212 2540 meritum
1232 2503 1431 2551 premium
1452 2503 1754 2551 sempiternum.

509 2562 557 2597 Et
594 2574 643 2598 ne
682 2563 869 2598 credatur
901 2562 1139 2609 Apostolum
1178 2562 1217 2597 in
1251 2562 1325 2597 hiis
1357 2561 1486 2597 verbis
1520 2561 1665 2609 fingere
1697 2562 1757 2597 vel

1770 901 1807 922 10

1773 1180 1808 1211 15

1771 1758 1809 1789 25

1774 2047 1812 2078 30

1773 2335 1810 2367 35

452 2620 606 2655 adulari
639 2619 744 2656 iurat
768 2633 839 2668 pro
872 2619 1099 2655 sinceritate
1121 2632 1189 2655 sue
1212 2619 1430 2655 sentencie:
1461 2619 1592 2665 Testis,
1615 2618 1755 2667 inquit,
1770 2633 1814 2664 40

451 2684 506 2713 est
544 2678 638 2712 mihi
667 2679 774 2713 Deus
805 2678 994 2726 quomodo
1032 2677 1181 2726 cupiam
1222 2690 1287 2713 vos
1320 2689 1449 2713 omnes
1480 2677 1515 2712 in
1547 2676 1757 2715 visceribus

523 2805 560 2825 12.
582 2797 676 2825 Cod.:
705 2798 786 2833 quod
809 2798 902 2825 deest.
977 2807 1017 2832 14.
1040 2798 1134 2826 Cod.:
1164 2798 1338 2826 distribuat.

527 2869 576 2902 16.
604 2871 626 2902 1.
645 2870 770 2901 Thess.
799 2870 838 2909 ΙΙ,
864 2881 896 2911 4.
991 2881 1046 2911 40.
1074 2870 1166 2902 Phil.
1193 2871 1216 2910 Ι,
1244 2870 1276 2902 8.
