1944 3323
200 283 336 313 SERMO
358 271 484 330 xxm]
686 284 861 316 TERTIA
891 284 1017 315 PARS.
1738 275 1806 309 ¹81

202 402 338 431 eterna
388 393 536 429 faceret
580 393 851 441 quodcunque
905 399 1118 439 peccatum
1163 398 1523 438 quantumcunque

201 453 286 489 leve
309 463 382 500 pro
407 464 486 499 quo
517 452 640 487 homo
665 449 953 498 dampnabitur
978 448 1143 496 dignum
1170 457 1312 484 morte.
1349 447 1389 483 Si
1418 447 1522 483 enim

201 511 472 560 quodcunque
505 518 717 558 peccatum
750 507 896 544 viantis
936 520 1009 555 pro
1041 517 1226 555 tempore
1259 505 1356 554 legis
1390 505 1523 554 gracie

201 568 364 605 inducat
414 568 455 604 in
508 576 680 604 mortem
732 567 966 611 secundam,
1018 565 1094 602 nisi
1146 566 1268 601 homo
1321 564 1524 601 fructuose

169 626 393 676 §peniteat,
428 634 465 662 et
498 634 873 675 quantumcumque
905 636 1024 672 grave
1063 632 1275 672 peccatum
1315 622 1433 659 fuerit
1467 631 1525 658 est

202 685 364 733 dignum
410 684 537 731 venia,
584 684 615 720 si
666 685 789 720 homo
842 682 1016 719 finaliter
1070 682 1275 718 fructuose
1331 680 1522 729 peniteat,

201 742 383 792 sequitur
416 742 618 791 opinionis
652 741 769 778 huius
803 740 1106 778 insufficiencia.

260 800 467 847 Similiter,
513 801 589 837 ista
632 800 695 837 via
739 809 782 836 ut
826 799 938 848 prior
982 799 1142 847 ignorat
1189 799 1237 835 de
1283 809 1524 846 quocunque
1574 801 1780 829 Neithcrtest

202 868 371 909 peccato
410 859 441 896 si
480 859 530 895 sit
568 859 741 896 mortale
773 859 832 895 vel
866 857 1034 903 veniale,
1075 870 1121 894 eo
1155 858 1264 905 quod
1299 856 1458 904 ignorat
1492 855 1523 892 si
1558 838 1800 899 ῖῖῗ]3ξζ1-ῗ]ἶῑῖζῖ,ῑῖζ

148 930 187 952 ιο
203 927 392 967 peccator
433 917 482 954 sit
522 930 595 966 pro
636 917 705 954 illo
745 929 816 965 per
854 929 895 953 se
928 915 1071 964 dignus
1112 914 1347 963 dampnari3
1386 926 1524 962 ymmo
1575 907 1781 969 gssggsstgffif

203 976 360 1013 videtur
383 977 492 1025 quod
525 976 679 1012 nullum
714 983 926 1024 peccatum
961 975 1070 1022 quod
1103 974 1226 1010 homo
1260 972 1334 1009 scit
1368 972 1525 1020 signare
1622 977 1733 1004 venial.

202 1035 252 1072 sit
295 1034 539 1080 huiusmodi,
580 1034 674 1083 quia
714 1035 809 1070 dato
848 1045 928 1069 uno
968 1041 1136 1081 peccato
1181 1044 1255 1080 pro
1288 1044 1368 1079 quo
1401 1032 1525 1067 homo

203 1094 253 1130 sit
287 1092 430 1141 dignus
465 1091 679 1141 dampnari
712 1091 870 1128 infinita
903 1090 982 1127 alia
1015 1097 1330 1138 consequuntur.

259 1151 404 1188 Tereia
431 1150 494 1188 via
520 1150 616 1187 dicit
639 1151 748 1199 quod
781 1150 913 1186 solum
946 1158 1157 1197 peccatum
1193 1147 1323 1185 finalis
1356 1146 1526 1196 impeni-
1571 1150 1789 1191 3.Son19s213r

149 1210 331 1247 15tencie
371 1218 430 1246 est
464 1209 635 1246 mortale
675 1217 712 1245 et
746 1208 954 1257 quodlibet
993 1207 1102 1244 aliud
1134 1207 1302 1252 veniale,
1338 1219 1384 1242 eo
1417 1206 1526 1254 quod
1555 1188 1761 1257 ἰωὲὲῗῇῑὲῐῗῗ]
1782 1223 1808 1249 is

203 1269 302 1305 illud
334 1267 562 1305 necessario
594 1267 749 1303 inducit
773 1276 946 1303 mortem
972 1267 1137 1314 duplam
1169 1275 1206 1302 et
1229 1265 1383 1301 nullum
1418 1257 1591 1301 aliudthe
1612 1257 1818 1320 0⁰2>i¹n¹¹³0st³¹

203 1327 287 1364 sine
319 1326 402 1372 illo,
438 1335 481 1362 ut
514 1335 625 1375 patet
659 1327 707 1361 de
740 1334 908 1373 peccato
942 1324 982 1360 in
1015 1323 1211 1373 Spiritum
1247 1325 1455 1360 Sanctum.
1655 1315 1664 1319 ⁵
1707 1314 1712 1319 ⁸

262 1386 339 1422 Sed
373 1393 514 1421 contra
547 1384 665 1421 istam
699 1383 804 1420 viam
836 1383 1007 1429 videtur,
1050 1382 1183 1431 primo
1217 1383 1326 1431 quod
1359 1380 1527 1430 quilibet
1584 1386 1782 1420 Objections:

202 1443 333 1480 viator
366 1443 415 1480 sit
449 1442 661 1491 ambiguus
694 1451 830 1478 utrum
865 1441 985 1478 fuerit
1018 1441 1058 1477 in
1091 1440 1254 1478 mortali
1287 1440 1349 1476 vel
1381 1439 1526 1476 veniali
1550 1421 1810 1484 ’ζῇᾇῖἳζῗηιᾞῐῖζῗ

148 1512 188 1533 20
204 1511 241 1538 et
263 1502 320 1538 sic
352 1502 618 1550 superflueret
640 1500 771 1538 omnis
805 1500 1015 1537 absolucio
1047 1500 1108 1536 vel
1141 1507 1320 1548 potestas
1354 1497 1526 1535 clavium
1634 1492 1669 1518 ¹¹⁶
1690 1492 1726 1519 is.

204 1561 466 1609 prelatorum.
1463 1595 1467 1599 ⁴

271 1617 477 1664 Similiter,
512 1617 620 1653 iuxta
653 1618 728 1653 hoc
758 1617 891 1653 nullus
915 1615 1212 1665 predestinatus
1235 1627 1413 1663 unquam
1440 1626 1530 1662 pec·
1626 1627 1650 1646 2.
1673 1619 1740 1647 The

205 1676 308 1714 cavit
342 1676 579 1721 mortaliter,
615 1677 724 1724 quod
756 1674 914 1712 videtur
947 1675 1090 1711 falsum
1127 1675 1176 1710 de
1208 1682 1376 1722 peccato
1410 1672 1530 1720 origi·
1581 1654 1791 1717 pcrffilssffiussffic

204 1735 285 1772 nali
310 1743 347 1771 et
370 1734 519 1771 actuali
544 1746 644 1782 eque
668 1733 855 1782 gravibus
878 1733 918 1769 in
941 1732 1224 1781 predestinatis
1247 1732 1308 1768 vel
1332 1730 1528 1780 prescitis.
1608 1725 1761 1761 mortauy.

148 1792 188 1824 25
265 1792 472 1839 Similiter,
521 1805 611 1828 cum
659 1792 827 1841 quilibet
870 1791 1002 1828 viator
1048 1792 1166 1827 debet
1213 1802 1376 1839 sperare
1422 1790 1529 1838 quod
1557 1793 1581 1822 3.
1604 1793 1682 1821 This
1703 1795 1805 1821 would

205 1865 286 1888 non
316 1850 366 1888 sit
396 1851 437 1887 in
459 1859 627 1899 peccato
654 1850 815 1887 mortali
840 1858 876 1886 et
900 1862 972 1898 per
995 1861 1258 1898 consequens,
1283 1861 1374 1885 cum
1397 1848 1529 1884 nullus
1586 1829 1783 1900 ᾗῗῇξξῗᾟᾶξὶω

204 1911 321 1947 debet
355 1910 519 1946 credere
552 1910 661 1958 quod
694 1908 744 1945 sit
766 1908 807 1944 in
830 1907 1006 1954 mortali,
1041 1908 1173 1944 nullus
1208 1908 1325 1944 debet
1359 1919 1403 1943 ex
1436 1919 1528 1942 con-

205 1967 379 2005 sciencia
408 1969 459 2005 ad
489 1967 784 2004 confessionem
815 1968 1018 2012 accedere,
1051 1975 1088 2002 et
1112 1966 1262 2014 periret
1284 1966 1343 2002 lex
1372 1964 1528 2013 papalis

205 2036 242 2064 et
280 2035 411 2063 totum
453 2026 585 2063 forum
627 2024 877 2062 consciencie
916 2024 997 2061 iam
1032 2023 1242 2061 currentis.
1288 2023 1404 2060 Multi
1438 2031 1529 2059 sunt

146 2084 189 2116 30
205 2086 303 2122 tales
344 2084 453 2121 modi
494 2084 654 2121 dicendi
694 2085 741 2120 de
780 2083 951 2120 istorum
985 2092 1248 2131 peccatorum
1282 2081 1527 2127 differencia,

204 2153 247 2180 ut
280 2143 379 2180 alias
419 2142 583 2179 recitavi
618 2143 665 2179 de
704 2142 782 2179 illis
821 2150 973 2190 septem
1016 2154 1105 2178 cum
1141 2140 1355 2177 evidenciis
1388 2148 1529 2176 contra

205 2202 308 2238 illos.
355 2202 434 2238 Sed
467 2213 541 2249 pro
581 2200 658 2237 isto
700 2200 920 2249 suppositis
954 2199 1071 2236 dictis
1112 2199 1208 2236 alibi
1241 2199 1434 2235 utendum
1471 2206 1529 2241 est

206 2259 539 2296 distinccionibus
577 2259 859 2305 terminorum,
905 2258 1134 2305 specialiter
1179 2270 1269 2294 cum
1314 2265 1527 2305 peccatum
1578 2262 1782 2301 (Most-alaim

207 2318 377 2354 mortale
417 2326 454 2354 et
493 2317 648 2354 veniale
688 2330 770 2354 non
810 2317 889 2353 sint
927 2316 1094 2353 nomina
1127 2315 1325 2364 scripture
1359 2324 1395 2352 et
1427 2328 1528 2351 nun·
1562 2297 1807 2367 vessssssipssffiaimt

148 2375 187 2409 35
206 2389 328 2425 quam
360 2376 421 2412 vel
454 2388 547 2412 raro
580 2376 742 2412 inventa
775 2375 815 2411 in
849 2374 1010 2423 scriptis
1049 2383 1284 2411 sanctorum
1319 2375 1367 2410 de
1402 2373 1527 2417 mille-
1556 2367 1807 2429 ωξξῆᾟὸἰρᾞξοά

205 2433 320 2471 nario
355 2433 516 2471 Christi.
553 2436 687 2470 Potest
721 2442 856 2471 autem
890 2442 1102 2482 peccatum
1137 2433 1215 2469 dici
1256 2432 1426 2468 mortale
1459 2424 1815 2470 tri-i111111·eesenses;

204 2492 382 2542 pliciter:
433 2491 566 2540 primo
618 2493 740 2529 modo
786 2493 1056 2541 quodcunque
1107 2500 1319 2540 peccatum
1365 2489 1527 2539 presciti

207 2564 296 2588 cum
323 2551 370 2587 de
394 2551 499 2587 facto
533 2550 723 2587 continue
752 2550 906 2586 inducit
930 2559 1100 2586 mortem
1126 2550 1311 2598 duplam3
1346 2547 1528 2597 quamvis

276 2717 302 2745 7.
318 2708 493 2744 opinionis;
508 2708 594 2735 cod:
610 2708 763 2735 oracione.
821 2717 861 2742 14.
877 2708 910 2735 In
928 2716 1040 2741 marga
1057 2707 1168 2735 Tercia
1183 2708 1300 2743 opinio.
1358 2715 1404 2734 20.
1422 2715 1527 2741 supcr—

206 2744 312 2771 flueret
332 2744 369 2770 al.
391 2751 472 2770 man.
495 2743 552 2770 scri
580 2747 599 2770 t.
621 2742 650 2770 in
671 2748 765 2770 textu.
855 2742 900 2777 23,
921 2751 968 2777 24.
991 2741 1086 2771 Cod.:
1109 2743 1269 2770 orioinale.
1361 2750 1407 2775 24.
1430 2741 1525 2769 Cod.:

206 2779 251 2805 vel
274 2778 408 2813 precitisi
494 2777 552 2816 31..
572 2777 650 2816 ‘boda
673 2782 702 2804 et
722 2778 807 2805 alias.
897 2776 941 2805 32.
964 2778 994 2805 In
1018 2786 1133 2813 marg:
1155 2763 1339 2812 §esponsia
1425 2775 1471 2804 36.
1494 2777 1525 2803 In

207 2821 320 2848 marg.:
343 2814 503 2840 Peccatum
525 2812 636 2839 dicitur
657 2813 785 2840 mortale
804 2812 974 2847 tripliciter.
1050 2812 1093 2848 37.
1117 2812 1211 2840 Cod.:
1234 2811 1347 2847 preacti
1369 2819 1450 2838 cum.

279 2919 333 2951 32.
361 2919 414 2952 Cf.
432 2919 654 2961 Trialogum,
681 2928 759 2962 pag.
784 2929 859 2959 144,
891 2918 965 2959 145.
