1944 3323
63 473 143 530 fol.

64 529 128 563 ³49

108 908 146 929 10

109 1187 143 1220 15

106 1490 147 1512 20

106 1771 145 1803 25

108 2352 146 2385 35

108 2654 152 2686 40

159 259 295 288 SERMO
318 248 412 306 [XL]
642 259 818 292 TERTIA
847 259 972 291 mas.

161 368 258 414 Quis
302 381 400 416 rogo
445 367 614 411 dubitat,
662 379 751 403 cum
794 367 898 402 Deus
944 365 1145 402 ordinavit
1190 365 1229 400 in
1274 363 1471 400 militante

160 426 328 464 ecclesia
360 434 517 463 tantum
552 425 686 463 finitas
725 423 999 473 possessiones
1040 433 1076 460 et
1115 422 1255 472 predia
1289 422 1398 470 quin,
1440 422 1471 458 si

160 486 290 521 clerus
326 485 491 521 haberet
524 485 572 520 de
595 483 671 520 illis
696 482 870 531 parcius,
903 483 1006 519 foret
1030 481 1277 518 secularibus
1306 476 1310 533 Ι
1341 480 1471 517 minus

161 556 354 580 onerosus
400 551 436 579 et
477 541 533 578 sic
572 542 801 590 relinquens
840 540 978 577 omnia
1017 540 1142 577 instar
1182 539 1331 576 Christi
1370 539 1472 575 foret

161 601 472 638 contencionum
507 600 672 637 ecclesie
704 598 931 636 sedativus?

219 659 259 696 Si
299 658 403 696 enim
438 659 655 707 Apostolus
695 658 955 695 commendat
994 658 1174 693 Hebreos
1213 668 1257 692 ex
1295 668 1366 692 sua
1405 667 1473 703 pa-

161 717 313 755 ciencia
331 730 377 754 ac
396 717 585 754 sedancia
603 717 741 754 licium
766 728 809 752 ex
833 717 908 753 hoc
932 716 1041 764 quod
1064 714 1249 762 rapinam
1275 715 1473 750 bonorum

161 789 326 813 suorum
368 788 458 812 cum
499 775 647 823 gaudio
685 782 960 822 susceperunt,
1003 781 1153 821 quanto
1201 772 1326 819 magis
1365 784 1475 808 corn-

162 835 371 872 mendaret
404 835 624 882 Apostolus
665 833 744 870 iam
783 832 916 869 vivens
949 831 989 868 in
1022 832 1129 868 clero
1163 830 1195 867 si
1229 829 1474 867 donaciones

161 906 207 930 ac
252 892 525 942 possessiones
573 892 797 940 superfluas
843 900 879 927 et
926 889 1094 926 iniustas
1138 888 1309 925 voluerit
1353 887 1475 936 gratis

162 951 388 988 dimittere?
412 952 511 987 Cum
538 963 632 999 ergo
655 951 731 986 hoc
754 950 856 986 foret
881 948 1036 993 melius,
1060 946 1271 996 supposita
1298 946 1476 983 bonitate

161 1009 326 1046 alterius
359 1009 540 1058 sequitur
573 1022 616 1046 ex
649 1007 765 1044 dictis
799 1009 907 1056 quod
940 1006 1151 1043 offendunt
1185 1004 1358 1053 graviter
1388 1004 1476 1041 Tri-

159 1067 342 1115 nitatem,
385 1067 453 1117 qui
494 1069 569 1104 hoc
609 1066 765 1104 facilius
807 1075 843 1102 et
877 1065 1019 1102 melius
1053 1063 1263 1100 dimittunt
1297 1073 1333 1100 et
1366 1063 1475 1100 aliud

160 1126 318 1174 gravius
352 1134 390 1162 et
423 1125 662 1162 turbativius
696 1133 1008 1173 prosequuntur.

220 1187 268 1221 Et
307 1184 424 1221 istam
465 1183 712 1221 sentenciam
753 1183 896 1220 fratres
936 1190 972 1218 et
1013 1180 1144 1218 cuncti
1185 1178 1476 1229 possessionati

162 1243 435 1279 defenderent.
482 1244 633 1279 Omnes
672 1241 778 1278 enim
818 1240 884 1277 isti
917 1248 1214 1289 paupertatem,
1249 1238 1474 1275 castitatem

1678 250 1758 297 489

1538 1195 1643 1223 Friars
1663 1195 1722 1222 and

1540 1231 1650 1258 monks
1671 1239 1721 1257 are

1551 1266 1653 1293 bound
1675 1270 1705 1292 to

162 1310 199 1337 et
247 1300 526 1338 obedienciam
581 1299 838 1349 singulariter
885 1298 1128 1347 profitentur
1177 1306 1213 1334 et
1261 1305 1478 1345 propterea
1496 1301 1609 1337 uphold
1628 1304 1767 1337 poverty²

163 1361 411 1396 contendunt
434 1372 474 1396 se
500 1372 583 1396 esse
601 1357 849 1396 secularibus
869 1356 1074 1401 meliores;
1099 1355 1229 1392 maior
1246 1363 1476 1403 paupertas,

163 1417 389 1466 generalior
439 1417 601 1454 castitas
649 1426 686 1454 et
733 1415 971 1453 obediencia
1018 1415 1124 1451 facta
1169 1413 1330 1451 Christo
1376 1413 1477 1449 foret

165 1476 308 1513 melior
342 1489 462 1525 quarn
503 1488 573 1512 sua
613 1474 827 1524 triplicitas
867 1473 1068 1510 simulata.
1116 1474 1209 1509 Ideo
1249 1471 1476 1520 predictum

161 1543 311 1571 statum
344 1534 620 1583 evangelicum
659 1543 702 1570 ut
741 1533 859 1581 longe
902 1532 1109 1580 pociorem
1143 1543 1264 1580 quam
1305 1530 1475 1566 alterum

162 1602 349 1629 tenentur
382 1593 608 1629 defendere.

220 1653 268 1687 Et
314 1652 455 1688 eadem
503 1660 561 1687 est
599 1649 709 1687 racio
749 1651 796 1686 de
837 1647 1160 1685 mendicantibus
1199 1646 1266 1695 qui
1312 1658 1355 1682 ex
1401 1646 1477 1682 hoc

162 1710 410 1746 contendunt
442 1710 551 1758 quod
589 1717 681 1744 sunt
722 1705 1033 1756 possessionatis
1074 1704 1230 1742 clericis
1270 1704 1476 1749 meliores;

162 1780 300 1816 ymmo
334 1768 465 1804 nullus
499 1766 707 1803 mendicus
740 1766 902 1813 negabit
925 1765 999 1801 nisi
1024 1765 1126 1800 forte
1148 1764 1269 1800 Judas
1293 1771 1478 1811 apostata

162 1827 270 1874 quod
303 1825 443 1874 religio
476 1838 547 1862 sua
580 1834 617 1862 et
649 1826 750 1861 ordo
783 1825 884 1861 foret
919 1824 1088 1859 multum
1122 1820 1405 1870 imperfeccior
1437 1820 1477 1856 in

163 1897 256 1921 casu
295 1896 375 1933 quo
413 1883 752 1932 exproprietatem
792 1884 992 1919 desereret
1030 1890 1067 1917 et
1108 1879 1316 1917 dotacioni
1360 1892 1478 1916 avare

163 1942 401 1979 intenderet.

1520 1650 1567 1677 On
1590 1650 1650 1677 this
1672 1657 1742 1684 very

1501 1686 1587 1721 point
1606 1685 1656 1712 the
1676 1684 1768 1711 friars

1563 1720 1652 1747 claim
1673 1724 1704 1746 to

1535 1763 1663 1790 surpass
1684 1754 1734 1780 the

1513 1790 1755 1826 possessioners.

220 2003 268 2036 Et
313 2000 577 2038 confirmatur
616 2013 659 2037 ex
699 1998 1002 2036 mendicacione
1042 1998 1225 2043 fratrum,
1265 1995 1359 2045 quia
1399 2000 1768 2038 no11T1191ai1315110111d

163 2067 298 2108 posset
335 2059 482 2096 salvari
522 2072 544 2096 a
582 2067 748 2107 peccato
790 2056 1040 2105 dampnabili
1079 2056 1155 2092 nisi
1189 2054 1425 2091 exoneracio
1459 2067 1481 2090 a

163 2117 454 2166 temporalibus
493 2118 595 2154 foret
635 2116 843 2153 meritoria
882 2125 1002 2164 atque
1042 2115 1160 2151 bona.
1206 2113 1333 2150 Aliter
1375 2112 1479 2149 enim

163 2175 385 2224 spoliarent
430 2184 467 2212 et
511 2175 808 2224 imperficerent
853 2175 1048 2222 populum
1094 2186 1116 2209 a
1155 2185 1235 2221 quo
1274 2180 1333 2207 tot
1376 2172 1481 2208 bona

165 2234 371 2282 accipiunt
412 2234 693 2271 mendicando.
733 2235 861 2270 Totus
903 2245 997 2280 ergo
1038 2232 1167 2269 clerus
1208 2230 1482 2279 cuiuscunque

163 2301 290 2329 status
322 2292 442 2329 fuerit
474 2291 720 2329 sentenciam
754 2291 871 2328 istam
907 2292 1026 2327 debet
1059 2290 1272 2327 defendere
1304 2289 1480 2327 racione.

223 2353 305 2387 Nec
354 2350 520 2386 dubium
566 2350 662 2399 quin
705 2359 834 2386 totum
882 2349 1064 2385 seculare
1109 2346 1319 2384 brachium
1366 2349 1482 2384 debet

164 2409 295 2458 ipsam
330 2409 555 2453 defendere,
590 2409 813 2445 secundum
847 2406 1076 2455 potenciam
1112 2405 1351 2450 coactivam,
1385 2419 1481 2454 pau-

165 2479 279 2516 peres
324 2476 456 2503 autem
496 2466 628 2514 plebei
668 2467 814 2502 debent
856 2465 984 2513 ipsam
1026 2465 1239 2502 defendere
1279 2477 1350 2512 per
1390 2465 1481 2500 sub—

165 2525 412 2562 traccionem
445 2533 585 2561 vocate
619 2523 837 2561 elemosine
870 2532 907 2559 et
940 2523 1180 2571 generaliter
1203 2531 1289 2559 tota
1314 2522 1481 2559 ecclesia

167 2583 424 2620 oracionibus
464 2595 509 2619 ac
553 2582 752 2630 suffragiis
797 2583 1080 2630 promerendo.
1131 2582 1331 2617 Debemus
1377 2581 1479 2617 enim

168 2654 285 2679 orare
318 2654 408 2678 curn
443 2641 640 2689 Apostolo
674 2653 747 2688 pro
779 2649 886 2676 statu
920 2639 1086 2676 ecclesie
1119 2639 1228 2684 cleri,
1269 2647 1308 2675 ut
1340 2640 1484 2675 caritas

167 2713 235 2736 sua
270 2699 398 2750 magis
429 2711 474 2735 ac
506 2699 634 2749 magis
667 2699 871 2735 habundet.
912 2700 992 2734 Nec
1026 2697 1192 2734 dubium
1227 2697 1323 2745 quin
1357 2697 1483 2745 magis

237 2869 265 2896 6.
287 2869 320 2896 In
342 2877 456 2903 marg:
485 2877 504 2896 1.
579 2876 607 2903 ς).
630 2867 725 2896 Cod.:
755 2873 817 2896 tam
838 2867 955 2895 vivens.
1031 2867 1064 2895 15.
1088 2868 1119 2895 In
1142 2875 1255 2902 marg:
1287 2874 1310 2893 2.
1386 2865 1428 2893 23.
1450 2866 1482 2892 Iu

168 2912 282 2939 marg:
311 2902 335 2931 3.
410 2911 456 2939 29.
478 2903 511 2931 In
533 2911 646 2938 marg:
673 2912 702 2937 4.

1496 2044 1530 2062 ΕΠ
1536 2037 1619 2062 iOl'CC
1632 2040 1769 2071 pOVCsly.
