1944 3323
191 822 291 850 There
312 830 361 849 are

157 861 336 888 differences
357 860 386 887 in

152 895 223 930 gifts
244 896 279 922 of
295 903 394 930 grace,

159 931 211 958 but
231 931 303 957 each
326 938 395 957 man

140 966 195 992 has
215 966 252 993 all
269 966 305 992 he
322 965 413 992 needs

167 1002 214 1028 sor
235 1001 284 1028 the
304 1001 388 1028 time.

169 2101 236 2128 The
257 2101 336 2140 hope
356 2102 390 2128 οῖ’

150 2137 199 2162 the
221 2136 279 2168 just
300 2144 326 2162 is
346 2137 409 2162 thau

204 2171 271 2197 God
295 2171 354 2197 will

161 2207 288 2233 confirm
311 2206 391 2232 them

152 2241 272 2275 against
293 2240 341 2266 the
356 2241 409 2275 ⁴siu

220 2277 254 2302 os
272 2275 340 2302 tina!

174 2311 387 2345 impenitence.

724 244 949 277 JOHANNIS
974 242 1156 277 WYCLIF
1177 242 1432 276 SERMONUM
1507 227 1658 286 [SERMO
1679 237 1740 265 LII-

483 353 583 388 Cum
619 363 712 399 ergo
745 350 876 387 omnis
910 349 1074 387 viatoris
1115 350 1315 399 possessio
1355 348 1478 386 nichil
1518 348 1621 385 valet
1664 347 1740 385 nisi

427 412 473 446 de
507 418 658 458 quanto
693 408 877 445 habilitat
910 410 959 445 ad
993 421 1185 445 coronam
1220 421 1294 457 pro
1334 408 1397 444 die
1435 406 1572 443 iudicii
1611 406 1739 455 possi-

427 469 613 513 dendam,
667 476 777 515 patet
828 467 973 503 veritas
1025 466 1170 514 prioris
1223 465 1438 502 sentencie.
1494 466 1587 501 ldeo
1641 464 1737 500 dicit

425 525 661 573 Apostolus:
709 525 765 560 Ita
799 532 837 560 ut
870 524 986 560 niclzil
1019 525 1123 560 vobis
1156 525 1251 561 desit
1285 525 1320 560 in
1362 524 1440 559 ulla
1478 522 1630 573 gracia,
1671 534 1739 558 ex-

422 583 662 632 pectantibus
702 582 979 618 revelacionem
1021 582 1166 618 domini
1202 582 1329 618 nostri
1358 582 1448 618 ιῙιεςιι
1487 580 1645 625 Christi,
1679 580 1773 628 qui5

427 649 462 677 et
500 641 741 691 confirmabit
786 653 851 676 νος
896 652 1012 688 usque
1055 640 1090 675 in
1123 640 1244 690 finem
1284 640 1362 676 sine
1401 639 1560 675 crimine
1598 639 1633 673 in
1680 638 1739 673 die

427 700 615 734 adventus
655 698 799 734 domini
836 698 960 734 nostri
989 695 1082 735 ,lesu
1121 698 1277 733 Christi.
1325 698 1426 734 Cum
1467 705 1602 733 autem
1643 695 1741 732 divi-

428 757 560 793 siones
605 756 831 803 graciarum
878 764 970 791 sunt
1010 764 1047 792 et
1088 756 1232 792 Paulus
1273 755 1369 791 dicit
1408 756 1516 803 quod
1558 752 1741 790 Corinthi

429 816 577 851 habent
610 813 900 862 plenitudinem
936 813 1180 850 sufficiencie
1211 812 1344 861 gracie
1377 821 1571 861 quantum
1596 811 1742 847 sufficit

428 872 585 918 viatori,
627 872 717 908 ideo
758 871 853 908 dicit
894 873 995 920 quod
1034 872 1150 908 nichil
1188 872 1240 907 eis
1273 872 1377 907 deest
1409 871 1444 906 in
1478 870 1556 906 ulla
1588 869 1740 920 gracia.
1762 881 1799 902 10

429 929 621 976 Quamvis
655 939 788 966 autem
822 931 968 977 gradus
1002 938 1039 966 et
1073 930 1199 966 multa
1232 930 1416 965 habenda
1457 928 1496 964 in
1535 936 1739 976 posterum

429 988 524 1036 ipsis
556 1000 637 1024 non
670 997 764 1024 tunc
798 987 1013 1033 infuerunt,
1048 996 1184 1024 tamen
1207 1000 1296 1023 curn
1322 986 1398 1023 illis
1423 984 1741 1022 circumstanciis

428 1059 510 1083 non
549 1055 644 1082 tunc
685 1054 797 1082 erant
837 1045 1064 1082 necessaria
1103 1057 1176 1082 nec
1217 1045 1271 1081 eis
1311 1045 1532 1081 defuerant.
1580 1044 1740 1080 Habens

430 1104 534 1141 enim
571 1104 833 1140 hereditatem
876 1112 1078 1140 terrenam
1121 1112 1157 1139 et
1197 1103 1356 1151 copiam
1397 1112 1500 1139 terre
1539 1102 1740 1138 fructuum

429 1171 549 1210 atque
588 1162 818 1198 reddituum
853 1165 1060 1210 (quantum
1096 1173 1201 1197 nunc
1235 1160 1433 1209 congruit)
1474 1173 1555 1196 non
1595 1159 1797 1196 dicitur15

430 1221 600 1257 deficere
640 1229 805 1268 propter
841 1221 916 1256 hoc
951 1221 1059 1268 quod
1092 1231 1198 1255 nunc
1230 1232 1311 1255 non
1345 1220 1456 1255 adest
1490 1217 1606 1266 copia
1638 1218 1741 1253 fruc-

429 1287 541 1314 tuum
576 1291 649 1326 pro
684 1277 763 1314 alio
796 1286 979 1326 tempore
1012 1277 1311 1325 subseqtientis3
1352 1276 1408 1312 sic
1450 1276 1575 1312 multo
1615 1275 1741 1323 magis

431 1346 487 1373 est
521 1338 568 1372 de
602 1335 864 1384 spiritualiter
898 1335 1032 1382 divite,
1066 1336 1135 1371 sed
1159 1335 1261 1371 sicut
1285 1335 1434 1371 mundo
1460 1334 1565 1370 dives
1588 1333 1741 1381 positus

430 1394 469 1430 in
502 1394 728 1442 adopcione
762 1393 923 1441 eligeret
956 1402 1224 1442 temperatam
1260 1392 1419 1441 copiam
1453 1391 1739 1440 temporalium

431 1461 718 1500 congruentem
754 1460 790 1488 et
822 1464 904 1487 non
937 1452 1097 1499 globum
1135 1460 1435 1487 monstruosum
1470 1462 1513 1486 ex
1536 1449 1620 1486 istis
1645 1448 1741 1485 divi-
1757 1461 1799 1482 20

431 1510 501 1547 ciis
526 1519 561 1546 et
585 1510 672 1547 aliis
696 1509 1004 1546 succedentibus
1028 1522 1101 1557 pro
1133 1508 1425 1557 temporalibus
1458 1507 1613 1553 futuris,
1648 1520 1740 1554 ergo

433 1569 558 1604 multo
599 1567 724 1615 magis
757 1576 815 1604 est
848 1569 895 1603 de
928 1567 1043 1603 donis
1076 1566 1249 1615 Spiritus
1282 1567 1417 1603 Sancti
1451 1566 1517 1614 qui
1551 1574 1742 1613 operatur

431 1625 567 1663 omnia
600 1626 639 1661 in
672 1625 860 1661 omnibus
900 1627 949 1661 ad
990 1638 1235 1662 mensuram.
1282 1627 1382 1661 Nam
1424 1624 1463 1660 in
1503 1623 1565 1660 die
1604 1623 1740 1659 iudicii

432 1685 635 1721 habebunt
679 1683 806 1720 sancti
852 1683 1143 1720 revelacionem
1189 1695 1269 1719 non
1314 1684 1443 1719 solum
1485 1683 1532 1718 de
1571 1683 1742 1717 adventu

432 1741 579 1779 Christi
608 1743 675 1778 sed
706 1743 754 1778 de
783 1754 854 1777 suo
885 1741 1033 1777 iudicio
1059 1740 1179 1787 finali,
1205 1741 1271 1790 qui
1297 1750 1410 1777 erunt
1434 1739 1588 1785 salvati,
1613 1748 1649 1775 et
1674 1751 1743 1787 per
1760 1740 1799 1772 25

432 1812 680 1848 consequens
726 1800 928 1836 habebunt
967 1799 1090 1835 sancti
1131 1799 1420 1836 revelacionem
1469 1799 1515 1833 de
1554 1797 1665 1846 penis
1706 1805 1743 1832 et

433 1858 595 1905 premiis
628 1870 704 1906 que
738 1871 777 1893 se
810 1866 1005 1905 quuntur;
1045 1866 1081 1893 et
1121 1857 1257 1894 omnia
1298 1858 1402 1892 hona
1437 1855 1651 1891 intrinseca
1683 1856 1741 1891 vel

433 1916 651 1952 extrinseca
685 1915 762 1951 iam
796 1915 913 1951 nobis
946 1915 1164 1951 attinencia
1203 1915 1325 1951 nichil
1365 1913 1479 1949 nobis
1513 1912 1741 1961 proficiunt,

432 1974 505 2009 nisi
540 1975 588 2010 de
621 1982 771 2021 quanto
804 1982 1018 2021 preparent
1051 1974 1099 2009 ad
1135 1974 1238 2009 hunc
1272 1972 1396 2013 diem:
1437 1971 1526 2007 ideo
1561 1971 1742 2007 firmatus

432 2031 471 2067 in
511 2032 584 2068 hac
625 2031 701 2067 fide
741 2040 852 2079 aptat
893 2044 933 2067 se
973 2040 1008 2067 et
1047 2044 1117 2067 sua
1158 2030 1346 2067 continue
1385 2031 1435 2066 ad
1469 2030 1573 2065 hunc
1608 2029 1800 2065 finem.3o

490 2090 588 2137 Spes
622 2098 754 2125 autem
791 2089 986 2125 iustorum
1022 2087 1061 2123 in
1084 2090 1158 2125 hoc
1183 2089 1417 2124 consolatur
1441 2088 1548 2135 quod
1574 2089 1742 2123 credunt

433 2149 559 2183 Deum
596 2147 837 2183 confirmare
860 2146 943 2183 sine
966 2146 1134 2182 crimine
1160 2146 1288 2182 finalis
1312 2144 1596 2194 impenitencie
1618 2157 1742 2192 usque

433 2206 482 2241 ad
516 2205 621 2241 diem
656 2204 793 2240 iudicii
834 2213 870 2241 et
908 2204 1129 2241 viatoribus
1167 2204 1417 2240 confirmatis
1457 2203 1495 2238 in
1535 2202 1609 2239 ista
1650 2202 1741 2239 fidei

433 2262 666 2299 constancia
698 2263 786 2310 plus
820 2264 1028 2310 prodesset
1063 2275 1183 2310 quarn
1208 2274 1348 2298 omnes
1374 2262 1576 2297 mundane
1600 2259 1742 2296 divicie

431 2321 492 2357 vel
525 2322 724 2357 seculares
757 2320 905 2357 noticie
938 2333 1037 2368 quas
1070 2329 1127 2356 est
1161 2320 1353 2368 possibile
1384 2319 1579 2355 viatorem
1605 2317 1740 2366 acqui·
1759 2319 1798 2351 35

434 2392 532 2423 rere,
567 2379 656 2415 ideo
691 2379 866 2415 defectus
900 2378 992 2414 fidei
1026 2392 1105 2426 quo
1138 2379 1268 2414 solum
1304 2377 1549 2414 attendimus
1583 2378 1631 2412 ad
1655 2389 1741 2412 sen-

433 2437 563 2473 sibilia
601 2437 808 2485 presencia
841 2436 943 2472 sicut
979 2438 1093 2472 bruta
1128 2445 1185 2472 est
1219 2448 1337 2472 causa
1372 2447 1494 2483 quare
1526 2433 1739 2471 scienciam

434 2495 539 2531 illam
575 2494 902 2542 contempnimus
935 2504 972 2530 et
1006 2494 1111 2530 circa
1145 2494 1222 2530 alia
1256 2493 1416 2529 solliciti
1450 2505 1599 2529 sumus.
1643 2491 1740 2537 Quis

434 2553 588 2588 dubitat
632 2552 726 2601 quin
771 2552 913 2588 divicie
955 2565 1029 2599 pro
1072 2564 1144 2587 suo
1189 2551 1265 2587 fine
1308 2550 1450 2586 ultimo
1495 2551 1738 2586 mundanam

502 2712 528 2736 N.
551 2710 645 2737 (Inda
674 2715 742 2737 sunt
764 2710 875 2736 l‘nulus
896 2710 1006 2736 dicere.
1114 2716 1159 2740 21,
1183 2708 1277 2735 Coti:
1306 2707 1526 2735 revelacioncm
1550 2708 1585 2733 de
1607 2707 1693 2741 penis
1714 2711 1739 2733 et

433 2745 559 2779 premiis
579 2753 636 2779 que
658 2749 835 2779 sequuntur.
859 2744 927 2771 vid.
949 2745 966 2770 1.
988 2744 1034 2770 26,
1108 2742 1151 2770 3⁵:
1176 2743 1269 2769 (Lotis
1292 2744 1399 2769 simus
1474 2741 1519 2775 ὃς).
1544 2742 1668 2771 ultimo:
1691 2741 1739 2768 hic

433 2780 548 2813 aliquot
570 2780 659 2805 rerba
681 2779 875 2805 exciderunt:
898 2779 1011 2805 scilicct
1033 2779 1192 2804 attendunt
1214 2778 1249 2803 ad
1273 2778 1335 2804 sive
1358 2777 1478 2803 habeut.
