1944 3323
141 249 216 285 300

176 545 257 571 idox-e
279 549 308 571 to
330 544 379 571 the

171 579 312 606 brethrcn
335 579 384 606 the

147 623 238 641 cause
258 614 292 642 of
308 622 407 648 grace.

147 1179 214 1206 The
236 1179 401 1218 *brctljrcn'

149 1222 199 1241 arc
221 1219 272 1241 not
293 1217 393 1242 mars⁴

156 2112 255 2139 Them
278 2118 328 2139 too
351 2122 395 2140 wc

149 2152 230 2174 must
252 2148 328 2179 love,
353 2148 402 2175 but

153 2182 220 2208 hate
242 2182 318 2209 their
339 2183 396 2210 evil

227 2226 321 2252 ways.

700 256 924 288 JOHANNIS
944 254 1126 286 WYCLIF
1146 253 1402 286 SERMONUM
1433 241 1590 297 [SERMO
1606 250 1748 278 XXXVI·

425 375 498 399 nec
528 362 681 410 premia
712 373 788 410 que
811 361 1014 397 distribuit
1038 361 1159 397 servis
1189 361 1268 397 suis
1297 363 1365 398 sed
1397 360 1563 397 omnino
1586 362 1736 398 scolam

427 420 620 468 principis
661 420 776 456 huius
819 419 969 465 mundi,
1011 419 1155 455 stultus
1195 419 1296 456 foret
1329 420 1395 468 qui
1435 419 1739 467 appreciaretur

428 478 510 515 eius
545 478 807 514 dileccionem
842 478 911 513 sed
944 477 1085 525 pocius
1118 476 1201 513 eius
1234 477 1372 514 odium
1407 478 1631 525 adoptaret.

488 539 568 573 Nec
601 537 843 572 credendum
878 543 935 571 est
959 534 1102 571 fabulis
1135 535 1375 583 sompniatis
1399 536 1446 571 de
1479 535 1739 572 absolucione

431 607 453 631 a
476 606 578 642 pena
603 603 639 630 et
663 606 684 630 a
708 594 826 641 culpa
848 594 917 629 sed
948 592 1154 640 evangelio
1179 594 1269 630 Jesu
1294 593 1453 630 Christi.
1487 593 1739 641 Evangelista
1756 600 1772 632 5

430 664 524 689 vero
558 651 672 688 dicit:
707 652 789 687 Nos
815 651 957 687 scimus
980 651 1155 699 quoniam
1180 652 1362 687 translati
1387 663 1519 687 simius
1542 652 1588 687 de
1616 659 1740 688 morte

430 711 482 745 ad
521 710 651 756 vitam,
690 710 866 758 quoniam
907 709 1107 759 diligimus
1133 710 1304 757 fratres.
1353 707 1536 757 Apostoli
1576 708 1737 757 quidem

430 776 519 816 post
559 767 790 804 missionem
825 766 997 815 Spiritus
1030 767 1165 803 Sancti
1205 775 1476 815 cognoverunt
1515 766 1555 803 in
1587 766 1739 814 Spiritu

428 827 497 862 has
536 827 693 862 hereses
733 825 887 861 futuras
926 837 996 873 per
1036 824 1250 861 exercitum
1284 823 1531 869 Antichristi‚
1578 825 1646 860 sed
1692 826 1738 861 de

427 883 522 930 ipsis
555 892 662 920 certe
695 891 965 931 cognoverant
988 884 1095 931 quod
1118 882 1304 919 translati
1336 891 1427 919 sunt
1458 894 1530 930 per
1561 881 1737 930 graciam
1758 899 1797 920 10

428 940 647 978 Salvatoris
672 943 720 977 de
743 949 873 978 morte
902 940 1036 977 anime
1059 953 1135 989 que
1159 940 1340 976 consistit
1364 940 1405 976 in
1429 940 1739 976 conversacione

428 998 659 1036 huiusmodi
697 998 867 1035 seculari
901 1000 951 1035 ad
983 998 1105 1035 vitam
1140 998 1285 1045 gracie,
1320 998 1412 1034 licet
1444 997 1484 1033 in
1519 997 1739 1034 honoribus

428 1069 465 1097 et
489 1057 642 1096 diviciis
675 1056 923 1093 secularibus
956 1069 1038 1093 non
1071 1057 1323 1101 habundent;
1359 1064 1395 1092 et
1418 1055 1572 1092 utinam
1596 1056 1739 1103 prelati

428 1115 568 1155 cesarii
602 1115 708 1151 istud
740 1115 900 1151 scirent.
935 1116 1066 1152 Causa
1099 1123 1232 1150 autem
1268 1114 1384 1150 huius
1407 1113 1484 1150 vite
1517 1113 1650 1161 gracie
1683 1122 1740 1150 est

427 1177 603 1213 fraterna
627 1173 773 1210 caritas
797 1186 917 1222 quam
942 1174 1174 1217 observant;
1200 1171 1290 1208 ideo
1313 1171 1509 1208 subdidit:
1549 1171 1739 1219 Quoniam
1761 1177 1796 1210 15

428 1235 629 1284 diligimus
640 1232 811 1281 fratres.
846 1234 935 1267 Non
958 1239 1092 1267 autem
1117 1230 1308 1266 intellexit
1324 1231 1431 1278 quod
1456 1228 1583 1277 diligit
1599 1229 1740 1266 fratres

427 1289 571 1341 privati
611 1289 776 1337 ordinis,
817 1302 906 1325 cum
945 1288 1021 1336 ipsi
1062 1288 1140 1324 sint
1179 1290 1352 1324 mundus
1391 1287 1660 1324 communiter
1705 1296 1741 1324 et

429 1363 498 1398 per
543 1359 791 1396 consequens
844 1346 1020 1387 odiendi,
1067 1347 1135 1382 sed
1181 1347 1289 1394 quod
1336 1345 1464 1393 diligit
1508 1346 1649 1382 fratres
1700 1345 1741 1382 in

428 1407 616 1451 Domino,
642 1406 717 1442 hoc
740 1414 811 1450 est,
835 1404 1074 1453 generaliter
1097 1404 1348 1440 christianos.
1374 1403 1413 1439 Si
1437 1402 1541 1440 enim
1567 1404 1738 1451 apostoli

428 1465 605 1515 privatos
643 1464 784 1500 fratres
823 1462 1046 1511 diligerent,
1087 1462 1262 1509 privatas
1301 1470 1427 1498 sectas
1466 1474 1604 1498 eorum
1638 1460 1739 1498 sicut
1756 1476 1798 1497 20

429 1522 673 1572 posteriores
706 1520 989 1568 religiosarche
1023 1520 1338 1568 multiplicarent
1361 1528 1399 1555 et
1421 1519 1579 1567 scriptis
1603 1528 1739 1556 auten-

429 1582 516 1618 ticis
542 1579 847 1620 confirmarent;
873 1580 980 1628 quod
1010 1591 1098 1615 cum
1128 1591 1208 1614 non
1232 1578 1409 1614 fecerunt
1424 1579 1491 1613 sed
1517 1578 1740 1614 habuerunt

429 1639 614 1688 spiritum
667 1637 885 1685 prophecie
936 1637 1157 1673 secundum
1209 1648 1326 1684 quem
1386 1635 1738 1672 conversacionem

429 1707 627 1734 sectarum
681 1694 909 1732 huiusmodi
962 1696 1245 1742 dampnarunt,
1306 1702 1362 1730 est
1408 1689 1530 1744 {nobis
1582 1693 1740 1730 evidens

429 1757 536 1804 quod
571 1755 784 1791 adventum
820 1766 957 1789 eorum
993 1753 1031 1789 in
1066 1751 1416 1789 conversacionem
1442 1751 1797 1789 racionabiliter25

429 1813 628 1850 odierunt.
665 1813 855 1848 Poterunt
880 1810 984 1847 enim
1021 1810 1161 1846 melius
1185 1822 1304 1858 quam
1340 1808 1484 1857 aliquis
1507 1811 1567 1845 vel
1600 1823 1739 1847 omnes

430 1874 477 1907 dc
518 1870 604 1906 istis
643 1869 853 1905 ordinibus
893 1869 1000 1916 ipsos
1040 1867 1256 1904 instituisse
1297 1876 1333 1904 et
1378 1866 1416 1902 in
1461 1867 1541 1903 suis
1581 1867 1740 1916 scriptis

431 1930 688 1977 approbasse,
723 1927 753 1962 si
788 1929 863 1964 hoc
887 1926 1006 1963 fuisse
1030 1928 1077 1963 de
1101 1925 1171 1962 Dei
1207 1924 1458 1973 beneplacito
1483 1936 1738 1973 cognoscent.

430 1987 653 2034 Diligamus
685 1997 778 2033 ergo
803 1998 874 2021 nos
898 1985 1038 2021 fratres
1070 1992 1229 2020 nostros
1263 1984 1481 2020 secundum
1506 1984 1738 2031 religionem

430 2044 654 2092 simplicem
689 2042 949 2079 christianam
984 2051 1019 2079 et
1053 2042 1237 2078 odiamus
1271 2041 1499 2078 huiusmodi
1531 2041 1739 2079 vanitates.
1758 2046 1799 2076 30

488 2105 568 2138 Nec
599 2110 656 2138 est
679 2103 906 2148 negandum
930 2100 1026 2149 quin
1055 2108 1196 2136 nature
1226 2100 1417 2136 falsorum
1448 2099 1615 2136 fratrum
1640 2100 1742 2137 sicut

430 2160 567 2196 omnia
601 2161 706 2195 bona
739 2171 863 2206 opera
895 2171 965 2195 sua
997 2160 1043 2194 de
1067 2170 1209 2206 genere
1233 2158 1311 2194 sint
1337 2158 1522 2202 amanda,
1548 2158 1738 2205 quoniam

431 2218 471 2254 in
517 2217 722 2265 evangelio
767 2217 883 2253 huius
929 2217 1096 2264 epistole
1135 2215 1333 2264 sequitur:
1374 2215 1452 2265 Qui
1494 2228 1566 2251 non
1612 2216 1741 2266 diligit

430 2284 555 2312 memet
587 2276 622 2311 in
656 2282 791 2311 morte.
826 2276 1026 2311 Debemus
1061 2287 1153 2321 ergo
1187 2275 1407 2310 secundum
1442 2275 1544 2310 hanc
1569 2274 1739 2310 formam

429 2334 537 2381 ipsos
577 2332 741 2380 diligere
780 2341 817 2369 et
855 2333 967 2369 odire
1007 2331 1336 2369 conversaciones
1375 2344 1466 2368 suas
1506 2331 1666 2368 fallaces
1699 2340 1735 2368 et
1757 2334 1795 2366 35

429 2391 598 2428 crimina
637 2390 762 2427 instar
794 2390 942 2428 Christi
981 2390 1047 2438 qui
1087 2389 1261 2426 odiendo
1293 2389 1496 2437 ypocrises
1530 2398 1566 2425 et
1599 2391 1738 2437 damp—

427 2451 561 2485 nando
600 2457 766 2497 peccata
806 2448 996 2484 dilexerat
1036 2447 1255 2496 phariseos,
1303 2456 1339 2483 et
1377 2446 1432 2483 sic
1471 2447 1738 2484 communiter

427 2507 613 2555 intelligit
663 2506 861 2554 scriptura
913 2506 951 2541 in
1004 2505 1285 2552 predicacione
1340 2504 1526 2552 simplici,
1573 2506 1734 2553 quando

428 2564 523 2600 dicit
556 2566 603 2600 de
637 2566 738 2600 Deo:
773 2565 926 2612 Im'quos
963 2564 1050 2599 odio
1089 2563 1205 2599 habui
1235 2575 1325 2599 cum
1361 2562 1506 2599 talibus
1540 2562 1736 2599 similibus

427 2621 717 2667 locucionibus.
758 2622 797 2657 id
838 2630 907 2667 est,
948 2621 1071 2658 odivit
1113 2621 1221 2669 quod
1267 2628 1447 2657 creature
1492 2633 1560 2657 sue
1604 2620 1795 2663 taliter40

493 2778 536 2807 32.
559 2779 654 2807 Cod.:
676 2779 726 2814 qui
748 2779 788 2806 in.

493 2873 524 2905 6.
551 2873 574 2905 I.
599 2872 677 2904 Joh.
705 2873 758 2912 ΙΙΙ,
782 2883 831 2913 14,
928 2872 979 2905 33.
1007 2873 1049 2904 ib.
1147 2873 1198 2916 39⁴
1228 2874 1282 2904 Ps.
1314 2871 1470 2913 CXVffl,
1498 2872 1572 2906 113.
