1944 3323
173 867 240 894 Tlie
255 867 445 894 incarnation

207 902 342 936 changed
364 904 412 928 the

186 937 311 963 relation
333 937 367 963 of
384 936 432 962 tl1e

185 972 281 998 world
303 976 332 997 to
354 979 435 1002 man,

174 1444 231 1470 and
254 1444 397 1478 specially
417 1447 447 1469 to

175 1480 261 1505 those
283 1479 350 1504 who
370 1486 447 1504 were

176 1513 341 1540 instructed
364 1521 396 1539 as
417 1517 447 1538 to

175 1548 223 1574 the
245 1548 445 1574 incarnation.

242 2193 338 2219 Graee
358 2192 392 2219 of

187 2228 435 2263 predestination.

760 290 984 323 JOllANNlS
1005 289 1186 323 WYC1.1F
1203 290 1456 324 SERMONUM
1561 277 1710 336 [SERMO
1732 286 1770 317 V.

461 397 592 445 gracia
632 397 848 433 Salv-aroris
888 398 1073 445 apparuit
1111 400 1257 434 nedum
1298 399 1484 435 omnibus
1523 408 1560 435 et
1603 398 1768 446 singulis

462 454 702 500 christianis,
736 456 803 491 sed
833 455 1019 491 omnibus
1045 456 1272 492 hominibus
1295 459 1418 504 gradu
1443 470 1534 497 suo:
1569 457 1769 504 loquendo

461 522 593 549 autem
638 522 793 549 extense
838 513 885 548 de
930 513 1064 560 gracia
1108 523 1149 549 ut
1196 514 1291 550 dicit
1336 516 1484 550 donum
1533 514 1603 550 Dei
1649 514 1770 560 gratis

462 573 612 615 datum,
647 579 755 618 patet
780 571 886 618 quod
910 579 993 607 tota
1027 571 1261 608 universitas
1296 582 1429 608 creata
1462 581 1518 608 est
1552 571 1699 619 gracia,
1734 580 1769 607 et

462 642 550 665 cum
585 628 651 665 illa
685 627 872 676 apparuit
905 628 1090 664 omnibus
1125 629 1365 674 hominibus,
1408 638 1516 677 patet
1550 629 1767 665 conclusio.

460 688 776 734 Verumptamen
809 687 1013 733 apostolos
1047 695 1083 722 et
1107 700 1242 723 eorum
1270 687 1485 734 discipulos
1517 687 1771 734 singulariter

462 743 643 788 erudivit,
670 756 758 779 cum
785 742 860 790 ipsi
884 743 1082 780 sciverunt
1099 746 1219 792 quod,
1243 744 1309 780 ubi
1332 753 1423 780 ante
1446 744 1769 780 incarnacionem

462 811 569 838 totus
607 801 714 837 orbis
753 809 951 837 terrarum
997 802 1187 849 pugnavit
1233 811 1372 838 contra
1417 802 1635 847 hominem,
1681 810 1771 849 post

463 859 786 896 incarnacionem
820 867 926 895 totus
961 860 1131 895 mundus
1163 859 1321 896 servivit
1355 859 1506 895 homini
1540 868 1576 895 et
1606 858 1769 903 adiuvit,

465 926 501 954 et
539 916 593 953 sic
632 916 725 965 quia
764 916 936 964 apostoli
975 917 1134 952 fuerunt
1173 926 1278 953 extra
1318 926 1514 953 vetustam
1555 917 1769 953 ruditatem

463 975 595 1023 positi,
646 974 736 1010 ideo
781 974 877 1010 dicit
920 975 1028 1022 quod
1078 974 1145 1010 illa
1188 975 1326 1025 gracia
1370 975 1552 1024 apparuit
1595 975 1771 1010 omnibus

465 1033 691 1078 hominibus,
725 1034 792 1068 sed
825 1032 912 1067 illos
943 1031 1198 1079 singulariter
1229 1032 1407 1068 erudivit.

521 1093 639 1127 Istam
663 1099 795 1126 autem
822 1089 1083 1125 subtilitatem
1109 1089 1200 1125 fidei
1222 1091 1353 1126 solum
1379 1089 1434 1126 illi
1458 1102 1638 1138 expresse
1656 1102 1773 1126 nove-

462 1157 551 1185 rant
584 1147 650 1196 qui
684 1160 726 1183 ex
760 1147 894 1195 gracia
918 1146 989 1183 Dei
1018 1146 1058 1182 in
1090 1146 1373 1184 incarnacione
1398 1147 1559 1184 Domini
1592 1156 1683 1183 sunt
1715 1147 1772 1183 in-

462 1205 615 1242 structi.
650 1207 762 1241 Patet
795 1214 927 1241 autem
962 1204 1036 1240 ista
1069 1205 1271 1242 sentencia
1306 1218 1352 1241 eo
1377 1207 1484 1254 quod
1509 1205 1689 1242 Christus
1714 1218 1772 1241 re-

463 1262 690 1300 conciliavit
723 1263 796 1299 sibi
830 1275 900 1310 per
924 1262 1247 1299 incarnacionem
1272 1276 1385 1299 suam
1409 1263 1618 1300 ecclesiam
1642 1272 1679 1299 et
1702 1275 1772 1311 per

462 1333 708 1369 consequens
731 1320 867 1356 omnia
891 1332 967 1368 que
990 1320 1164 1356 serviunt
1187 1333 1255 1357 sue
1274 1321 1450 1366 ecclesie,
1470 1330 1507 1357 et
1525 1333 1770 1369 consequen-

463 1388 522 1415 ter
545 1391 633 1415 cum
659 1387 744 1414 tota
766 1377 1002 1414 universitas
1028 1387 1161 1414 creata
1176 1378 1295 1415 servit
1312 1379 1476 1415 domino
1490 1381 1580 1415 Jesu
1598 1378 1769 1424 Christo,

462 1446 571 1485 patet
603 1436 818 1472 sentencia.
859 1438 907 1471 Et
939 1435 1030 1471 hinc
1052 1437 1177 1483 Apoc.
1210 1436 1367 1484 legitur,
1391 1438 1550 1485 quando
1573 1438 1773 1473 Johannes

463 1494 606 1531 cecidit
638 1495 687 1530 ad
721 1495 840 1541 pedes
873 1493 1017 1540 angeli,
1051 1502 1093 1529 ut
1117 1493 1245 1542 ipsum
1282 1495 1469 1531 adoraret
1498 1494 1564 1543 qui
1598 1495 1772 1530 archana

463 1552 537 1587 sibi
566 1553 809 1596 ostenderat,
834 1550 984 1587 audivit
1008 1563 1243 1599 responsum
1270 1552 1417 1600 angeli:
1450 1553 1541 1588 Vide
1563 1552 1770 1601 nefeceris.

468 1611 686 1646 Conservus
722 1609 818 1645 enim
858 1616 944 1645 tuus
982 1622 1064 1645 sum
1106 1618 1139 1645 et
1160 1611 1343 1658 fratrum
1381 1618 1547 1646 tuorum.
1600 1610 1639 1645 Si
1680 1622 1772 1656 ergo

464 1676 553 1715 post
586 1666 962 1703 reconciliacionem
996 1667 1124 1713 angeli
1158 1667 1334 1704 serviunt
1366 1668 1610 1713 hominibus,
1646 1668 1772 1703 multo

464 1725 588 1772 magis
611 1725 786 1773 quelibet
811 1724 888 1760 alia
918 1733 1102 1761 creatura
1131 1734 1167 1761 et
1192 1725 1231 1761 in
1254 1725 1330 1761 isto
1354 1725 1576 1762 ministerio
1600 1724 1772 1773 apostoli

463 1783 690 1831 specialiter
723 1782 879 1818 fuerant
913 1782 1071 1818 eruditi.

521 1842 596 1877 Sed
630 1841 851 1877 notandum
886 1841 992 1887 quod
1027 1839 1161 1887 gracia
1193 1840 1284 1876 licet
1317 1840 1355 1876 in
1389 1840 1541 1877 ambitu
1574 1853 1646 1876 suo
1679 1852 1771 1876 ana-

463 1900 553 1946 logo
595 1906 851 1934 convertatur
884 1910 973 1933 cun]
1008 1906 1108 1943 ente,
1143 1910 1232 1933 cum
1267 1907 1348 1934 tam
1383 1900 1488 1934 Deus
1522 1911 1641 1946 quam
1677 1910 1770 1946 que-

464 1956 558 1992 libet
588 1964 772 1992 creatura
804 1955 853 1991 sit
876 1955 1022 2003 gracia,
1056 1964 1192 1991 tamen
1224 1956 1414 1992 famosius
1448 1956 1618 1992 sumitur
1639 1955 1771 2003 gracia

463 2027 536 2062 pro
568 2014 698 2050 forma
731 2026 809 2061 qua
842 2022 1024 2049 creatura
1056 2013 1270 2049 racionalis
1303 2013 1448 2050 dicitur
1470 2022 1582 2062 grata
1606 2015 1702 2060 Deo,
1737 2021 1773 2048 et

464 2073 683 2108 secundum
716 2072 862 2118 gradus
896 2070 1039 2119 quibus
1073 2080 1253 2107 creature
1287 2071 1508 2108 racionales
1541 2080 1629 2108 sunt
1662 2079 1772 2118 grate

465 2132 547 2166 Deo
582 2129 623 2164 fit
647 2128 787 2165 divisio
813 2128 1054 2175 graciarum.
1089 2128 1233 2165 Gracia
1257 2138 1389 2165 autem
1415 2128 1772 2177 predestinacionis

465 2196 522 2224 est
537 2186 690 2235 pocior,
711 2199 799 2222 cum
830 2182 834 2240 Ι
865 2189 969 2222 Deus
988 2199 1268 2235 quemcunque
1286 2187 1600 2235 predestinatum
1617 2199 1773 2234 semper

465 2258 564 2293 eque
580 2244 719 2292 diligit,
744 2244 835 2280 licet
858 2244 907 2280 sit
928 2244 1098 2280 varietas
1122 2244 1161 2281 in
1185 2244 1415 2291 dileccione,
1433 2254 1469 2282 et
1485 2247 1533 2281 ab
1548 2244 1616 2281 illa
1638 2245 1771 2292 gracia

464 2316 583 2340 nemo
622 2311 752 2350 potest
790 2302 981 2348 excidere,
1022 2302 1123 2338 sicut
1160 2315 1280 2338 nemo
1313 2311 1444 2350 potest
1476 2302 1655 2338 desinere
1689 2314 1772 2338 esse

1792 930 1829 951 10

1792 1208 1828 1240 15

1790 1506 1831 1527 20

1790 1785 1829 1817 25

1788 2071 1830 2103 3⁷0

1792 2165 1862 2195 Foi.

1791 2222 1830 2251 24

466 2359 759 2408 predestinatus
792 2372 814 2396 a
847 2362 944 2405 Deo,
980 2359 1070 2396 licet
1103 2372 1147 2396 ex
1178 2359 1376 2396 infinitate
1414 2360 1609 2396 libertatis
1643 2360 1772 2396 divine
1789 2361 1828 2392 35

467 2418 580 2454 multi
620 2417 687 2466 qui
721 2419 768 2453 de
800 2418 905 2454 facto
944 2427 1035 2453 sunt
1068 2417 1328 2465 predestinati
1366 2427 1531 2466 possunt
1570 2430 1653 2454 esse
1690 2431 1770 2453 non

466 2475 738 2523 predestinati.
783 2477 831 2511 Et
870 2475 944 2511 ista
986 2475 1120 2523 gracia
1157 2474 1313 2511 videtur
1356 2488 1437 2511 non
1482 2488 1597 2523 posse
1645 2475 1771 2511 maius

466 2542 533 2569 aut
557 2532 687 2568 minus
709 2532 923 2581 suscipere.
958 2535 1005 2568 Et
1032 2533 1107 2569 ista
1135 2532 1269 2580 gracia
1298 2533 1453 2569 videtur
1477 2532 1620 2570 caritas
1650 2545 1768 2581 quam

466 2591 681 2638 Apostolus
715 2590 810 2626 dicit
844 2592 876 2626 Ia
901 2592 992 2627 Cor.
1015 2591 1137 2636 X1110,
1163 2591 1184 2626 8
1219 2603 1408 2639 nunquam
1436 2603 1551 2640 posse
1573 2591 1773 2630 excidere,-

535 2708 559 2726 2.
581 2701 624 2727 A:
646 2701 697 2727 sed
720 2701 819 2735 deest;
849 2701 888 2728 ib.
910 2701 953 2728 A:
975 2700 1161 2736 lonqnendo.
1252 2700 1276 2728 3.
1297 2701 1341 2728 A:
1365 2705 1464 2727 antem
1487 2701 1580 2727 deest.
1668 2698 1704 2726 13.
1725 2701 1769 2727 A:

468 2735 566 2761 mlum
588 2735 629 2762 illi
652 2736 745 2762 deest.
820 2744 860 2768 ιι.
884 2736 922 2763 F:
945 2736 998 2762 Dei
1020 2740 1058 2762 et.
1133 2736 1173 2762 16.
1196 2735 1234 2762 F:
1258 2744 1311 2769 per
1331 2736 1424 2762 deest.
1494 2742 1538 2768 24.
1560 2734 1598 2761 F:
1622 2735 1769 2761 misterio.

467 2769 507 2795 25.
529 2770 572 2796 A:
595 2770 689 2796 snam.
774 2778 820 2804 21).
843 2770 882 2797 F:
903 2779 973 2805 que.
1062 2769 1109 2797 30.
1130 2771 1174 2796 A:
1195 2775 1331 2797 creature
1352 2770 1446 2796 deest.
1535 2768 1572 2796 31.
1594 2769 1637 2796 A:
1661 2768 1770 2795 Gracia

467 2804 560 2829 deest.
633 2803 676 2831 32.
697 2805 741 2831 A:
764 2813 884 2839 semper
906 2805 1016 2831 liidden
1040 2804 1077 2839 by
1099 2804 1187 2831 stain.
1262 2804 1303 2831 33.
1325 2804 1364 2832 1³:
1386 2804 1506 2831 dilecto.
1587 2803 1633 2836 34.
1654 2804 1698 2830 A:
1721 2804 1770 2830 de-

466 2838 574 2864 cinere.
648 2837 689 2865 35.
711 2839 749 2865 lf:
771 2839 837 2865 licet
859 2839 953 2866 deest.
1027 2837 1069 2873 37.
1091 2840 1119 2865 A
1140 2839 1168 2865 in
1191 2847 1304 2873 marg:
1326 2838 1406 2865 Nota
1428 2839 1464 2865 de
1484 2837 1595 2873 gracia.

543 2909 590 2940 ¹9·
617 2899 761 2940 Apocal.
789 2900 881 2940 XIX,
907 2910 954 2931 10.

1842 2223 1846 2241 Ι
1858 2214 1868 2226 c
