<?xml version="1.0" encoding="UTF-8"?>
<!DOCTYPE html PUBLIC "-//W3C//DTD XHTML 1.0 Transitional//EN"
    "http://www.w3.org/TR/xhtml1/DTD/xhtml1-transitional.dtd">
<html xmlns="http://www.w3.org/1999/xhtml" xml:lang="en" lang="en">
 <head>
  <title>
</title>
<meta http-equiv="Content-Type" content="text/html;charset=utf-8" />
  <meta name='ocr-system' content='tesseract 3.04.00' />
  <meta name='ocr-capabilities' content='ocr_page ocr_carea ocr_par ocr_line ocrx_word'/>
</head>
<body>
  <div class='ocr_page' id='page_1' title='image "./iohanniswyclifse0703wycl_0313.png"; bbox 0 0 1944 3323; ppageno 0'>
   <div class='ocr_carea' id='block_1_1' title="bbox 145 268 972 324">
    <p class='ocr_par' dir='ltr' id='par_1_1' title="bbox 145 268 972 324">
     <span class='ocr_line' id='line_1_1' title="bbox 145 268 972 324; baseline 0.016 -20"><span class='ocrx_word' id='word_1_1' title='bbox 145 277 280 306; x_wconf 69' lang='lat' dir='ltr'>sERmo</span> <span class='ocrx_word' id='word_1_2' title='bbox 302 268 442 324; x_wconf 55' lang='lat' dir='ltr'>xxxin]</span> <span class='ocrx_word' id='word_1_3' title='bbox 639 283 815 315; x_wconf 76' lang='lat' dir='ltr'><strong>TERTIA</strong></span> <span class='ocrx_word' id='word_1_4' title='bbox 845 284 972 315; x_wconf 77' lang='lat' dir='ltr'><strong>PARS.</strong></span> 
     </span>
    </p>
   </div>
   <div class='ocr_carea' id='block_1_2' title="bbox 76 387 1464 2658">
    <p class='ocr_par' dir='ltr' id='par_1_2' title="bbox 110 387 1464 907">
     <span class='ocr_line' id='line_1_2' title="bbox 145 387 1462 439; baseline 0.005 -16"><span class='ocrx_word' id='word_1_5' title='bbox 145 387 407 424; x_wconf 78' lang='lat' dir='ltr'>dileccioncm</span> <span class='ocrx_word' id='word_1_6' title='bbox 444 397 480 424; x_wconf 88' lang='lat' dir='ltr'>et</span> <span class='ocrx_word' id='word_1_7' title='bbox 503 389 693 436; x_wconf 76' lang='lat' dir='ltr'>gaudium</span> <span class='ocrx_word' id='word_1_8' title='bbox 729 392 949 426; x_wconf 81' lang='lat' dir='ltr'>secundum</span> <span class='ocrx_word' id='word_1_9' title='bbox 976 391 1205 439; x_wconf 78' lang='lat' dir='ltr'>potenciam</span> <span class='ocrx_word' id='word_1_10' title='bbox 1231 393 1462 432; x_wconf 71' lang='lat' dir='ltr'>volutivam.</span> 
     </span>
     <span class='ocr_line' id='line_1_3' title="bbox 145 446 1461 498; baseline 0.005 -17"><span class='ocrx_word' id='word_1_11' title='bbox 145 447 237 482; x_wconf 88' lang='lat' dir='ltr'>ldco</span> <span class='ocrx_word' id='word_1_12' title='bbox 271 446 427 483; x_wconf 79' lang='lat' dir='ltr'>videtur</span> <span class='ocrx_word' id='word_1_13' title='bbox 462 447 596 483; x_wconf 87' lang='lat' dir='ltr'>multis</span> <span class='ocrx_word' id='word_1_14' title='bbox 630 449 739 496; x_wconf 87' lang='lat' dir='ltr'>quod</span> <span class='ocrx_word' id='word_1_15' title='bbox 773 448 955 485; x_wconf 87' lang='lat' dir='ltr'>Christus</span> <span class='ocrx_word' id='word_1_16' title='bbox 990 449 1028 486; x_wconf 87' lang='lat' dir='ltr'>in</span> <span class='ocrx_word' id='word_1_17' title='bbox 1061 458 1153 487; x_wconf 86' lang='lat' dir='ltr'>actu</span> <span class='ocrx_word' id='word_1_18' title='bbox 1192 452 1461 498; x_wconf 79' lang='lat' dir='ltr'>cognoscendi</span> 
     </span>
     <span class='ocr_line' id='line_1_4' title="bbox 141 503 1464 557; baseline 0.005 -18"><span class='ocrx_word' id='word_1_19' title='bbox 141 503 261 540; x_wconf 87' lang='lat' dir='ltr'>simul</span> <span class='ocrx_word' id='word_1_20' title='bbox 295 504 476 552; x_wconf 66' lang='lat' dir='ltr'>intelligit</span> <span class='ocrx_word' id='word_1_21' title='bbox 510 514 723 554; x_wconf 84' lang='lat' dir='ltr'>utramque</span> <span class='ocrx_word' id='word_1_22' title='bbox 758 507 1008 554; x_wconf 79' lang='lat' dir='ltr'>potenciam3</span> <span class='ocrx_word' id='word_1_23' title='bbox 1050 508 1155 545; x_wconf 88' lang='lat' dir='ltr'>unde</span> <span class='ocrx_word' id='word_1_24' title='bbox 1195 518 1362 557; x_wconf 84' lang='lat' dir='ltr'>propter</span> <span class='ocrx_word' id='word_1_25' title='bbox 1394 511 1464 546; x_wconf 87' lang='lat' dir='ltr'>ob-</span> 
     </span>
     <span class='ocr_line' id='line_1_5' title="bbox 141 562 1462 616; baseline 0.005 -19"><span class='ocrx_word' id='word_1_26' title='bbox 141 562 375 599; x_wconf 88' lang='lat' dir='ltr'>scuritatem</span> <span class='ocrx_word' id='word_1_27' title='bbox 402 563 472 599; x_wconf 80' lang='lat' dir='ltr'>Dei</span> <span class='ocrx_word' id='word_1_28' title='bbox 505 563 655 600; x_wconf 88' lang='lat' dir='ltr'>noticie</span> <span class='ocrx_word' id='word_1_29' title='bbox 687 577 780 613; x_wconf 85' lang='lat' dir='ltr'>sepe</span> <span class='ocrx_word' id='word_1_30' title='bbox 804 565 900 602; x_wconf 85' lang='lat' dir='ltr'>dicit</span> <span class='ocrx_word' id='word_1_31' title='bbox 924 566 1180 614; x_wconf 78' lang='lat' dir='ltr'>Evangelista</span> <span class='ocrx_word' id='word_1_32' title='bbox 1204 569 1311 616; x_wconf 89' lang='lat' dir='ltr'>quod</span> <span class='ocrx_word' id='word_1_33' title='bbox 1336 569 1462 605; x_wconf 80' lang='lat' dir='ltr'>Deum</span> 
     </span>
     <span class='ocr_line' id='line_1_6' title="bbox 110 621 1464 670; baseline 0.006 -15"><span class='ocrx_word' id='word_1_34' title='bbox 110 624 250 656; x_wconf 80' lang='lat' dir='ltr'>5nemo</span> <span class='ocrx_word' id='word_1_35' title='bbox 293 621 385 656; x_wconf 72' lang='lat' dir='ltr'>vidit</span> <span class='ocrx_word' id='word_1_36' title='bbox 423 634 603 670; x_wconf 75' lang='lat' dir='ltr'>unquam,</span> <span class='ocrx_word' id='word_1_37' title='bbox 643 623 720 659; x_wconf 84' lang='lat' dir='ltr'>hoc</span> <span class='ocrx_word' id='word_1_38' title='bbox 751 633 821 667; x_wconf 83' lang='lat' dir='ltr'>est,</span> <span class='ocrx_word' id='word_1_39' title='bbox 855 633 1044 661; x_wconf 86' lang='lat' dir='ltr'>naturam</span> <span class='ocrx_word' id='word_1_40' title='bbox 1079 625 1255 662; x_wconf 69' lang='lat' dir='ltr'>divinam</span> <span class='ocrx_word' id='word_1_41' title='bbox 1290 639 1372 663; x_wconf 91' lang='lat' dir='ltr'>non</span> <span class='ocrx_word' id='word_1_42' title='bbox 1406 635 1464 663; x_wconf 86' lang='lat' dir='ltr'>est</span> 
     </span>
     <span class='ocr_line' id='line_1_7' title="bbox 142 678 1461 730; baseline 0.006 -17"><span class='ocrx_word' id='word_1_43' title='bbox 142 678 308 714; x_wconf 76' lang='lat' dir='ltr'>intuitus</span> <span class='ocrx_word' id='word_1_44' title='bbox 348 679 387 715; x_wconf 91' lang='lat' dir='ltr'>in</span> <span class='ocrx_word' id='word_1_45' title='bbox 426 679 587 723; x_wconf 71' lang='lat' dir='ltr'>viando,</span> <span class='ocrx_word' id='word_1_46' title='bbox 634 681 728 730; x_wconf 86' lang='lat' dir='ltr'>quia</span> <span class='ocrx_word' id='word_1_47' title='bbox 762 682 887 718; x_wconf 80' lang='lat' dir='ltr'>Exodi</span> <span class='ocrx_word' id='word_1_48' title='bbox 920 684 1115 729; x_wconf 79' lang='lat' dir='ltr'>XXX1110,</span> <span class='ocrx_word' id='word_1_49' title='bbox 1158 694 1208 721; x_wconf 83' lang='lat'>20</span> <span class='ocrx_word' id='word_1_50' title='bbox 1253 684 1461 721; x_wconf 82' lang='lat' dir='ltr'>scribitur:</span> 
     </span>
     <span class='ocr_line' id='line_1_8' title="bbox 142 737 1463 787; baseline 0.006 -16"><span class='ocrx_word' id='word_1_51' title='bbox 142 737 228 772; x_wconf 84' lang='lat' dir='ltr'>Non</span> <span class='ocrx_word' id='word_1_52' title='bbox 268 737 407 773; x_wconf 76' lang='lat' dir='ltr'>m&#39;debit</span> <span class='ocrx_word' id='word_1_53' title='bbox 447 751 506 774; x_wconf 84' lang='lat' dir='ltr'>me</span> <span class='ocrx_word' id='word_1_54' title='bbox 545 740 658 775; x_wconf 78' lang='lat' dir='ltr'>homo</span> <span class='ocrx_word' id='word_1_55' title='bbox 698 747 733 775; x_wconf 83' lang='lat' dir='ltr'>et</span> <span class='ocrx_word' id='word_1_56' title='bbox 767 740 878 787; x_wconf 71' lang='lat' dir='ltr'>vivet,</span> <span class='ocrx_word' id='word_1_57' title='bbox 912 741 988 778; x_wconf 90' lang='lat' dir='ltr'>hoc</span> <span class='ocrx_word' id='word_1_58' title='bbox 1021 750 1090 787; x_wconf 71' lang='lat' dir='ltr'>est,</span> <span class='ocrx_word' id='word_1_59' title='bbox 1125 755 1207 779; x_wconf 92' lang='lat' dir='ltr'>non</span> <span class='ocrx_word' id='word_1_60' title='bbox 1239 742 1463 780; x_wconf 86' lang='lat' dir='ltr'>intuebitur</span> 
     </span>
     <span class='ocr_line' id='line_1_9' title="bbox 140 797 1461 843; baseline 0.006 -13"><span class='ocrx_word' id='word_1_61' title='bbox 140 804 329 831; x_wconf 87' lang='lat' dir='ltr'>naturam</span> <span class='ocrx_word' id='word_1_62' title='bbox 385 808 530 843; x_wconf 70' lang='lat' dir='ltr'>meam,</span> <span class='ocrx_word' id='word_1_63' title='bbox 582 797 752 834; x_wconf 79' lang='lat' dir='ltr'>vivendo</span> <span class='ocrx_word' id='word_1_64' title='bbox 797 798 919 835; x_wconf 79' lang='lat' dir='ltr'>vitam</span> <span class='ocrx_word' id='word_1_65' title='bbox 971 799 1090 836; x_wconf 89' lang='lat' dir='ltr'>istam</span> <span class='ocrx_word' id='word_1_66' title='bbox 1141 800 1370 838; x_wconf 83' lang='lat' dir='ltr'>sensibilem</span> <span class='ocrx_word' id='word_1_67' title='bbox 1425 810 1461 838; x_wconf 92' lang='lat' dir='ltr'>et</span> 
     </span>
     <span class='ocr_line' id='line_1_10' title="bbox 140 854 1463 907; baseline 0.005 -18"><span class='ocrx_word' id='word_1_68' title='bbox 140 854 356 890; x_wconf 86' lang='lat' dir='ltr'>carnalem.</span> <span class='ocrx_word' id='word_1_69' title='bbox 406 856 454 890; x_wconf 90' lang='lat' dir='ltr'>Et</span> <span class='ocrx_word' id='word_1_70' title='bbox 495 855 550 892; x_wconf 87' lang='lat' dir='ltr'>sic</span> <span class='ocrx_word' id='word_1_71' title='bbox 583 855 819 904; x_wconf 81' lang='lat' dir='ltr'>intelligitur</span> <span class='ocrx_word' id='word_1_72' title='bbox 851 857 1051 906; x_wconf 85' lang='lat' dir='ltr'>scriptura</span> <span class='ocrx_word' id='word_1_73' title='bbox 1085 871 1161 907; x_wconf 90' lang='lat' dir='ltr'>que</span> <span class='ocrx_word' id='word_1_74' title='bbox 1195 859 1372 896; x_wconf 89' lang='lat' dir='ltr'>crebrius</span> <span class='ocrx_word' id='word_1_75' title='bbox 1406 859 1463 896; x_wconf 93' lang='lat' dir='ltr'>in-</span> 
     </span>
    </p>

    <p class='ocr_par' dir='ltr' id='par_1_3' title="bbox 85 912 1462 1183">
     <span class='ocr_line' id='line_1_11' title="bbox 85 912 1460 966; baseline 0.004 -17"><span class='ocrx_word' id='word_1_76' title='bbox 85 927 124 949; x_wconf 78' lang='grc' dir='ltr'>ιο</span> <span class='ocrx_word' id='word_1_77' title='bbox 140 912 270 948; x_wconf 86' lang='lat' dir='ltr'>culcat</span> <span class='ocrx_word' id='word_1_78' title='bbox 310 912 428 949; x_wconf 86' lang='lat' dir='ltr'>istam</span> <span class='ocrx_word' id='word_1_79' title='bbox 470 914 715 951; x_wconf 76' lang='lat' dir='ltr'>sentenciam</span> <span class='ocrx_word' id='word_1_80' title='bbox 760 917 820 962; x_wconf 88' lang='lat' dir='ltr'>(ut</span> <span class='ocrx_word' id='word_1_81' title='bbox 852 925 962 964; x_wconf 90' lang='lat' dir='ltr'>patet</span> <span class='ocrx_word' id='word_1_82' title='bbox 996 917 1070 953; x_wconf 80' lang='lat' dir='ltr'>Job</span> <span class='ocrx_word' id='word_1_83' title='bbox 1107 918 1177 953; x_wconf 88' lang='lat' dir='ltr'>IX0</span> <span class='ocrx_word' id='word_1_84' title='bbox 1215 927 1251 953; x_wconf 87' lang='lat' dir='ltr'>et</span> <span class='ocrx_word' id='word_1_85' title='bbox 1283 919 1460 966; x_wconf 82' lang='lat' dir='ltr'>XX1110).</span> 
     </span>
     <span class='ocr_line' id='line_1_12' title="bbox 138 972 1460 1024; baseline 0.005 -18"><span class='ocrx_word' id='word_1_86' title='bbox 138 972 240 1006; x_wconf 86' lang='lat' dir='ltr'>Nam</span> <span class='ocrx_word' id='word_1_87' title='bbox 293 972 455 1019; x_wconf 88' lang='lat' dir='ltr'>quando</span> <span class='ocrx_word' id='word_1_88' title='bbox 508 985 646 1009; x_wconf 86' lang='lat' dir='ltr'>sensus</span> <span class='ocrx_word' id='word_1_89' title='bbox 697 972 898 1011; x_wconf 88' lang='lat' dir='ltr'>viancium</span> <span class='ocrx_word' id='word_1_90' title='bbox 954 984 1046 1011; x_wconf 89' lang='lat' dir='ltr'>sunt</span> <span class='ocrx_word' id='word_1_91' title='bbox 1099 975 1206 1023; x_wconf 88' lang='lat' dir='ltr'>pleni</span> <span class='ocrx_word' id='word_1_92' title='bbox 1251 975 1460 1024; x_wconf 78' lang='lat' dir='ltr'>speciebus</span> 
     </span>
     <span class='ocr_line' id='line_1_13' title="bbox 137 1028 1462 1083; baseline 0.006 -20"><span class='ocrx_word' id='word_1_93' title='bbox 137 1028 402 1071; x_wconf 84' lang='lat' dir='ltr'>sensibilium,</span> <span class='ocrx_word' id='word_1_94' title='bbox 444 1029 550 1067; x_wconf 89' lang='lat' dir='ltr'>circa</span> <span class='ocrx_word' id='word_1_95' title='bbox 589 1031 656 1068; x_wconf 89' lang='lat' dir='ltr'>illa</span> <span class='ocrx_word' id='word_1_96' title='bbox 698 1044 810 1068; x_wconf 86' lang='lat' dir='ltr'>mens</span> <span class='ocrx_word' id='word_1_97' title='bbox 850 1034 951 1069; x_wconf 89' lang='lat' dir='ltr'>adeo</span> <span class='ocrx_word' id='word_1_98' title='bbox 996 1042 1220 1082; x_wconf 86' lang='lat' dir='ltr'>occupatur</span> <span class='ocrx_word' id='word_1_99' title='bbox 1259 1036 1367 1083; x_wconf 89' lang='lat' dir='ltr'>quod</span> <span class='ocrx_word' id='word_1_100' title='bbox 1414 1036 1462 1071; x_wconf 87' lang='lat' dir='ltr'>de</span> 
     </span>
     <span class='ocr_line' id='line_1_14' title="bbox 137 1086 1459 1140; baseline 0.005 -18"><span class='ocrx_word' id='word_1_101' title='bbox 137 1086 345 1123; x_wconf 71' lang='lat' dir='ltr'>divinitate</span> <span class='ocrx_word' id='word_1_102' title='bbox 383 1089 498 1125; x_wconf 74' lang='lat' dir='ltr'>valde</span> <span class='ocrx_word' id='word_1_103' title='bbox 531 1102 694 1137; x_wconf 72' lang='lat' dir='ltr'>parvam</span> <span class='ocrx_word' id='word_1_104' title='bbox 737 1091 930 1128; x_wconf 85' lang='lat' dir='ltr'>habemus</span> <span class='ocrx_word' id='word_1_105' title='bbox 976 1093 1227 1140; x_wconf 79' lang='lat' dir='ltr'>specularem</span> <span class='ocrx_word' id='word_1_106' title='bbox 1266 1092 1459 1129; x_wconf 80' lang='lat' dir='ltr'>noticiam</span> 
     </span>
     <span class='ocr_line' id='line_1_15' title="bbox 137 1145 436 1183; baseline 0.003 -2"><span class='ocrx_word' id='word_1_107' title='bbox 137 1145 436 1183; x_wconf 75' lang='lat' dir='ltr'>abstractivam.</span> 
     </span>
    </p>

    <p class='ocr_par' dir='ltr' id='par_1_4' title="bbox 84 1204 1463 1487">
     <span class='ocr_line' id='line_1_16' title="bbox 84 1204 1459 1253; baseline 0.004 -12"><span class='ocrx_word' id='word_1_108' title='bbox 84 1208 120 1241; x_wconf 79' lang='lat'>15</span> <span class='ocrx_word' id='word_1_109' title='bbox 195 1205 272 1240; x_wconf 86' lang='lat' dir='ltr'>Sed</span> <span class='ocrx_word' id='word_1_110' title='bbox 296 1204 363 1241; x_wconf 86' lang='lat' dir='ltr'>illa</span> <span class='ocrx_word' id='word_1_111' title='bbox 385 1218 509 1253; x_wconf 82' lang='lat' dir='ltr'>parva</span> <span class='ocrx_word' id='word_1_112' title='bbox 533 1218 624 1242; x_wconf 89' lang='lat' dir='ltr'>cum</span> <span class='ocrx_word' id='word_1_113' title='bbox 648 1206 836 1244; x_wconf 81' lang='lat' dir='ltr'>virtuosis</span> <span class='ocrx_word' id='word_1_114' title='bbox 871 1207 1191 1245; x_wconf 85' lang='lat' dir='ltr'>circumstanciis</span> <span class='ocrx_word' id='word_1_115' title='bbox 1227 1209 1459 1246; x_wconf 85' lang='lat' dir='ltr'>modificata</span> 
     </span>
     <span class='ocr_line' id='line_1_17' title="bbox 136 1260 1458 1316; baseline 0.005 -18"><span class='ocrx_word' id='word_1_116' title='bbox 136 1260 176 1298; x_wconf 91' lang='lat' dir='ltr'>in</span> <span class='ocrx_word' id='word_1_117' title='bbox 213 1261 435 1299; x_wconf 74' lang='lat' dir='ltr'>viatoribus</span> <span class='ocrx_word' id='word_1_118' title='bbox 481 1264 636 1301; x_wconf 89' lang='lat' dir='ltr'>inducit</span> <span class='ocrx_word' id='word_1_119' title='bbox 680 1264 719 1300; x_wconf 89' lang='lat' dir='ltr'>in</span> <span class='ocrx_word' id='word_1_120' title='bbox 759 1266 909 1302; x_wconf 86' lang='lat' dir='ltr'>claram</span> <span class='ocrx_word' id='word_1_121' title='bbox 950 1266 1143 1303; x_wconf 82' lang='lat' dir='ltr'>noticiam</span> <span class='ocrx_word' id='word_1_122' title='bbox 1188 1269 1294 1316; x_wconf 91' lang='lat' dir='ltr'>quod</span> <span class='ocrx_word' id='word_1_123' title='bbox 1332 1270 1458 1304; x_wconf 85' lang='lat' dir='ltr'>Deum</span> 
     </span>
     <span class='ocr_line' id='line_1_18' title="bbox 136 1320 1460 1372; baseline 0.005 -17"><span class='ocrx_word' id='word_1_124' title='bbox 136 1320 361 1357; x_wconf 82' lang='lat' dir='ltr'>videbimus</span> <span class='ocrx_word' id='word_1_125' title='bbox 385 1322 486 1358; x_wconf 89' lang='lat' dir='ltr'>sicut</span> <span class='ocrx_word' id='word_1_126' title='bbox 510 1331 581 1369; x_wconf 83' lang='lat' dir='ltr'>est⁷</span> <span class='ocrx_word' id='word_1_127' title='bbox 609 1323 703 1372; x_wconf 88' lang='lat' dir='ltr'>quia</span> <span class='ocrx_word' id='word_1_128' title='bbox 726 1324 893 1361; x_wconf 86' lang='lat' dir='ltr'>Matthei</span> <span class='ocrx_word' id='word_1_129' title='bbox 927 1325 1135 1362; x_wconf 86' lang='lat' dir='ltr'>scribitur:</span> <span class='ocrx_word' id='word_1_130' title='bbox 1170 1326 1286 1362; x_wconf 70' lang='lat' dir='ltr'>Beati</span> <span class='ocrx_word' id='word_1_131' title='bbox 1317 1328 1460 1362; x_wconf 80' lang='lat' dir='ltr'>nnmdo</span> 
     </span>
     <span class='ocr_line' id='line_1_19' title="bbox 135 1380 1463 1430; baseline 0.005 -16"><span class='ocrx_word' id='word_1_132' title='bbox 135 1380 267 1423; x_wconf 78' lang='lat' dir='ltr'>corde,</span> <span class='ocrx_word' id='word_1_133' title='bbox 305 1380 392 1428; x_wconf 78' lang='lat' dir='ltr'>quia</span> <span class='ocrx_word' id='word_1_134' title='bbox 431 1381 507 1430; x_wconf 78' lang='lat' dir='ltr'>ipsi</span> <span class='ocrx_word' id='word_1_135' title='bbox 537 1382 664 1418; x_wconf 82' lang='lat' dir='ltr'>Deum</span> <span class='ocrx_word' id='word_1_136' title='bbox 711 1382 903 1419; x_wconf 74' lang='lat' dir='ltr'>videbunt.</span> <span class='ocrx_word' id='word_1_137' title='bbox 951 1385 1043 1421; x_wconf 84' lang='lat' dir='ltr'>Ideo</span> <span class='ocrx_word' id='word_1_138' title='bbox 1089 1383 1185 1420; x_wconf 88' lang='lat' dir='ltr'>dicit</span> <span class='ocrx_word' id='word_1_139' title='bbox 1229 1394 1377 1421; x_wconf 82' lang='lat' dir='ltr'>textus:</span> <span class='ocrx_word' id='word_1_140' title='bbox 1419 1385 1463 1420; x_wconf 74' lang='lat' dir='ltr'>Si</span> 
     </span>
     <span class='ocr_line' id='line_1_20' title="bbox 135 1437 1460 1487; baseline 0.006 -15"><span class='ocrx_word' id='word_1_141' title='bbox 135 1437 349 1487; x_wconf 72' lang='lat' dir='ltr'>diligamus</span> <span class='ocrx_word' id='word_1_142' title='bbox 386 1439 561 1485; x_wconf 70' lang='lat' dir='ltr'>invicem,</span> <span class='ocrx_word' id='word_1_143' title='bbox 594 1440 702 1476; x_wconf 81' lang='lat' dir='ltr'>Deus</span> <span class='ocrx_word' id='word_1_144' title='bbox 742 1441 777 1476; x_wconf 82' lang='lat' dir='ltr'>in</span> <span class='ocrx_word' id='word_1_145' title='bbox 817 1442 925 1478; x_wconf 74' lang='lat' dir='ltr'>nohis</span> <span class='ocrx_word' id='word_1_146' title='bbox 964 1450 1091 1479; x_wconf 81' lang='lat' dir='ltr'>manet</span> <span class='ocrx_word' id='word_1_147' title='bbox 1131 1450 1166 1479; x_wconf 85' lang='lat' dir='ltr'>et</span> <span class='ocrx_word' id='word_1_148' title='bbox 1203 1443 1348 1479; x_wconf 79' lang='lat' dir='ltr'>caritas</span> <span class='ocrx_word' id='word_1_149' title='bbox 1381 1443 1460 1479; x_wconf 81' lang='lat' dir='ltr'>eins</span> 
     </span>
    </p>

    <p class='ocr_par' dir='ltr' id='par_1_5' title="bbox 78 1495 1458 1779">
     <span class='ocr_line' id='line_1_21' title="bbox 78 1495 1458 1549; baseline 0.004 -17"><span class='ocrx_word' id='word_1_150' title='bbox 78 1511 119 1532; x_wconf 84' lang='lat'>20</span> <span class='ocrx_word' id='word_1_151' title='bbox 135 1495 170 1530; x_wconf 84' lang='lat' dir='ltr'>in</span> <span class='ocrx_word' id='word_1_152' title='bbox 205 1497 311 1532; x_wconf 79' lang='lat' dir='ltr'>nobis</span> <span class='ocrx_word' id='word_1_153' title='bbox 338 1499 518 1546; x_wconf 72' lang='lat' dir='ltr'>perfecta</span> <span class='ocrx_word' id='word_1_154' title='bbox 552 1505 618 1535; x_wconf 74' lang='lat' dir='ltr'>est.</span> <span class='ocrx_word' id='word_1_155' title='bbox 665 1501 767 1535; x_wconf 90' lang='lat' dir='ltr'>Nam</span> <span class='ocrx_word' id='word_1_156' title='bbox 809 1499 1012 1547; x_wconf 80' lang='lat' dir='ltr'>diligendo</span> <span class='ocrx_word' id='word_1_157' title='bbox 1053 1501 1258 1549; x_wconf 76' lang='lat' dir='ltr'>proximos</span> <span class='ocrx_word' id='word_1_158' title='bbox 1299 1511 1458 1539; x_wconf 84' lang='lat' dir='ltr'>nostros</span> 
     </span>
     <span class='ocr_line' id='line_1_22' title="bbox 135 1553 1458 1605; baseline 0.007 -17"><span class='ocrx_word' id='word_1_159' title='bbox 135 1553 173 1589; x_wconf 89' lang='lat' dir='ltr'>in</span> <span class='ocrx_word' id='word_1_160' title='bbox 200 1554 375 1591; x_wconf 78' lang='lat' dir='ltr'>Domino</span> <span class='ocrx_word' id='word_1_161' title='bbox 398 1555 507 1592; x_wconf 72' lang='lat' dir='ltr'>varie</span> <span class='ocrx_word' id='word_1_162' title='bbox 532 1558 659 1593; x_wconf 82' lang='lat' dir='ltr'>Deum</span> <span class='ocrx_word' id='word_1_163' title='bbox 691 1557 914 1605; x_wconf 81' lang='lat' dir='ltr'>diligimus3</span> <span class='ocrx_word' id='word_1_164' title='bbox 949 1568 986 1595; x_wconf 89' lang='lat' dir='ltr'>et</span> <span class='ocrx_word' id='word_1_165' title='bbox 1017 1559 1084 1596; x_wconf 90' lang='lat' dir='ltr'>illa</span> <span class='ocrx_word' id='word_1_166' title='bbox 1109 1559 1279 1596; x_wconf 89' lang='lat' dir='ltr'>dileccio</span> <span class='ocrx_word' id='word_1_167' title='bbox 1303 1559 1458 1596; x_wconf 88' lang='lat' dir='ltr'>inducit</span> 
     </span>
     <span class='ocr_line' id='line_1_23' title="bbox 136 1612 1458 1663; baseline 0.006 -16"><span class='ocrx_word' id='word_1_168' title='bbox 136 1612 399 1650; x_wconf 84' lang='lat' dir='ltr'>dileccionem</span> <span class='ocrx_word' id='word_1_169' title='bbox 425 1614 496 1651; x_wconf 88' lang='lat' dir='ltr'>Dei</span> <span class='ocrx_word' id='word_1_170' title='bbox 519 1614 726 1663; x_wconf 79' lang='lat' dir='ltr'>propriam</span> <span class='ocrx_word' id='word_1_171' title='bbox 753 1625 790 1652; x_wconf 91' lang='lat' dir='ltr'>et</span> <span class='ocrx_word' id='word_1_172' title='bbox 813 1616 1025 1663; x_wconf 83' lang='lat' dir='ltr'>sinceram,</span> <span class='ocrx_word' id='word_1_173' title='bbox 1060 1617 1162 1654; x_wconf 85' lang='lat' dir='ltr'>sicut</span> <span class='ocrx_word' id='word_1_174' title='bbox 1186 1627 1272 1655; x_wconf 85' lang='lat' dir='ltr'>ceta</span> <span class='ocrx_word' id='word_1_175' title='bbox 1306 1618 1458 1655; x_wconf 85' lang='lat' dir='ltr'>inducit</span> 
     </span>
     <span class='ocr_line' id='line_1_24' title="bbox 136 1670 1457 1723; baseline 0.005 -17"><span class='ocrx_word' id='word_1_176' title='bbox 136 1670 261 1707; x_wconf 84' lang='lat' dir='ltr'>filum.</span> <span class='ocrx_word' id='word_1_177' title='bbox 308 1673 401 1708; x_wconf 92' lang='lat' dir='ltr'>Ideo</span> <span class='ocrx_word' id='word_1_178' title='bbox 447 1672 486 1708; x_wconf 92' lang='lat' dir='ltr'>in</span> <span class='ocrx_word' id='word_1_179' title='bbox 530 1673 586 1709; x_wconf 88' lang='lat' dir='ltr'>sic</span> <span class='ocrx_word' id='word_1_180' title='bbox 631 1673 835 1721; x_wconf 83' lang='lat' dir='ltr'>diligendo</span> <span class='ocrx_word' id='word_1_181' title='bbox 880 1689 954 1723; x_wconf 89' lang='lat' dir='ltr'>pro</span> <span class='ocrx_word' id='word_1_182' title='bbox 998 1675 1062 1712; x_wconf 81' lang='lat' dir='ltr'>via</span> <span class='ocrx_word' id='word_1_183' title='bbox 1101 1678 1208 1713; x_wconf 90' lang='lat' dir='ltr'>Deus</span> <span class='ocrx_word' id='word_1_184' title='bbox 1256 1676 1297 1712; x_wconf 91' lang='lat' dir='ltr'>in</span> <span class='ocrx_word' id='word_1_185' title='bbox 1343 1677 1457 1713; x_wconf 86' lang='lat' dir='ltr'>nobis</span> 
     </span>
     <span class='ocr_line' id='line_1_25' title="bbox 136 1730 1457 1779; baseline 0.005 -14"><span class='ocrx_word' id='word_1_186' title='bbox 136 1738 270 1765; x_wconf 87' lang='lat' dir='ltr'>manet</span> <span class='ocrx_word' id='word_1_187' title='bbox 310 1743 381 1778; x_wconf 90' lang='lat' dir='ltr'>per</span> <span class='ocrx_word' id='word_1_188' title='bbox 413 1730 591 1779; x_wconf 80' lang='lat' dir='ltr'>graciam</span> <span class='ocrx_word' id='word_1_189' title='bbox 632 1731 800 1769; x_wconf 83' lang='lat' dir='ltr'>titillans</span> <span class='ocrx_word' id='word_1_190' title='bbox 842 1734 891 1769; x_wconf 88' lang='lat' dir='ltr'>ad</span> <span class='ocrx_word' id='word_1_191' title='bbox 926 1734 1189 1771; x_wconf 87' lang='lat' dir='ltr'>dileccionem</span> <span class='ocrx_word' id='word_1_192' title='bbox 1225 1735 1457 1771; x_wconf 86' lang='lat' dir='ltr'>huiusmodi</span> 
     </span>
    </p>

    <p class='ocr_par' dir='ltr' id='par_1_6' title="bbox 77 1790 1456 2076">
     <span class='ocr_line' id='line_1_26' title="bbox 77 1790 1456 1842; baseline 0.004 -18"><span class='ocrx_word' id='word_1_193' title='bbox 77 1792 171 1824; x_wconf 84' lang='lat' dir='ltr'>25et</span> <span class='ocrx_word' id='word_1_194' title='bbox 205 1790 428 1826; x_wconf 87' lang='lat' dir='ltr'>accendens</span> <span class='ocrx_word' id='word_1_195' title='bbox 462 1799 499 1826; x_wconf 87' lang='lat' dir='ltr'>et</span> <span class='ocrx_word' id='word_1_196' title='bbox 532 1802 613 1826; x_wconf 90' lang='lat' dir='ltr'>non</span> <span class='ocrx_word' id='word_1_197' title='bbox 645 1791 776 1827; x_wconf 88' lang='lat' dir='ltr'>solum</span> <span class='ocrx_word' id='word_1_198' title='bbox 810 1791 1004 1829; x_wconf 88' lang='lat' dir='ltr'>inducens</span> <span class='ocrx_word' id='word_1_199' title='bbox 1037 1792 1248 1830; x_wconf 90' lang='lat' dir='ltr'>caritatem</span> <span class='ocrx_word' id='word_1_200' title='bbox 1273 1793 1334 1830; x_wconf 87' lang='lat' dir='ltr'>vie</span> <span class='ocrx_word' id='word_1_201' title='bbox 1368 1806 1456 1842; x_wconf 90' lang='lat' dir='ltr'>per-</span> 
     </span>
     <span class='ocr_line' id='line_1_27' title="bbox 133 1846 1454 1899; baseline 0.006 -18"><span class='ocrx_word' id='word_1_202' title='bbox 133 1846 278 1882; x_wconf 89' lang='lat' dir='ltr'>fectam</span> <span class='ocrx_word' id='word_1_203' title='bbox 319 1849 386 1884; x_wconf 86' lang='lat' dir='ltr'>sed</span> <span class='ocrx_word' id='word_1_204' title='bbox 427 1857 690 1896; x_wconf 84' lang='lat' dir='ltr'>permanente</span> <span class='ocrx_word' id='word_1_205' title='bbox 736 1849 845 1886; x_wconf 86' lang='lat' dir='ltr'>finali</span> <span class='ocrx_word' id='word_1_206' title='bbox 891 1851 1198 1899; x_wconf 63' lang='lat' dir='ltr'>perseverancia</span> <span class='ocrx_word' id='word_1_207' title='bbox 1244 1851 1454 1888; x_wconf 87' lang='lat' dir='ltr'>caritatem</span> 
     </span>
     <span class='ocr_line' id='line_1_28' title="bbox 133 1904 1456 1952; baseline 0.005 -12"><span class='ocrx_word' id='word_1_208' title='bbox 133 1904 262 1952; x_wconf 85' lang='lat' dir='ltr'>patrie</span> <span class='ocrx_word' id='word_1_209' title='bbox 303 1915 642 1944; x_wconf 86' lang='lat' dir='ltr'>consummatam.</span> <span class='ocrx_word' id='word_1_210' title='bbox 689 1908 781 1944; x_wconf 87' lang='lat' dir='ltr'>Ideo</span> <span class='ocrx_word' id='word_1_211' title='bbox 814 1910 1016 1946; x_wconf 64' lang='lat' dir='ltr'>,Iohannes</span> <span class='ocrx_word' id='word_1_212' title='bbox 1056 1909 1275 1946; x_wconf 86' lang='lat' dir='ltr'>instructus</span> <span class='ocrx_word' id='word_1_213' title='bbox 1308 1910 1347 1946; x_wconf 92' lang='lat' dir='ltr'>in</span> <span class='ocrx_word' id='word_1_214' title='bbox 1381 1911 1456 1947; x_wconf 87' lang='lat' dir='ltr'>ista</span> 
     </span>
     <span class='ocr_line' id='line_1_29' title="bbox 132 1963 1455 2016; baseline 0.005 -18"><span class='ocrx_word' id='word_1_215' title='bbox 132 1963 242 1999; x_wconf 86' lang='lat' dir='ltr'>scola</span> <span class='ocrx_word' id='word_1_216' title='bbox 286 1966 394 2013; x_wconf 90' lang='lat' dir='ltr'>quod</span> <span class='ocrx_word' id='word_1_217' title='bbox 442 1966 549 2014; x_wconf 90' lang='lat' dir='ltr'>apud</span> <span class='ocrx_word' id='word_1_218' title='bbox 595 1968 724 2002; x_wconf 86' lang='lat' dir='ltr'>Deum</span> <span class='ocrx_word' id='word_1_219' title='bbox 777 1976 868 2003; x_wconf 86' lang='lat' dir='ltr'>sunt</span> <span class='ocrx_word' id='word_1_220' title='bbox 915 1976 1059 2004; x_wconf 91' lang='lat' dir='ltr'>cuncta</span> <span class='ocrx_word' id='word_1_221' title='bbox 1104 1968 1313 2016; x_wconf 86' lang='lat' dir='ltr'>presencia</span> <span class='ocrx_word' id='word_1_222' title='bbox 1359 1968 1455 2005; x_wconf 91' lang='lat' dir='ltr'>dicit</span> 
     </span>
     <span class='ocr_line' id='line_1_30' title="bbox 132 2021 1271 2076; baseline 0.005 -19"><span class='ocrx_word' id='word_1_223' title='bbox 132 2021 333 2059; x_wconf 87' lang='lat' dir='ltr'>subtiliter</span> <span class='ocrx_word' id='word_1_224' title='bbox 366 2024 475 2071; x_wconf 92' lang='lat' dir='ltr'>quod</span> <span class='ocrx_word' id='word_1_225' title='bbox 507 2024 543 2059; x_wconf 88' lang='lat' dir='ltr'>in</span> <span class='ocrx_word' id='word_1_226' title='bbox 577 2024 687 2060; x_wconf 78' lang='lat' dir='ltr'>nobis</span> <span class='ocrx_word' id='word_1_227' title='bbox 718 2024 785 2060; x_wconf 85' lang='lat' dir='ltr'>illa</span> <span class='ocrx_word' id='word_1_228' title='bbox 819 2026 965 2062; x_wconf 72' lang='lat' dir='ltr'>caritas</span> <span class='ocrx_word' id='word_1_229' title='bbox 997 2034 1053 2062; x_wconf 82' lang='lat' dir='ltr'>est</span> <span class='ocrx_word' id='word_1_230' title='bbox 1079 2027 1271 2076; x_wconf 69' lang='lat' dir='ltr'>perfecta.</span> 
     </span>
    </p>

    <p class='ocr_par' dir='ltr' id='par_1_7' title="bbox 77 2080 1453 2366">
     <span class='ocr_line' id='line_1_31' title="bbox 77 2080 1453 2131; baseline 0.005 -16"><span class='ocrx_word' id='word_1_231' title='bbox 77 2084 118 2116; x_wconf 83' lang='lat'>30</span> <span class='ocrx_word' id='word_1_232' title='bbox 191 2080 268 2116; x_wconf 85' lang='lat' dir='ltr'>Sed</span> <span class='ocrx_word' id='word_1_233' title='bbox 292 2080 386 2129; x_wconf 87' lang='lat' dir='ltr'>quia</span> <span class='ocrx_word' id='word_1_234' title='bbox 418 2081 547 2118; x_wconf 88' lang='lat' dir='ltr'>viator</span> <span class='ocrx_word' id='word_1_235' title='bbox 571 2082 772 2119; x_wconf 88' lang='lat' dir='ltr'>desiderat</span> <span class='ocrx_word' id='word_1_236' title='bbox 805 2083 977 2120; x_wconf 88' lang='lat' dir='ltr'>maxime</span> <span class='ocrx_word' id='word_1_237' title='bbox 1010 2084 1131 2121; x_wconf 87' lang='lat' dir='ltr'>istum</span> <span class='ocrx_word' id='word_1_238' title='bbox 1164 2093 1328 2131; x_wconf 81' lang='lat' dir='ltr'>statum,</span> <span class='ocrx_word' id='word_1_239' title='bbox 1362 2085 1453 2122; x_wconf 89' lang='lat' dir='ltr'>ideo</span> 
     </span>
     <span class='ocr_line' id='line_1_32' title="bbox 130 2136 1453 2189; baseline 0.005 -16"><span class='ocrx_word' id='word_1_240' title='bbox 130 2136 331 2175; x_wconf 89' lang='lat' dir='ltr'>Johannes</span> <span class='ocrx_word' id='word_1_241' title='bbox 390 2141 507 2176; x_wconf 87' lang='lat' dir='ltr'>docet</span> <span class='ocrx_word' id='word_1_242' title='bbox 560 2153 640 2189; x_wconf 91' lang='lat' dir='ltr'>qua</span> <span class='ocrx_word' id='word_1_243' title='bbox 693 2141 997 2189; x_wconf 87' lang='lat' dir='ltr'>experimentali</span> <span class='ocrx_word' id='word_1_244' title='bbox 1053 2142 1204 2179; x_wconf 89' lang='lat' dir='ltr'>noticia</span> <span class='ocrx_word' id='word_1_245' title='bbox 1261 2145 1453 2180; x_wconf 88' lang='lat' dir='ltr'>debemus</span> 
     </span>
     <span class='ocr_line' id='line_1_33' title="bbox 132 2198 1451 2248; baseline 0.005 -16"><span class='ocrx_word' id='word_1_246' title='bbox 132 2208 375 2243; x_wconf 86' lang='lat' dir='ltr'>cognoscere</span> <span class='ocrx_word' id='word_1_247' title='bbox 408 2198 672 2246; x_wconf 88' lang='lat' dir='ltr'>probabiliter</span> <span class='ocrx_word' id='word_1_248' title='bbox 715 2212 788 2236; x_wconf 89' lang='lat' dir='ltr'>nos</span> <span class='ocrx_word' id='word_1_249' title='bbox 832 2200 965 2248; x_wconf 89' lang='lat' dir='ltr'>ipsum</span> <span class='ocrx_word' id='word_1_250' title='bbox 1007 2201 1153 2238; x_wconf 86' lang='lat' dir='ltr'>habere</span> <span class='ocrx_word' id='word_1_251' title='bbox 1193 2210 1229 2237; x_wconf 88' lang='lat' dir='ltr'>et</span> <span class='ocrx_word' id='word_1_252' title='bbox 1273 2214 1451 2239; x_wconf 85' lang='lat' dir='ltr'>servare:</span> 
     </span>
     <span class='ocr_line' id='line_1_34' title="bbox 131 2254 1453 2308; baseline 0.006 -19"><span class='ocrx_word' id='word_1_253' title='bbox 131 2254 173 2289; x_wconf 87' lang='lat' dir='ltr'>In</span> <span class='ocrx_word' id='word_1_254' title='bbox 219 2255 303 2302; x_wconf 75' lang='lat' dir='ltr'>hoc,</span> <span class='ocrx_word' id='word_1_255' title='bbox 347 2255 489 2304; x_wconf 67' lang='lat' dir='ltr'>inquit,</span> <span class='ocrx_word' id='word_1_256' title='bbox 535 2258 818 2307; x_wconf 73' lang='lat' dir='ltr'>cognoscimus,</span> <span class='ocrx_word' id='word_1_257' title='bbox 863 2259 1040 2308; x_wconf 81' lang='lat' dir='ltr'>quoniam</span> <span class='ocrx_word' id='word_1_258' title='bbox 1086 2260 1122 2295; x_wconf 89' lang='lat' dir='ltr'>in</span> <span class='ocrx_word' id='word_1_259' title='bbox 1167 2272 1209 2296; x_wconf 84' lang='lat' dir='ltr'>eo</span> <span class='ocrx_word' id='word_1_260' title='bbox 1255 2273 1453 2297; x_wconf 78' lang='lat' dir='ltr'>manemus</span> 
     </span>
     <span class='ocr_line' id='line_1_35' title="bbox 131 2313 1450 2366; baseline 0.005 -18"><span class='ocrx_word' id='word_1_261' title='bbox 131 2319 165 2348; x_wconf 85' lang='lat' dir='ltr'>et</span> <span class='ocrx_word' id='word_1_262' title='bbox 209 2313 289 2362; x_wconf 79' lang='lat' dir='ltr'>ipse</span> <span class='ocrx_word' id='word_1_263' title='bbox 332 2314 368 2349; x_wconf 86' lang='lat' dir='ltr'>in</span> <span class='ocrx_word' id='word_1_264' title='bbox 413 2315 532 2360; x_wconf 82' lang='lat' dir='ltr'>nobis,</span> <span class='ocrx_word' id='word_1_265' title='bbox 576 2316 753 2364; x_wconf 82' lang='lat' dir='ltr'>quoniam</span> <span class='ocrx_word' id='word_1_266' title='bbox 800 2317 846 2353; x_wconf 81' lang='lat' dir='ltr'>de</span> <span class='ocrx_word' id='word_1_267' title='bbox 891 2317 1030 2366; x_wconf 81' lang='lat' dir='ltr'>spiritu</span> <span class='ocrx_word' id='word_1_268' title='bbox 1075 2330 1143 2354; x_wconf 85' lang='lat' dir='ltr'>suo</span> <span class='ocrx_word' id='word_1_269' title='bbox 1189 2318 1294 2354; x_wconf 83' lang='lat' dir='ltr'>dedit</span> <span class='ocrx_word' id='word_1_270' title='bbox 1333 2319 1450 2355; x_wconf 79' lang='lat' dir='ltr'>nobis.</span> 
     </span>
    </p>

    <p class='ocr_par' dir='ltr' id='par_1_8' title="bbox 76 2370 1452 2658">
     <span class='ocr_line' id='line_1_36' title="bbox 76 2370 1452 2422; baseline 0.004 -14"><span class='ocrx_word' id='word_1_271' title='bbox 76 2375 115 2408; x_wconf 84' lang='lat'>35</span> <span class='ocrx_word' id='word_1_272' title='bbox 131 2371 230 2407; x_wconf 90' lang='lat' dir='ltr'>Arre</span> <span class='ocrx_word' id='word_1_273' title='bbox 261 2370 422 2420; x_wconf 88' lang='lat' dir='ltr'>quidem</span> <span class='ocrx_word' id='word_1_274' title='bbox 456 2385 527 2421; x_wconf 90' lang='lat' dir='ltr'>per</span> <span class='ocrx_word' id='word_1_275' title='bbox 556 2386 655 2422; x_wconf 90' lang='lat' dir='ltr'>quas</span> <span class='ocrx_word' id='word_1_276' title='bbox 694 2387 907 2422; x_wconf 88' lang='lat' dir='ltr'>possumus</span> <span class='ocrx_word' id='word_1_277' title='bbox 941 2375 1146 2412; x_wconf 85' lang='lat' dir='ltr'>confidere</span> <span class='ocrx_word' id='word_1_278' title='bbox 1183 2389 1257 2412; x_wconf 88' lang='lat' dir='ltr'>nos</span> <span class='ocrx_word' id='word_1_279' title='bbox 1291 2389 1452 2413; x_wconf 87' lang='lat' dir='ltr'>currere</span> 
     </span>
     <span class='ocr_line' id='line_1_37' title="bbox 131 2427 1452 2483; baseline 0.006 -19"><span class='ocrx_word' id='word_1_280' title='bbox 131 2427 171 2464; x_wconf 88' lang='lat' dir='ltr'>in</span> <span class='ocrx_word' id='word_1_281' title='bbox 196 2429 356 2466; x_wconf 87' lang='lat' dir='ltr'>Christo</span> <span class='ocrx_word' id='word_1_282' title='bbox 380 2432 430 2467; x_wconf 91' lang='lat' dir='ltr'>ad</span> <span class='ocrx_word' id='word_1_283' title='bbox 454 2431 627 2479; x_wconf 88' lang='lat' dir='ltr'>patriam</span> <span class='ocrx_word' id='word_1_284' title='bbox 663 2441 699 2469; x_wconf 90' lang='lat' dir='ltr'>et</span> <span class='ocrx_word' id='word_1_285' title='bbox 723 2432 854 2481; x_wconf 88' lang='lat' dir='ltr'>ipsum</span> <span class='ocrx_word' id='word_1_286' title='bbox 890 2433 930 2469; x_wconf 91' lang='lat' dir='ltr'>in</span> <span class='ocrx_word' id='word_1_287' title='bbox 962 2433 1077 2470; x_wconf 88' lang='lat' dir='ltr'>nobis</span> <span class='ocrx_word' id='word_1_288' title='bbox 1111 2446 1349 2482; x_wconf 88' lang='lat' dir='ltr'>permanere</span> <span class='ocrx_word' id='word_1_289' title='bbox 1382 2447 1452 2483; x_wconf 88' lang='lat' dir='ltr'>per</span> 
     </span>
     <span class='ocr_line' id='line_1_38' title="bbox 132 2487 1451 2540; baseline 0.005 -17"><span class='ocrx_word' id='word_1_290' title='bbox 132 2487 323 2535; x_wconf 82' lang='lat' dir='ltr'>graciam,</span> <span class='ocrx_word' id='word_1_291' title='bbox 366 2498 456 2525; x_wconf 87' lang='lat' dir='ltr'>sunt</span> <span class='ocrx_word' id='word_1_292' title='bbox 495 2489 569 2526; x_wconf 84' lang='lat' dir='ltr'>iste</span> <span class='ocrx_word' id='word_1_293' title='bbox 608 2492 717 2539; x_wconf 87' lang='lat' dir='ltr'>quod</span> <span class='ocrx_word' id='word_1_294' title='bbox 751 2493 856 2528; x_wconf 88' lang='lat' dir='ltr'>Deus</span> <span class='ocrx_word' id='word_1_295' title='bbox 897 2492 1155 2540; x_wconf 87' lang='lat' dir='ltr'>participavit</span> <span class='ocrx_word' id='word_1_296' title='bbox 1193 2493 1310 2529; x_wconf 88' lang='lat' dir='ltr'>nobis</span> <span class='ocrx_word' id='word_1_297' title='bbox 1345 2494 1451 2530; x_wconf 90' lang='lat' dir='ltr'>dona</span> 
     </span>
     <span class='ocr_line' id='line_1_39' title="bbox 132 2546 1452 2599; baseline 0.005 -18"><span class='ocrx_word' id='word_1_298' title='bbox 132 2546 269 2582; x_wconf 86' lang='lat' dir='ltr'>Sancti</span> <span class='ocrx_word' id='word_1_299' title='bbox 303 2546 476 2594; x_wconf 88' lang='lat' dir='ltr'>Spiritus</span> <span class='ocrx_word' id='word_1_300' title='bbox 516 2550 624 2596; x_wconf 88' lang='lat' dir='ltr'>quod</span> <span class='ocrx_word' id='word_1_301' title='bbox 664 2549 914 2597; x_wconf 85' lang='lat' dir='ltr'>experiencia</span> <span class='ocrx_word' id='word_1_302' title='bbox 960 2550 1160 2598; x_wconf 83' lang='lat' dir='ltr'>possimus</span> <span class='ocrx_word' id='word_1_303' title='bbox 1209 2564 1452 2599; x_wconf 82' lang='lat' dir='ltr'>cognoscere</span> 
     </span>
     <span class='ocr_line' id='line_1_40' title="bbox 131 2604 1451 2658; baseline 0.005 -18"><span class='ocrx_word' id='word_1_304' title='bbox 131 2613 168 2640; x_wconf 89' lang='lat' dir='ltr'>et</span> <span class='ocrx_word' id='word_1_305' title='bbox 208 2604 362 2641; x_wconf 87' lang='lat' dir='ltr'>effectu.</span> <span class='ocrx_word' id='word_1_306' title='bbox 410 2605 516 2651; x_wconf 87' lang='lat' dir='ltr'>Quid</span> <span class='ocrx_word' id='word_1_307' title='bbox 557 2606 662 2643; x_wconf 90' lang='lat' dir='ltr'>enim</span> <span class='ocrx_word' id='word_1_308' title='bbox 703 2616 761 2644; x_wconf 89' lang='lat' dir='ltr'>est</span> <span class='ocrx_word' id='word_1_309' title='bbox 801 2607 916 2644; x_wconf 88' lang='lat' dir='ltr'>nobis</span> <span class='ocrx_word' id='word_1_310' title='bbox 956 2608 1129 2650; x_wconf 80' lang='lat' dir='ltr'>noticius</span> <span class='ocrx_word' id='word_1_311' title='bbox 1169 2622 1291 2658; x_wconf 89' lang='lat' dir='ltr'>quam</span> <span class='ocrx_word' id='word_1_312' title='bbox 1339 2619 1451 2646; x_wconf 89' lang='lat' dir='ltr'>actus</span> 
     </span>
    </p>
   </div>
   <div class='ocr_carea' id='block_1_3' title="bbox 128 2750 1449 2918">
    <p class='ocr_par' dir='ltr' id='par_1_9' title="bbox 128 2750 1449 2918">
     <span class='ocr_line' id='line_1_41' title="bbox 197 2750 1449 2795; baseline 0.005 -18"><span class='ocrx_word' id='word_1_313' title='bbox 197 2758 243 2792; x_wconf 59' lang='lat'>227.</span> <span class='ocrx_word' id='word_1_314' title='bbox 264 2750 359 2791; x_wconf 77' lang='lat' dir='ltr'>qu.:</span> <span class='ocrx_word' id='word_1_315' title='bbox 381 2757 615 2786; x_wconf 81' lang='lat' dir='ltr'>consummata;</span> <span class='ocrx_word' id='word_1_316' title='bbox 645 2753 686 2780; x_wconf 87' lang='lat' dir='ltr'>ib.</span> <span class='ocrx_word' id='word_1_317' title='bbox 708 2753 804 2795; x_wconf 39' lang='lat'>(3034</span> <span class='ocrx_word' id='word_1_318' title='bbox 826 2753 895 2781; x_wconf 82' lang='lat' dir='ltr'>ideo</span> <span class='ocrx_word' id='word_1_319' title='bbox 917 2754 962 2793; x_wconf 75' lang='lat' dir='ltr'>Jo.</span> <span class='ocrx_word' id='word_1_320' title='bbox 1060 2754 1106 2783; x_wconf 83' lang='lat'>30.</span> <span class='ocrx_word' id='word_1_321' title='bbox 1128 2755 1224 2783; x_wconf 82' lang='lat' dir='ltr'>Cod.:</span> <span class='ocrx_word' id='word_1_322' title='bbox 1247 2755 1449 2783; x_wconf 81' lang='lat' dir='ltr'>desiderator.</span> 
     </span>
     <span class='ocr_line' id='line_1_42' title="bbox 128 2783 1020 2825; baseline 0.004 -12"><span class='ocrx_word' id='word_1_323' title='bbox 128 2783 171 2813; x_wconf 83' lang='lat'>32.</span> <span class='ocrx_word' id='word_1_324' title='bbox 187 2786 283 2813; x_wconf 67' lang='lat' dir='ltr'>Lod.:</span> <span class='ocrx_word' id='word_1_325' title='bbox 305 2795 408 2822; x_wconf 83' lang='lat' dir='ltr'>ipsum</span> <span class='ocrx_word' id='word_1_326' title='bbox 425 2787 535 2814; x_wconf 80' lang='lat' dir='ltr'>habere</span> <span class='ocrx_word' id='word_1_327' title='bbox 550 2795 682 2814; x_wconf 81' lang='lat' dir='ltr'>servare.</span> <span class='ocrx_word' id='word_1_328' title='bbox 757 2795 802 2815; x_wconf 66' lang='lat'>³0.</span> <span class='ocrx_word' id='word_1_329' title='bbox 825 2788 922 2816; x_wconf 86' lang='lat' dir='ltr'>Cod.:</span> <span class='ocrx_word' id='word_1_330' title='bbox 944 2798 1020 2825; x_wconf 80' lang='lat' dir='ltr'>ipse.</span> 
     </span>
     <span class='ocr_line' id='line_1_43' title="bbox 199 2870 1449 2918; baseline 0.003 -16"><span class='ocrx_word' id='word_1_331' title='bbox 199 2882 230 2909; x_wconf 68' lang='lat'>4.</span> <span class='ocrx_word' id='word_1_332' title='bbox 271 2871 292 2902; x_wconf 80' lang='lat'>1.</span> <span class='ocrx_word' id='word_1_333' title='bbox 331 2870 409 2903; x_wconf 83' lang='lat' dir='ltr'>Joh.</span> <span class='ocrx_word' id='word_1_334' title='bbox 449 2871 503 2911; x_wconf 83' lang='lat' dir='ltr'>IV,</span> <span class='ocrx_word' id='word_1_335' title='bbox 548 2881 597 2904; x_wconf 81' lang='lat'>¹2.</span> <span class='ocrx_word' id='word_1_336' title='bbox 775 2883 825 2905; x_wconf 85' lang='lat'>10.</span> <span class='ocrx_word' id='word_1_337' title='bbox 865 2873 940 2905; x_wconf 84' lang='lat' dir='ltr'>Job.</span> <span class='ocrx_word' id='word_1_338' title='bbox 982 2874 1041 2912; x_wconf 78' lang='lat' dir='ltr'>tx,</span> <span class='ocrx_word' id='word_1_339' title='bbox 1086 2885 1142 2914; x_wconf 81' lang='lat'>11;</span> <span class='ocrx_word' id='word_1_340' title='bbox 1184 2875 1306 2914; x_wconf 83' lang='lat' dir='ltr'>XXIII,</span> <span class='ocrx_word' id='word_1_341' title='bbox 1346 2875 1379 2915; x_wconf 87' lang='lat'>8,</span> <span class='ocrx_word' id='word_1_342' title='bbox 1417 2888 1449 2918; x_wconf 64' lang='lat'>9.</span> 
     </span>
    </p>
   </div>
   <div class='ocr_carea' id='block_1_4' title="bbox 137 2917 1193 2959">
    <p class='ocr_par' dir='ltr' id='par_1_10' title="bbox 137 2917 1193 2959">
     <span class='ocr_line' id='line_1_44' title="bbox 137 2917 1193 2959; baseline 0.005 -11"><span class='ocrx_word' id='word_1_343' title='bbox 137 2926 185 2958; x_wconf 78' lang='lat'>17.</span> <span class='ocrx_word' id='word_1_344' title='bbox 212 2917 333 2949; x_wconf 83' lang='lat' dir='ltr'>Matth.</span> <span class='ocrx_word' id='word_1_345' title='bbox 354 2919 395 2959; x_wconf 85' lang='lat' dir='ltr'>V,</span> <span class='ocrx_word' id='word_1_346' title='bbox 422 2918 454 2950; x_wconf 77' lang='lat'>8.</span> <span class='ocrx_word' id='word_1_347' title='bbox 558 2918 606 2950; x_wconf 84' lang='lat'>18.</span> <span class='ocrx_word' id='word_1_348' title='bbox 634 2919 658 2950; x_wconf 92' lang='grc' dir='ltr'>Ι.</span> <span class='ocrx_word' id='word_1_349' title='bbox 684 2920 763 2951; x_wconf 83' lang='lat' dir='ltr'>Joh.</span> <span class='ocrx_word' id='word_1_350' title='bbox 792 2920 848 2959; x_wconf 86' lang='lat' dir='ltr'>IV,</span> <span class='ocrx_word' id='word_1_351' title='bbox 882 2931 930 2952; x_wconf 79' lang='lat'>12.</span> <span class='ocrx_word' id='word_1_352' title='bbox 1029 2921 1082 2953; x_wconf 83' lang='lat'>33.</span> <span class='ocrx_word' id='word_1_353' title='bbox 1111 2921 1193 2953; x_wconf 87' lang='lat' dir='ltr'>ibid.</span> 
     </span>
    </p>
   </div>
   <div class='ocr_carea' id='block_1_5' title="bbox 1315 2980 1329 2998">
    <p class='ocr_par' dir='ltr' id='par_1_11' title="bbox 1315 2980 1329 2998">
     <span class='ocr_line' id='line_1_45' title="bbox 1315 2980 1329 2998; baseline 0 0"><span class='ocrx_word' id='word_1_354' title='bbox 1315 2980 1329 2998; x_wconf 55' lang='grc' dir='ltr'>Υ,</span> 
     </span>
    </p>
   </div>
   <div class='ocr_carea' id='block_1_6' title="bbox 1265 2990 1303 3024">
    <p class='ocr_par' dir='ltr' id='par_1_12' title="bbox 1265 2990 1303 3024">
     <span class='ocr_line' id='line_1_46' title="bbox 1265 2990 1303 3024; baseline 0 0"><span class='ocrx_word' id='word_1_355' title='bbox 1265 2990 1303 3024; x_wconf 73' lang='lat'>¹9</span> 
     </span>
    </p>
   </div>
   <div class='ocr_carea' id='block_1_7' title="bbox 1488 2091 1731 2233">
    <p class='ocr_par' dir='ltr' id='par_1_13' title="bbox 1490 2091 1729 2129">
     <span class='ocr_line' id='line_1_47' title="bbox 1490 2091 1729 2129; baseline 0.008 -10"><span class='ocrx_word' id='word_1_356' title='bbox 1490 2091 1570 2119; x_wconf 75' lang='lat' dir='ltr'>How</span> <span class='ocrx_word' id='word_1_357' title='bbox 1592 2100 1638 2119; x_wconf 75' lang='lat' dir='ltr'>we</span> <span class='ocrx_word' id='word_1_358' title='bbox 1659 2100 1729 2129; x_wconf 72' lang='lat' dir='ltr'>may</span> 
     </span>
    </p>

    <p class='ocr_par' dir='ltr' id='par_1_14' title="bbox 1488 2127 1731 2155">
     <span class='ocr_line' id='line_1_48' title="bbox 1488 2127 1731 2155; baseline 0.004 -1"><span class='ocrx_word' id='word_1_359' title='bbox 1488 2127 1579 2154; x_wconf 76' lang='lat' dir='ltr'>know</span> <span class='ocrx_word' id='word_1_360' title='bbox 1600 2127 1665 2155; x_wconf 84' lang='lat' dir='ltr'>that</span> <span class='ocrx_word' id='word_1_361' title='bbox 1686 2137 1731 2155; x_wconf 79' lang='lat' dir='ltr'>we</span> 
     </span>
    </p>

    <p class='ocr_par' dir='ltr' id='par_1_15' title="bbox 1492 2162 1728 2233">
     <span class='ocr_line' id='line_1_49' title="bbox 1492 2162 1728 2190; baseline 0.004 -1"><span class='ocrx_word' id='word_1_362' title='bbox 1492 2170 1542 2189; x_wconf 85' lang='lat' dir='ltr'>are</span> <span class='ocrx_word' id='word_1_363' title='bbox 1563 2162 1593 2189; x_wconf 85' lang='lat' dir='ltr'>in</span> <span class='ocrx_word' id='word_1_364' title='bbox 1615 2171 1631 2189; x_wconf 87' lang='lat' dir='ltr'>a</span> <span class='ocrx_word' id='word_1_365' title='bbox 1652 2167 1728 2190; x_wconf 81' lang='lat' dir='ltr'>state</span> 
     </span>
     <span class='ocr_line' id='line_1_50' title="bbox 1533 2197 1682 2233; baseline 0.013 -10"><span class='ocrx_word' id='word_1_366' title='bbox 1533 2197 1567 2224; x_wconf 86' lang='lat' dir='ltr'>of</span> <span class='ocrx_word' id='word_1_367' title='bbox 1584 2205 1682 2233; x_wconf 82' lang='lat' dir='ltr'>grace.</span> 
     </span>
    </p>
   </div>
   <div class='ocr_carea' id='block_1_8' title="bbox 1466 2442 1743 2548">
    <p class='ocr_par' dir='ltr' id='par_1_16' title="bbox 1466 2442 1743 2548">
     <span class='ocr_line' id='line_1_51' title="bbox 1477 2442 1735 2470; baseline 0 0"><span class='ocrx_word' id='word_1_368' title='bbox 1477 2442 1506 2470; x_wconf 76' lang='lat' dir='ltr'>If</span> <span class='ocrx_word' id='word_1_369' title='bbox 1523 2450 1568 2469; x_wconf 74' lang='lat' dir='ltr'>we</span> <span class='ocrx_word' id='word_1_370' title='bbox 1590 2443 1665 2470; x_wconf 78' lang='lat' dir='ltr'>have</span> <span class='ocrx_word' id='word_1_371' title='bbox 1685 2443 1735 2470; x_wconf 79' lang='lat' dir='ltr'>the</span> 
     </span>
     <span class='ocr_line' id='line_1_52' title="bbox 1466 2477 1743 2514; baseline 0.004 -10"><span class='ocrx_word' id='word_1_372' title='bbox 1466 2477 1537 2512; x_wconf 67' lang='lat' dir='ltr'>gifts</span> <span class='ocrx_word' id='word_1_373' title='bbox 1553 2478 1588 2504; x_wconf 86' lang='lat' dir='ltr'>of</span> <span class='ocrx_word' id='word_1_374' title='bbox 1599 2478 1648 2505; x_wconf 79' lang='lat' dir='ltr'>the</span> <span class='ocrx_word' id='word_1_375' title='bbox 1663 2478 1743 2514; x_wconf 69' lang='lat' dir='ltr'>Hoiy</span> 
     </span>
     <span class='ocr_line' id='line_1_53' title="bbox 1553 2513 1660 2548; baseline -0.009 -8"><span class='ocrx_word' id='word_1_376' title='bbox 1553 2513 1660 2548; x_wconf 75' lang='lat' dir='ltr'>Spirit.</span> 
     </span>
    </p>
   </div>
  </div>
 </body>
</html>
