1944 3323
205 217 281 262 376
787 221 1009 253 JOHANle
1028 220 1211 252 WYCLIF
1229 219 1485 252 SERMONUM
1516 204 1667 262 [SERMO
1688 216 1795 244 Κων-

202 337 232 364 In
255 336 366 375 seuiug
390 336 476 362 other
548 330 595 364 Et
630 337 782 364 certum
819 335 876 363 est
909 327 1016 374 quod
1051 325 1278 374 quicunque
1311 325 1400 362 talis
1434 324 1550 361 fuerit
1589 333 1795 373 tamquam

210 371 466 432 ¹⁰(¹ff‚¹}¹,¹2{“2¹}}‘[⁸⁹
490 387 630 435 plenus
663 385 807 434 spiritu
850 383 1051 420 diabolico
1091 392 1127 420 et
1164 385 1298 421 volens
1337 383 1535 420 desideria
1575 383 1699 431 patris
1737 384 1796 419 sui

210 439 455 502 fisssshfggffigffl'
489 444 633 489 facere,
658 442 838 491 loquitur
859 443 979 478 verba
1003 441 1078 477 ista
1102 454 1184 478 sua.
1219 443 1332 478 Unde
1355 441 1573 489 Apostolus
1596 441 1797 488 signanter

303 492 310 502 ι
454 495 460 500 '
489 501 709 549 subiungit:
751 501 840 535 Ideo
878 507 1007 535 notum
1047 500 1150 535 vobis
1176 500 1288 549 facio
1321 500 1422 548 quod
1453 511 1560 534 nemo
1592 499 1628 534 in
1659 499 1796 548 spiritu

488 560 564 595 Dei
585 560 742 608 loquens
766 557 856 593 dicit
877 557 1079 592 anathema
1101 557 1200 593 Jesu.
1236 557 1473 605 Quicunque
1505 555 1610 592 enim
1644 556 1829 604 magni-5

489 617 582 653 ficat
628 615 872 652 tradiciones
911 627 1001 651 suas
1041 615 1241 652 contrarie
1280 614 1531 651 ordinacioni
1570 616 1661 650 Jesu
1701 613 1796 650 dicit

488 674 684 723 implicite
723 674 845 709 verbo
890 681 927 708 et
970 685 1091 720 opere
1131 674 1239 722 quod
1276 674 1387 709 Jesus
1428 671 1796 709 excommunicatus

487 732 615 769 fuerat
657 732 718 768 vel
762 729 910 767 divisus
954 743 975 766 a
1021 732 1119 780 Deo,
1164 740 1201 767 et
1243 730 1298 767 sic
1342 730 1438 767 dicit
1483 730 1557 766 sibi
1601 729 1795 778 implicite

487 791 714 827 anathema.
749 790 797 824 Et
831 801 920 824 cum
945 787 1116 836 Spiritus
1141 791 1310 825 Sanctus
1342 801 1479 836 ymmo
1512 796 1597 824 tota
1618 787 1794 824 Trinitas

489 849 689 896 approbat
729 854 871 883 cuncta
916 845 998 882 eius
1043 859 1166 894 opera
1210 855 1330 895 atque
1375 846 1494 891 dicta,
1540 854 1649 893 patet
1688 847 1795 894 quod
1817 857 1853 879 ιο

488 907 618 942 nullus
661 904 751 942 talis
785 903 852 952 qui
892 916 935 940 ex
973 905 1212 941 auctoritate
1246 903 1416 952 Spiritus
1449 903 1585 940 Sancti
1618 903 1796 952 loquitur

488 963 659 1012 imponit
700 961 860 999 Christo
906 961 1137 999 huiusmodi
1183 964 1411 999 anathema.
1457 964 1506 998 Et
1544 970 1655 1009 patet
1693 962 1796 998 blas-

487 1021 650 1070 phemia
688 1029 943 1068 satraparum
985 1019 1052 1068 qui
1092 1020 1264 1056 innuunt
1302 1019 1496 1068 implicite
1535 1019 1641 1056 ultra
1680 1021 1795 1056 Sara-

488 1092 607 1116 cenos
639 1079 700 1115 vel
733 1090 1014 1126 quamcunque
1047 1087 1196 1115 sectam
1230 1077 1451 1114 infidelium
1486 1079 1593 1126 quod
1617 1077 1796 1114 Christus

488 1138 527 1174 in
561 1136 790 1174 tradicione
822 1147 892 1171 sue
924 1135 1019 1183 legis
1059 1136 1427 1173 excommunicatus
1465 1136 1594 1172 fuerat
1633 1144 1670 1171 et
1709 1136 1853 1183 per-15

486 1208 636 1232 versus.
672 1193 750 1242 Ipsi
784 1193 823 1229 in
855 1193 984 1229 verbis
1017 1195 1191 1231 fatentur
1224 1195 1331 1243 quod
1365 1202 1456 1230 sunt
1484 1193 1565 1230 veri
1590 1202 1626 1230 et
1651 1206 1797 1241 appro-

488 1256 585 1290 bant
618 1252 822 1290 Christum
857 1253 984 1287 Deum
1025 1254 1092 1288 sed
1131 1252 1244 1289 factis
1284 1264 1464 1300 expresse
1503 1260 1661 1299 negant,
1705 1264 1794 1287 cum

488 1312 527 1347 in
575 1324 615 1347 re
659 1312 893 1346 subvertunt
938 1309 1021 1346 eius
1067 1310 1371 1347 ordinacionem
1418 1322 1463 1346 ac
1506 1310 1631 1357 legem
1679 1309 1796 1356 longe

489 1368 690 1417 copiosius
724 1379 844 1415 quam
884 1366 1035 1404 faciunt
1069 1368 1272 1404 Saraceni.
1318 1367 1394 1404 Ubi
1427 1371 1581 1415 (queso)
1616 1379 1794 1415 unquam

487 1426 668 1464 auditum
710 1434 770 1462 est
810 1424 936 1460 eciam
978 1425 1079 1462 inter
1113 1427 1253 1462 Iudeos
1293 1427 1401 1474 quod
1440 1425 1507 1473 qui
1547 1424 1669 1472 gratis
1708 1437 1796 1472 pre·
1812 1434 1853 1455 20

488 1483 681 1521 dicaverit
726 1482 874 1519 Christi
920 1484 1170 1531 evangelium
1218 1483 1369 1520 carceri
1417 1483 1680 1531 mancipetur,
1727 1482 1795 1531 qui

487 1552 620 1579 autem
655 1539 910 1577 discolariter
934 1541 1265 1578 trutannizaverit
1289 1550 1325 1577 et
1348 1541 1577 1589 symoniace
1601 1542 1795 1589 populum

486 1598 717 1648 spoliaverit
755 1600 1025 1646 approbetur?
1071 1601 1157 1636 Hoc
1190 1608 1322 1636 autem
1364 1608 1421 1635 est
1466 1599 1614 1635 malum
1656 1611 1677 1635 a
1717 1610 1796 1647 quo

487 1660 633 1695 habent
674 1656 744 1692 Dei
790 1655 860 1691 filii
904 1656 1091 1693 virtutem
1140 1666 1176 1694 et
1216 1656 1445 1705 potenciam
1486 1657 1699 1694 declinare.
1749 1658 1796 1691 Et

487 1729 529 1752 ex
563 1715 641 1752 alio
675 1715 799 1751 latere
833 1723 942 1761 patet
982 1717 1090 1763 quod
1131 1714 1380 1766 impossibile
1420 1723 1477 1750 est
1517 1726 1796 1762 quemcunque
1815 1714 1853 1746 25

486 1775 688 1810 fructuose
729 1772 855 1807 dicere
883 1772 1078 1809 Christum
1113 1773 1305 1809 dominum
1337 1773 1464 1808 lesum
1498 1784 1621 1819 suum,
1660 1773 1731 1807 nis-i
1761 1772 1796 1807 in

485 1832 623 1881 ifaepimtu
657 1829 775 1866 fuerit
809 1831 1034 1866 roboratus.
1070 1830 1109 1867 Si
1144 1830 1249 1867 enim
1282 1831 1458 1866 secunda
1487 1842 1657 1878 persona
1679 1829 1797 1866 fueiit

487 1889 569 1926 eius
603 1887 790 1925 dominus
824 1896 861 1923 et
893 1889 1080 1934 salvator,
1114 1897 1207 1924 tunc
1241 1900 1283 1924 ex
1308 1888 1441 1935 gracia
1466 1887 1601 1924 Sancti
1625 1887 1796 1935 Spiritus

485 1947 583 1983 illud
624 1947 703 1982 fiet.
748 1947 798 1981 Et
836 1954 946 1994 patet
979 1959 1099 1994 quam
1142 1946 1257 1982 multi
1296 1955 1386 1982 sunt
1418 1946 1514 1982 false
1548 1953 1584 1982 et
1616 1945 1796 1981 nomine-

485 2014 600 2041 tenus
641 2003 861 2049 christiani,
897 2003 991 2052 quia
1029 2016 1168 2040 omnes
1203 2004 1269 2052 qui
1309 2003 1598 2040 tradicionibus
1630 2002 1796 2039 novellis
1813 2003 1854 2034 30

485 2061 560 2110 legi
585 2061 736 2098 Christi
770 2061 983 2098 contrariis
1016 2061 1215 2107 nituntur3
1249 2061 1306 2097 illi
1341 2061 1444 2097 enim
1479 2061 1691 2097 intendunt
1723 2060 1796 2096 im-

485 2119 621 2168 plicite
662 2118 902 2155 divisionem
945 2119 984 2155 in
1016 2119 1226 2165 Trinitate‚
1261 2121 1369 2168 quod
1409 2128 1466 2156 est
1498 2131 1653 2155 summe
1686 2120 1796 2155 here-

485 2177 611 2214 ticum
647 2185 684 2213 et
716 2177 1012 2225 blasphemum.
1047 2178 1146 2213 Cum
1182 2190 1274 2225 ergo
1306 2190 1387 2214 non
1419 2177 1469 2213 sit
1501 2177 1689 2225 possibile
1716 2176 1796 2212 via-

485 2245 614 2271 torem
649 2234 826 2282 aliquem
862 2234 1066 2271 meritorie
1100 2235 1273 2283 operari,
1307 2235 1382 2271 nisi
1415 2234 1533 2271 fuerit
1567 2236 1614 2270 de
1648 2233 1795 2271 Christi

485 2293 650 2337 familia,
691 2305 783 2329 cum
818 2291 923 2329 dicat
945 2292 1112 2329 Matthei
1135 2295 1237 2338 X110‚
1273 2293 1322 2328 30
1361 2293 1424 2341 qui
1461 2305 1531 2328 non
1564 2299 1618 2328 est
1650 2304 1794 2328 mecum
1814 2292 1851 2324 35

486 2359 620 2387 contra
660 2362 720 2386 me
760 2358 827 2394 est,
871 2359 980 2399 patet
1025 2364 1145 2399 quarn
1189 2350 1394 2398 preciosus
1440 2358 1496 2386 est
1540 2349 1613 2386 iste
1656 2349 1794 2386 titulus

484 2408 642 2445 viatori.
692 2408 803 2445 Licet
836 2417 968 2445 autem
1002 2408 1079 2444 sint
1113 2408 1326 2444 divisiones
1368 2408 1406 2443 in
1444 2407 1632 2455 operibus
1663 2407 1794 2443 Trini-

485 2467 581 2503 tatis
613 2476 697 2503 tam
733 2466 846 2502 bonis
880 2479 999 2514 quam
1036 2466 1163 2507 malis,
1206 2475 1263 2502 est
1301 2474 1435 2502 tamen
1472 2478 1630 2502 summa
1662 2465 1793 2501 unitas

486 2523 528 2559 in
568 2526 652 2560 Deo
694 2533 814 2572 atque
853 2524 1069 2560 concordia
1109 2536 1130 2560 a
1163 2536 1242 2571 quo
1286 2524 1510 2571 procedunt
1554 2524 1625 2559 hec
1666 2524 1792 2567 dona;

553 2699 590 2719 12.
612 2692 705 2719 Cod.:
727 2692 851 2719 Christo
873 2693 974 2719 liuius.
1064 2692 1112 2727 26,
1135 2699 1181 2727 27.
1204 2690 1297 2719 Cod.:
1318 2693 1375 2719 nisi
1396 2693 1426 2719 in
1448 2692 1558 2727 spiritu
1579 2692 1669 2720 fuerit
1691 2693 1787 2720 twice.

482 2726 530 2753 26.
552 2725 646 2754 Cod.:
668 2735 850 2762 personana.

551 2843 583 2872 4.
610 2832 632 2863 l.
659 2832 739 2864 Cor.
768 2832 842 2871 Xll,
871 2833 899 2865 3.
1002 2832 1053 2865 26.
1081 2834 1126 2864 ib.
