1944 3323
92 263 165 298 174
665 258 887 292 ,IOHANNIS
905 258 1088 290 WYCLIF’
1106 255 1362 291 SERMONUM
1408 254 1560 303 [SERMo
1582 256 1676 284 XXII.

370 365 519 402 afflicta
548 374 713 413 peccato
744 364 990 401 infidelitatis
1015 373 1050 401 et
1074 377 1197 413 usque
1221 365 1339 402 hodie
1361 366 1506 402 servire
1530 365 1675 402 dicitur

370 432 412 459 ut
445 423 589 460 ancilla
622 432 657 459 et
691 432 890 459 contratta
923 422 989 458 illa
1022 423 1146 458 iuncta
1177 423 1391 459 Jerusalem
1431 424 1550 460 servit
1583 437 1673 460 cum

372 481 460 517 filiis
493 481 572 517 suis
596 494 685 517 cum
710 480 982 516 habitantibus
1004 481 1220 517 Jerusalem
1245 493 1291 517 eo
1315 483 1422 529 quod
1445 494 1584 517 omnes
1609 481 1674 530 qui

377 540 478 575 hanc
508 539 733 575 libertatem
764 537 912 574 Christi
941 547 1111 574 renuunt
1144 551 1233 575 vere
1262 539 1431 575 dicimus
1461 541 1675 587 Agarenos.

82 602 149 630 The
170 602 305 629 children
325 602 360 629 of
430 598 543 633 Unde
565 600 622 640 (ut
646 595 808 644 quidam
833 599 987 641 notant)
1010 604 1137 632 textus
1156 597 1339 644 Apostoli
1363 597 1532 633 intendit
1556 598 1676 645 quod,
1696 598 1710 630 5

91 637 346 699 ssfssssfffflcsssslcssssfffi
371 654 471 690 sicut
511 654 658 690 Arabia
704 662 740 690 et
786 653 1010 690 habitantes
1055 653 1095 689 in
1141 663 1276 690 monte
1321 654 1442 702 Sinay
1485 654 1678 691 serviliter

85 707 354 772 Msslfflfflgffijlsss
371 713 441 748 sub
481 720 647 759 peccato
687 720 723 747 et
761 711 975 759 temporali
1014 712 1183 759 premio,
1224 711 1279 748 sic
1310 712 1578 748 jerosolimite
1617 725 1673 749 se-

372 771 545 806 cundum
597 769 949 817 comparacionem
1004 769 1252 805 condicionis
1295 770 1429 806 vivunt
1481 770 1677 806 conformi

372 829 492 863 modo
525 827 732 863 serviliter.
778 830 867 863 Non
900 826 1004 863 enim
1039 828 1088 863 ad
1128 827 1284 863 literam
1320 840 1433 864 mons
1467 828 1587 876 Sinay
1621 837 1676 864 est

371 885 623 933 contiguatus
655 885 873 922 Jerusalem
906 884 1105 931 localiter3
1140 893 1176 921 et
1209 885 1283 921 isto
1318 887 1437 921 modo
1473 885 1586 921 multi
1620 886 1676 921 in-
1698 897 1735 918 10

372 944 457 979 cole
495 943 675 979 infideles
712 942 797 979 istis
835 942 1015 990 partibus
1053 951 1143 979 sunt
1176 942 1391 979 coniuncti.
1432 945 1480 979 Et
1512 943 1675 991 quidam

372 1001 596 1048 intelligunt
628 1013 697 1049 per
724 1000 942 1038 Jerusalem
976 1009 1013 1036 et
1042 1000 1144 1036 filios
1177 1013 1269 1037 suos
1302 1000 1434 1037 taliter
1466 1000 1678 1037 servientes

373 1059 539 1095 clericos
579 1067 615 1095 et
654 1058 862 1106 religiosos
902 1057 1032 1094 stultis
1071 1058 1360 1095 tradicionibus
1400 1058 1598 1106 obligatos
1643 1067 1678 1095 et

372 1117 471 1152 alios
503 1125 545 1152 ut
578 1116 789 1165 proselitos
831 1125 867 1152 et
906 1129 997 1152 suos
1031 1116 1133 1152 filios
1166 1116 1205 1152 in
1238 1116 1435 1152 conformi
1469 1117 1582 1153 devio
1617 1129 1678 1152 ex-

373 1183 543 1211 cecatos.
578 1175 649 1210 Illa
681 1182 806 1210 autem
841 1173 1008 1210 ecclesia
1040 1186 1110 1222 que
1141 1187 1294 1210 Sursum
1328 1182 1382 1210 est
1414 1186 1485 1222 per
1525 1174 1735 1211 inberbi-15

372 1232 570 1268 tacionem
626 1233 675 1268 ad
722 1231 881 1268 celestia
925 1233 1143 1268 secundum
1192 1244 1372 1268 amorem
1418 1231 1579 1268 filialem
1624 1240 1678 1268 est

373 1290 493 1326 libera
517 1291 564 1326 ab
590 1289 674 1326 istis
698 1289 1000 1335 tradicionibus,
1025 1299 1066 1325 ut
1090 1290 1148 1325 lex
1171 1302 1286 1335 nova,
1316 1302 1485 1338 quarum
1509 1299 1678 1338 utraque

372 1347 523 1384 scilicet
555 1348 614 1384 lex
645 1360 747 1384 nova
780 1356 816 1384 et
842 1347 988 1384 Christi
1021 1347 1187 1384 ecclesia
1221 1355 1274 1383 est
1308 1356 1344 1383 et
1377 1355 1499 1384 mater
1531 1355 1677 1391 nostra,

373 1405 466 1454 quia
503 1405 626 1453 gignit
664 1418 736 1442 nos
775 1404 1037 1453 spiritualiter
1069 1405 1172 1441 enim
1208 1405 1278 1442 Dei
1312 1405 1413 1441 filios
1454 1405 1676 1453 adoptivos.

114 1469 340 1514 Wl¹0stqsfi³¹tofi
430 1465 484 1499 Ex
517 1463 659 1511 quibus
696 1463 852 1499 videtur
891 1464 997 1511 quod
1036 1472 1141 1499 secte
1179 1463 1239 1499 vel
1277 1462 1487 1510 religiones
1526 1463 1678 1511 private
1696 1477 1735 1498 20

84 1503 449 1569 tsUU'Cistufgll'Jbtsque
488 1521 543 1557 sic
584 1520 864 1569 deprimuntur
904 1533 973 1568 per
1012 1520 1253 1557 tradiciones
1292 1520 1558 1557 infundabiles
1597 1534 1678 1557 non

373 1588 463 1615 sunt
497 1581 544 1615 de
577 1578 724 1616 Christi
758 1578 936 1615 ecclesia.
983 1580 1096 1614 Unde
1135 1579 1193 1614 lex
1227 1578 1374 1615 Christi
1413 1579 1505 1614 data
1544 1587 1600 1615 est
1639 1578 1678 1614 in

374 1636 517 1673 animis
557 1636 733 1673 liberatis
772 1638 819 1673 ab
860 1636 943 1672 istis
976 1635 1231 1672 servitutibus
1265 1649 1333 1684 per
1367 1649 1546 1672 amorem
1580 1637 1677 1673 cele-

374 1695 492 1731 stium
528 1703 563 1730 et
596 1707 666 1742 per
698 1693 988 1742 impensionem
1021 1694 1290 1738 terrestrium3
1325 1694 1363 1729 in
1386 1694 1541 1741 signum
1566 1694 1677 1730 cuius

373 1752 568 1789 libertatis
601 1752 793 1800 scriptum
828 1761 885 1788 est
917 1751 1032 1788 Ysaie
1057 1753 1172 1797 LlVf',
1205 1765 1215 1787 ι
1255 1753 1472 1788 secundum
1507 1753 1734 1800 prophe-25

375 1811 477 1847 ciam
512 1810 676 1846 ecclesie
714 1809 896 1857 gencium
938 1809 1205 1857 dirigendam:
1247 1810 1279 1844 ί)
1311 1810 1467 1845 ecclesia
1499 1810 1677 1859 gencium

94 1873 352 1917 Freedonrgiven
375 1881 445 1917 que
467 1869 541 1903 iam
566 1881 604 1904 es
626 1868 782 1911 sterilis,
815 1868 936 1903 letare
953 1874 1119 1916 propter
1143 1868 1381 1903 vocacionem
1411 1868 1568 1906 Christi.
1592 1867 1677 1915 quia

87 1909 408 1961 by(⁴¹¹s¹⁵t⁵¹²¹w'1'iz
441 1926 635 1975 fidelitate
679 1933 741 1961 tuci
781 1933 947 1974 propter
986 1926 1174 1973 defectum
1215 1925 1361 1960 celestis
1400 1925 1569 1974 coniugii
1605 1938 1677 1960 non

372 1984 628 2032 spiritualiter
667 1983 864 2032 peperisti,
908 1995 974 2018 nec
1016 1983 1139 2018 solum
1179 1983 1290 2018 debes
1328 1983 1443 2018 letari
1478 1983 1513 2017 in
1551 1983 1678 2018 animo

372 2042 440 2077 sed
471 2041 506 2076 in
540 2042 691 2076 laudem
726 2041 801 2077 Dei
837 2053 1040 2089 erumpere
1077 2048 1111 2076 et
1149 2041 1332 2084 clamare,
1373 2052 1418 2076 eo
1452 2041 1559 2088 quod
1592 2040 1678 2076 uni·
1696 2043 1736 2075 30

373 2098 537 2135 versitas
581 2098 763 2146 gencium
805 2111 879 2146 que
920 2106 977 2134 est
1018 2106 1169 2146 septem
1209 2097 1394 2134 mulieres
1433 2099 1495 2143 (de
1534 2097 1677 2146 quibus

374 2156 471 2192 Isaie
504 2157 644 2201 lV071)
677 2155 873 2204 spirituali
909 2155 1169 2192 matrimonio
1204 2154 1516 2203 apprehenderit
1547 2155 1675 2191 virum

374 2213 589 2250 Christum.
631 2216 678 2250 Et
710 2226 815 2250 nunc
848 2213 951 2261 parit
985 2213 1247 2261 spiritualiter
1281 2213 1352 2249 Dei
1387 2213 1488 2249 filios
1521 2213 1676 2261 adopti-

372 2285 453 2317 νος,
499 2271 591 2308 licet
635 2284 715 2308 non
760 2271 932 2319 parturit
977 2284 1067 2307 cum
1113 2270 1295 2318 angustia
1333 2272 1535 2307 naturales
1575 2271 1677 2307 filios

373 2329 636 2377 corporaliter
658 2329 759 2365 sicut
782 2329 904 2377 prius,
929 2328 1021 2377 quia
1053 2328 1133 2365 iam
1166 2337 1347 2376 tempore
1379 2328 1474 2377 legis
1507 2328 1638 2376 gracie
1665 2325 1671 2382 Ι

373 2396 464 2423 sunt
496 2387 629 2435 plures
664 2386 733 2423 filii
767 2386 931 2423 ecclesie
964 2385 1147 2434 gencium
1181 2399 1258 2434 que
1287 2395 1405 2423 antea
1434 2395 1491 2422 est
1523 2387 1677 2423 deserta

373 2458 493 2493 quam
523 2446 741 2481 Judeorum
775 2444 841 2493 qui
873 2444 1004 2481 vocati
1037 2453 1127 2480 sunt
1160 2444 1330 2492 populus
1362 2443 1433 2480 Dei
1466 2443 1677 2492 peculiaris

1695 2315 1769 2346 Fol.

1696 2359 1775 2404 257d

442 2578 580 2639 Slihd':
603 2583 727 2607 textum.
784 2578 812 2606 6.
835 2579 929 2606 Cod.:
952 2579 980 2606 iu
1002 2579 1096 2605 deest.
1154 2586 1185 2605 11.
1203 2578 1299 2605 Cod.:
1321 2578 1463 2605 convicti.
1520 2586 1560 2611 14.
1582 2578 1675 2605 Cod.:

374 2621 464 2648 proce¹
480 2622 486 2640 1
503 2622 548 2640 os.

446 2695 474 2716 2.
496 2685 643 2726 Vulgate
671 2684 762 2726 (Gal.
790 2685 845 2723 IV,
873 2684 946 2726 25)2
980 2685 1037 2727 qui
1067 2684 1272 2717 coniunctus
1304 2690 1356 2718 est
1388 2685 1428 2724 ei,
1462 2694 1551 2727 quae
1583 2695 1673 2717 »ncnc

372 2736 424 2763 est
449 2731 684 2769 Hierusalem,
716 2735 748 2762 et
776 2731 884 2763 servit
915 2742 990 2763 cum
1016 2730 1107 2773 filiis
1138 2732 1221 2763 suis.
1356 2730 1409 2763 15.
1436 2730 1510 2762 Gal.
1538 2731 1593 2771 IV,
1622 2730 1674 2762 26.

375 2777 520 2809 26—30.
548 2777 624 2808 Gal.
651 2777 706 2816 lV,
736 2787 792 2819 27:
827 2778 1002 2819 Scriptum
1030 2781 1079 2809 est
1104 2778 1216 2809 enim:
1241 2778 1396 2810 Laetare
1421 2777 1561 2813 sterilis,
1587 2787 1675 2819 quae

375 2834 441 2855 non
462 2824 586 2865 par-Is:
612 2833 753 2864 erumpe
779 2827 811 2854 et
835 2824 960 2861 clama,
979 2832 1069 2864 quae
1094 2834 1160 2855 non
1184 2824 1359 2865 parturis,
1385 2826 1466 2865 quia
1487 2823 1587 2855 multi
1601 2823 1675 2863 filii

374 2870 545 2908 desertae,
572 2870 685 2912 magis
710 2878 814 2912 quam
842 2870 923 2906 eius,
951 2879 1040 2913 quae
1066 2870 1169 2902 habet
1194 2870 1318 2902 virum.
1346 2869 1397 2902 Cf.
1425 2869 1510 2902 Isaie
1537 2869 1624 2909 LIV,
1648 2880 1673 2903 1.
