1944 3323
110 245 184 290 154

130 426 270 457 Subiects
291 436 340 454 are

111 463 212 489 bound
236 467 266 489 to
287 463 365 498 obcy

125 497 255 531 prelates
276 498 347 533 only

106 541 140 558 so
161 532 206 559 far
227 541 259 558 as
281 532 365 559 these

129 567 207 602 obcy
229 567 342 595 Christ.

132 949 160 976 If
178 950 237 976 this
260 959 336 977 were

131 986 215 1011 acted
237 993 287 1019 ou,
308 985 326 1011 il

126 1020 227 1046 would
252 1024 305 1054 put
326 1029 341 1046 a

115 1058 183 1089 stop
206 1060 236 1081 10
259 1056 348 1089 pupal

138 1090 324 1123 provisions.

117 1761 174 1788 wc
195 1762 290 1796 ought
311 1768 340 1790 to

140 1797 264 1823 abound
286 1799 315 1825 in

104 1832 243 1866 spiritual
267 1833 347 1867 gitis.

689 257 911 288 JOHANNIS
931 258 1112 290 WYCLIF
1131 259 1387 291 szRMONUM
1461 248 1612 304 [SERMO
1634 261 1697 288 XX.

391 372 427 400 et
449 377 529 400 non
553 364 657 400 ultra
680 376 800 412 quam
825 363 1017 412 prepositi
1041 363 1250 401 imitantur
1274 366 1490 413 Christum,
1515 376 1698 405 tenentur

390 421 538 458 subditi
572 434 639 458 eos
672 421 711 457 in
744 422 943 470 preceptis
975 422 1035 458 vel
1069 422 1230 459 monitis
1264 423 1426 461 imitari.
1462 427 1509 461 Et
1542 426 1696 463 utinam

390 479 559 516 ecclesia
597 479 702 515 istud
742 479 916 527 perfecte
961 490 1240 528 cognosceret3
1286 490 1382 518 tunc
1421 482 1528 519 enim
1567 485 1695 521 solum

388 539 508 574 verba
548 536 695 574 Christi
734 536 934 585 loquentis
974 538 1013 574 in
1051 537 1215 587 prelatis
1254 542 1490 587 attenderet,
1532 542 1625 589 quia
1663 543 1694 579 si

387 596 427 631 in
460 595 625 631 domino
657 597 747 631 Jesu
780 595 940 632 Christo
979 596 1195 645 quicquam
1235 598 1473 646 precipiunt,
1515 600 1728 637 Christus}

388 654 427 690 in
461 653 515 690 eis
549 653 647 689 illud
684 652 876 701 loquitur.
922 655 970 690 Et
1008 654 1063 691 sic
1101 654 1358 703 intelligenda
1397 666 1454 693 est
1492 658 1551 694 lex
1591 659 1693 695 beati

388 710 577 759 Cypriani
616 710 747 759 posita
785 711 825 747 in
860 711 1042 758 decretis,
1077 712 1339 750 distinccione
1362 716 1482 761 VIIIss,
1518 716 1562 751 Si
1592 717 1697 752 solus

392 770 570 805 Christus
592 769 805 805 audiendus
827 777 892 806 est.
928 772 976 806 Et
999 779 1156 807 servata
1180 772 1253 808 hac
1278 771 1355 808 fide
1378 772 1535 809 videtur
1559 775 1694 811 multis

387 829 494 875 quod
527 827 702 875 provisio
735 840 932 876 paparum
967 828 1118 865 cesaria
1151 842 1229 877 qua
1262 830 1329 866 dat
1361 829 1603 868 inhabilibus
1636 834 1695 869 vel

387 885 460 921 sibi
500 884 712 933 incognitis
752 886 946 922 beneficia
987 886 1257 924 ecclesiastica
1297 889 1344 924 de
1383 888 1514 936 regnis
1554 890 1753 927 exterism

387 943 552 979 omnino
586 952 771 990 cessaret,
813 956 903 980 cum
944 944 984 980 in
1024 945 1099 981 hoc
1137 957 1211 982 nec
1245 945 1448 982 Christum
1487 960 1560 984 nec
1599 961 1694 996 apo-

386 1002 511 1038 stolos
543 1001 736 1047 imitatur,
777 1003 845 1038 sed
878 1001 1154 1050 imprudenter
1185 1003 1399 1040 necessitat
1432 1017 1498 1041 eos
1531 1007 1580 1042 ad
1615 1019 1694 1043 me-

387 1059 520 1096 dicum
555 1072 673 1108 quem
715 1061 831 1096 debet
870 1059 971 1096 scire
1010 1073 1093 1097 esse
1131 1060 1348 1098 inhabilem
1387 1063 1448 1098 vel
1485 1071 1693 1112 tamquam

386 1130 523 1165 expers
557 1117 673 1154 huius
705 1117 855 1155 noticie
886 1119 947 1155 vel
981 1119 1150 1167 exempli
1183 1119 1308 1156 nescit
1341 1119 1421 1156 sive
1455 1122 1604 1157 bonurn
1639 1121 1693 1158 eis

386 1175 505 1212 faciat
539 1175 618 1213 sive
653 1177 817 1213 malum.
864 1176 1106 1225 Obligantur
1138 1186 1271 1214 autern
1306 1177 1442 1214 fideles
1474 1178 1617 1227 singuli
1650 1187 1748 1217 ut15

385 1234 590 1270 ambulent
622 1235 843 1271 secundum
876 1235 1048 1271 formam
1079 1248 1199 1284 quam
1224 1235 1404 1272 Christus
1438 1236 1492 1272 cis
1524 1236 1693 1274 iniunxit

385 1301 421 1328 et
454 1292 513 1328 sui
537 1292 723 1341 apostoli,
749 1305 825 1341 que
859 1302 1054 1341 repugnat
1087 1292 1250 1330 indubie
1284 1293 1374 1330 huic
1407 1294 1547 1331 forme.
1582 1295 1692 1332 Sicut

384 1362 476 1397 ergo
521 1359 763 1398 acceperunt
808 1352 856 1387 ab
901 1350 1095 1399 apostolis
1142 1353 1348 1399 quomodo
1394 1364 1460 1388 eos
1505 1362 1690 1401 oporteat

382 1409 602 1453 ambulare,
656 1408 711 1445 sic
764 1409 1006 1457 contemptis
1050 1408 1295 1446 novitatibus
1341 1410 1416 1446 hoc
1460 1411 1689 1457 observent3

381 1474 474 1502 tunc
514 1465 641 1503 eciam
682 1466 807 1514 magis
847 1466 1035 1503 continue
1074 1466 1114 1503 in
1154 1467 1321 1504 caritate
1360 1477 1396 1504 et
1430 1468 1543 1505 bonis
1575 1469 1690 1517 spiri·
1707 1485 1748 1506 20

381 1523 556 1560 tualibus
590 1525 893 1571 habundabunt,
934 1525 1000 1561 ubi
1034 1524 1114 1561 iarn
1147 1534 1348 1562 servantes
1381 1526 1612 1574 oppositum
1647 1540 1690 1564 ex

380 1581 616 1618 Antichristi
657 1582 818 1619 monitis
852 1596 873 1619 a
906 1583 1020 1619 bonis
1053 1582 1328 1632 spiritualibus
1361 1586 1618 1621 retrocedunt
1652 1594 1688 1621 et

380 1639 419 1675 in
444 1640 603 1677 malicia
626 1641 934 1689 profundantur.
970 1643 1017 1677 Et
1042 1642 1112 1678 hec
1136 1641 1245 1678 racio
1269 1642 1397 1678 tocius
1421 1642 1691 1689 perversitatis

380 1697 557 1734 ecclesie.

438 1758 518 1792 Nec
553 1757 717 1792 dubium
752 1757 848 1805 quin
881 1756 1046 1806 quilibet
1080 1757 1207 1794 fidelis
1239 1766 1397 1794 tenetur
1430 1758 1618 1795 continue
1651 1759 1690 1795 in
1708 1764 1746 1795 25

381 1814 495 1850 bonis
528 1814 691 1862 spiritus
725 1815 972 1861 habundare,
1008 1815 1100 1863 quia
1129 1814 1133 1866 Ι
1163 1828 1206 1852 ex
1239 1829 1318 1864 quo
1352 1817 1491 1852 datum
1525 1825 1583 1853 est
1615 1817 1689 1853 sibi
1707 1811 1785 1873 ¹:9⁷¹}

380 1880 538 1919 tempus
572 1872 760 1909 continue
793 1875 842 1909 ad
876 1874 981 1910 hunc
1015 1873 1133 1909 finem
1169 1874 1362 1910 frustrans
1386 1874 1498 1910 illum
1522 1874 1690 1911 incurrit
1708 1867 1770 1888 ²³³

381 1929 451 1965 Dei
484 1929 806 1978 indignacionem
842 1939 878 1967 et
902 1931 1094 1967 debitum.
1129 1932 1329 1968 Debemus
1353 1940 1487 1968 autem
1513 1945 1690 1969 crescere

380 1987 568 2024 continue
601 1989 650 2024 ad
685 1988 895 2025 minimum
929 1988 1148 2026 successive
1182 1989 1221 2025 in
1253 1989 1466 2026 virtutibus
1490 1999 1527 2026 et
1551 2003 1688 2027 earum

379 2046 579 2093 operibus,
621 2055 657 2082 et
696 2045 750 2082 ita
789 2059 951 2084 necesse
990 2056 1046 2083 est
1086 2056 1127 2083 ut
1167 2048 1327 2084 videatis
1359 2049 1548 2096 quomodo
1580 2056 1689 2085 caute
1705 2053 1747 2084 30

378 2104 579 2140 ambuletis
611 2108 667 2148 (ut
700 2104 920 2153 precipitur
953 2107 1002 2141 ad
1032 2106 1132 2153 Eph.
1157 2106 1224 2151 Vs‘,
1259 2106 1332 2151 15).
1365 2107 1413 2141 Et
1446 2106 1521 2142 hoc
1554 2106 1593 2141 in
1625 2105 1688 2142 via

378 2162 459 2198 lata
493 2163 776 2199 mandatorum
811 2172 847 2199 et
882 2162 1019 2199 stricta
1053 2163 1195 2199 semita
1229 2162 1508 2209 consiliorum3
1542 2164 1685 2199 habun-

379 2220 475 2255 detis
498 2219 694 2268 (inquam)
715 2221 814 2270 fide,
847 2220 948 2258 sicut
982 2233 1048 2257 aer
1081 2222 1169 2257 luce
1195 2224 1250 2266 (ut
1274 2220 1495 2269 precipitur
1518 2222 1568 2257 IIa
1595 2223 1686 2258 Cor.

377 2278 498 2323 V1110,
535 2281 585 2325 7),
624 2291 704 2327 spe,
743 2278 844 2315 sicut
883 2278 1060 2326 agricola
1099 2278 1337 2315 certitudine
1376 2279 1577 2315 fructuum
1619 2292 1689 2327 per

378 2334 672 2382 inspeccionem
727 2335 916 2383 germinis
969 2345 1006 2372 et
1059 2336 1202 2372 florum
1257 2340 1313 2377 (ut
1366 2336 1585 2385 precipitur
1637 2338 1686 2373 ad
1705 2341 1743 2374 35

380 2394 493 2428 Rom.
524 2395 628 2440 XVO,
661 2393 739 2441 13),
785 2394 960 2441 caritate,
1004 2393 1105 2430 sicut
1149 2394 1287 2430 fornax
1332 2394 1440 2442 igne3
1485 2408 1577 2431 narn
1619 2408 1686 2431 vas

378 2459 561 2486 nostrum
608 2453 715 2500 quod
755 2454 860 2488 Deus
905 2452 1013 2488 dedit
1056 2450 1172 2487 nobis
1217 2461 1259 2488 ut
1305 2451 1470 2489 caritate
1516 2452 1688 2488 finaliter

379 2508 582 2556 repleatur
617 2518 652 2545 et
684 2509 739 2546 sic
773 2511 822 2546 ad
857 2510 986 2546 celum
1019 2509 1162 2557 spiritu
1194 2510 1313 2557 pleno
1348 2511 1422 2546 hoc
1446 2509 1534 2557 igne
1558 2518 1686 2546 trans-

446 2650 470 2677 7.
494 2642 588 2669 Cos:
611 2642 741 2669 decretis
762 2643 802 2669 in.
878 2651 916 2678 17.
939 2643 1033 2670 Cod.:
1055 2648 1234 2678 repungnat.

446 2748 478 2780 7,
496 2736 528 2769 8.
555 2737 655 2769 Decr.
683 2738 796 2780 prima
822 2748 914 2781 pars,
940 2738 1018 2770 dist.
1040 2738 1128 2779 VIII,
1155 2748 1228 2781 cap.
1254 2739 1311 2770 IX.
1341 2738 1392 2770 Cf.
1420 2738 1529 2770 Serm.
1557 2739 1580 2777 I,
1604 2739 1683 2780 1733

378 2785 417 2824 II,
442 2784 491 2823 15,
521 2783 572 2816 33.
670 2783 722 2815 33.
750 2785 916 2827 Vulgate:
944 2784 1016 2818 Sed
1040 2784 1132 2817 sicut
1157 2784 1191 2816 in
1218 2785 1376 2817 omnibus
1402 2784 1592 2817 abundatis
1609 2785 1686 2827 fide

376 2835 409 2862 et
426 2839 596 2862 sermone.
694 2829 747 2862 36.
775 2832 876 2862 Rom.
895 2831 972 2872 XV,
995 2830 1048 2862 13:
1077 2835 1114 2862 ut
1140 2830 1327 2863 abundetis
1352 2831 1386 2863 in
1414 2840 1474 2873 spe
1499 2835 1532 2863 et
1558 2832 1685 2864 virtute

378 2876 531 2918 Spiritus
559 2877 695 2909 Sancti.
770 2874 773 2875 ⁷
