1944 3323
71 267 120 301 68
651 271 872 302 JOHANNIS
894 271 1076 302 WYCLIF
1097 271 1353 303 sERMONUM
1436 258 1586 314 [smnio
1608 269 1660 296 ix.

356 376 485 412 noscit
520 376 651 412 fidem.
687 378 790 412 Deus
824 375 928 412 enim
963 388 1042 411 non
1075 375 1242 411 remittit
1275 384 1483 423 peccatum
1510 376 1663 412 homini

355 433 429 470 nisi
463 433 571 482 prius
605 433 789 479 doluerit,
823 433 923 469 sicut
956 445 1028 469 nec
1057 432 1147 469 fecit
1182 432 1366 469 dominus
1395 433 1603 479 secularis;
1628 442 1665 470 et

358 504 447 528 cum
479 504 560 528 non
584 491 751 539 quilibet
775 491 890 526 dolor
914 492 981 526 sed
1005 503 1174 538 sequens
1198 490 1398 527 sufficiens
1422 492 1471 527 ad
1496 491 1665 527 delecio-

356 563 446 585 nem
482 548 659 585 criminis
692 557 855 584 vocetur
889 547 1084 584 contricio
1118 556 1154 584 et
1187 561 1260 596 pro
1292 548 1455 584 instanti
1490 561 1562 596 pro
1587 561 1665 597 quo

356 606 495 655 incipit
529 606 736 650 contricio,
772 605 911 653 incipit
944 606 1097 653 peccati
1129 605 1281 642 delecio
1305 615 1342 642 et
1364 605 1497 653 gracie
1520 605 1698 642 infusi05

357 664 462 701 iuxta
494 664 593 700 illud
626 663 773 699 Psalmi
809 665 873 709 LO,
905 676 969 710 19:
1000 664 1078 699 Cor
1105 664 1309 699 contritum
1351 671 1384 699 et
1426 664 1665 700 humiliatum

358 723 464 758 Deus
497 734 568 757 non
604 721 799 770 despicies.
841 722 941 757 Cum
976 730 1109 757 autem
1144 733 1187 757 ex
1220 721 1296 757 fide
1329 730 1423 758 tunc
1456 731 1663 770 peccatum

358 779 551 825 dimittur,
597 787 706 826 patet
745 779 853 827 quod
891 792 972 815 non
1012 779 1193 815 absolute
1232 779 1428 815 confessio
1467 779 1664 816 sacerdoti

358 836 607 874 conversanti
640 836 869 884 requiritur,
903 836 995 873 licet
1024 838 1266 885 quandoque
1290 837 1495 885 proficiat3
1531 846 1567 873 et
1590 836 1665 873 ista

358 895 579 939 sentencia·
600 895 718 930 docta
759 903 815 930 est
855 895 902 930 de
935 895 1071 930 decem
1105 894 1273 942 leprosis
1299 923 1440 931 .....
1475 895 1538 944 qui
1575 896 1664 930 dum
1685 907 1723 928 10

357 954 455 989 irent
486 953 668 1003 graciose
698 965 719 987 a
754 952 920 988 Domino
953 960 1039 988 sunt
1072 953 1258 999 mundati,
1292 961 1328 988 et
1352 954 1399 989 de
1424 954 1575 989 Lazaro
1598 952 1665 1001 qui

358 1015 414 1053 (ut
458 1019 567 1058 patet
609 1010 802 1046 Johannis
846 1012 932 1055 XIO)
980 1010 1052 1046 fuit
1099 1010 1312 1047 suscitatus
1356 1023 1378 1046 a
1423 1019 1552 1047 morte
1595 1022 1666 1059 per

358 1069 561 1105 Christum
603 1077 640 1104 et
684 1069 943 1116 postmodum
984 1067 1129 1104 institis
1169 1068 1311 1117 quibus
1350 1068 1494 1116 ligatus
1536 1068 1665 1104 fuerat

358 1139 427 1174 per
460 1127 665 1174 apostolos
698 1134 755 1162 est
787 1126 953 1162 solutus.
1000 1127 1091 1162 Ideo
1124 1126 1247 1162 nichil
1282 1126 1511 1162 blasfemius
1544 1139 1665 1175 quam

358 1185 466 1233 quod
498 1193 706 1232 peccatum
746 1183 890 1220 viantis
928 1197 1008 1220 non
1046 1184 1200 1220 tollitur
1241 1183 1315 1220 nisi
1349 1186 1553 1220 Romanus
1587 1183 1722 1232 epi-15

358 1255 502 1290 scopus
538 1243 599 1278 vel
640 1241 720 1278 eius
759 1241 930 1278 vicarius
970 1244 1188 1278 secundum
1235 1241 1543 1278 adinvenciones
1582 1254 1666 1278 mo—

359 1301 500 1336 dernas
524 1313 635 1336 reum
661 1299 887 1336 absolverit.
911 1299 1136 1336 Verisimile
1158 1309 1293 1336 tamen
1317 1309 1373 1336 est
1396 1312 1439 1336 ex
1462 1299 1665 1348 evangelio

357 1357 549 1394 Johannis
583 1359 690 1406 quod
723 1357 795 1394 viri
829 1357 1041 1405 apostolici
1074 1366 1163 1406 post
1196 1358 1307 1406 signa
1341 1357 1610 1394 absolucionis
1643 1370 1665 1394 a

359 1419 442 1452 Deo
487 1417 631 1452 debent
674 1414 955 1451 inmunitatem
1005 1414 1114 1463 prius
1166 1415 1368 1464 peccantis
1421 1415 1460 1451 in
1513 1415 1663 1464 populo

358 1474 563 1522 publicare
597 1482 633 1509 et
665 1486 809 1521 penam
843 1486 954 1510 suam
988 1473 1183 1510 inflictam
1218 1486 1240 1510 a
1273 1473 1537 1510 militantibus
1560 1472 1664 1509 miti·
1681 1485 1722 1506 20

358 1545 464 1579 gare,
505 1540 542 1568 et
581 1531 621 1567 in
660 1531 817 1579 signum
851 1531 967 1567 huius
999 1531 1200 1568 sentencie
1233 1532 1502 1567 Samaritanus
1535 1539 1665 1567 custo-

359 1589 468 1625 diens
501 1590 726 1625 libertatem
761 1589 924 1626 ecclesie
958 1598 994 1625 et
1027 1598 1215 1638 precepta
1245 1589 1472 1637 evangelica
1494 1602 1575 1625 non
1598 1588 1666 1625 ivit

358 1649 408 1684 ad
439 1648 667 1684 sacerdotes
700 1647 796 1695 legis
827 1647 982 1693 veteris,
1017 1649 1084 1684 sed
1109 1649 1159 1684 ad
1184 1647 1386 1684 Christum
1411 1646 1666 1683 laudabiliter

358 1714 412 1742 est
445 1718 663 1756 regressus.
709 1707 766 1741 De
799 1705 1021 1753 quantitate
1060 1714 1192 1741 autem
1227 1714 1263 1741 et
1296 1703 1487 1753 qualitate
1520 1704 1667 1741 contri-

360 1763 485 1800 cionis
529 1772 586 1799 est
619 1763 770 1798 dictum
803 1763 997 1810 superius.
1032 1765 1131 1800 Cum
1162 1763 1265 1799 enim
1297 1763 1447 1799 offensa
1475 1763 1580 1798 facta
1610 1771 1667 1798 est
1684 1763 1723 1796 25

359 1821 400 1858 in
423 1834 624 1857 summum
641 1820 858 1857 Dominum
883 1820 923 1856 in
945 1820 1059 1857 donis
1081 1820 1351 1868 gratissimum
1375 1829 1411 1856 et
1434 1819 1667 1856 remissione

361 1879 661 1927 paratissimum
694 1888 731 1914 et
764 1878 961 1915 emolliret
995 1891 1063 1915 cor
1095 1891 1254 1915 saxeum
1289 1880 1397 1927 quod
1430 1887 1512 1915 tam
1546 1877 1665 1914 miser

361 1950 494 1974 servus
528 1936 693 1973 offendit
727 1937 831 1973 hunc
865 1936 1097 1972 Dominum.

71 2002 342 2041 2.T11eintemion
417 1996 645 2031 Secundum
685 1994 921 2043 requisitum
962 1995 1011 2030 ad
1056 1994 1227 2042 primam
1274 1994 1563 2030 confessionem
1609 2001 1666 2029 est

95 2038 317 2105 notatgaffitcnd
358 2054 519 2101 plenum
560 2052 812 2100 propositum
852 2052 891 2088 in
931 2051 1082 2088 dictum
1117 2051 1334 2088 Dominum
1375 2065 1455 2088 non
1494 2051 1665 2099 amplius
1682 2051 1725 2083 30

176 2102 179 2107 ¹
358 2111 655 2147 offendendum
695 2112 796 2147 Cum
830 2110 935 2147 enim
969 2110 1152 2146 Christus
1185 2110 1235 2146 sit
1267 2109 1522 2155 omnisciens,
1557 2122 1665 2146 scru-

358 2178 446 2205 tans
480 2170 601 2205 corda
641 2181 683 2204 ex
723 2168 889 2216 integro,
930 2177 1039 2216 patet
1072 2169 1180 2217 quod
1213 2177 1352 2204 contra
1386 2167 1665 2204 condicionem

357 2239 425 2263 sue
454 2226 608 2262 iusticie
637 2226 737 2262 foret
766 2235 931 2274 peccata
959 2225 1060 2262 servi
1092 2225 1152 2262 sui
1185 2225 1400 2271 remittere,
1434 2226 1528 2260 dum
1561 2224 1666 2261 videt

358 2286 465 2333 quod
499 2293 555 2320 est
598 2283 636 2319 in
679 2284 888 2332 proposito
926 2284 1070 2320 iterum
1111 2283 1151 2319 in
1190 2283 1320 2331 ipsum
1360 2283 1573 2319 offendere.
1618 2284 1667 2317 Et

360 2351 468 2390 patet
502 2343 607 2390 quod
640 2351 851 2391 peccantes
884 2341 951 2390 qui
984 2341 1238 2378 occasionem
1278 2340 1470 2389 peccandi
1503 2341 1542 2376 in
1575 2352 1666 2388 pro-
1683 2340 1722 2372 35

360 2400 491 2448 posito
536 2412 669 2436 secum
717 2409 865 2445 tenent,
916 2412 997 2436 non
1046 2408 1137 2436 sunt
1184 2408 1277 2435 tunc
1323 2397 1483 2435 contriti
1526 2410 1599 2434 nec
1644 2410 1665 2433 a

361 2457 593 2494 criminibus
632 2458 818 2495 absoluti.
864 2460 918 2494 Ex
957 2470 1035 2506 quo
1075 2456 1315 2493 convincunt
1354 2456 1518 2505 quidam
1558 2456 1665 2504 quod

105 2523 171 2552 The
191 2523 308 2551 Roman
360 2518 541 2552 Romana
574 2516 683 2552 curia
717 2525 753 2552 et
785 2516 928 2564 prelati
962 2514 1101 2552 cesarii
1132 2528 1215 2551 non
1246 2523 1338 2550 sunt
1371 2515 1418 2550 de
1457 2512 1664 2561 ingratitu-

80 2559 334 2620 ςωζῖἶςζῇοῗῇἰζωῐ
360 2573 451 2609 dine
484 2586 603 2622 quam
638 2573 902 2623 relinquendo
936 2572 1239 2610 ordinacionem
1273 2571 1420 2608 Christi
1454 2570 1664 2607 commise-

130 2629 289 2655 i¹¹¹⁶¹¹¹¹0¹¹·
359 2640 447 2668 rant
471 2631 648 2679 plenarie
671 2631 856 2677 absoluti,
882 2644 971 2668 cum
995 2630 1116 2679 gratis
1140 2639 1176 2667 et
1200 2638 1430 2667 constanter
1453 2630 1665 2665 observant
1679 2639 1723 2670 40

428 2777 452 2806 3.
474 2778 569 2807 Cod.:
591 2778 642 2805 sed
663 2778 757 2805 deest.
835 2776 861 2810 3,
882 2785 911 2810 4.
933 2777 1027 2804 CodV:
1049 2784 1064 2803 a
1085 2776 1282 2803 delecionem.
1363 2774 1389 2801 8.
1410 2773 1504 2801 Cod.:
1527 2772 1666 2800 sacerdo-

360 2815 424 2841 toti.
498 2821 539 2840 10.
561 2813 708 2848 leprosis,
730 2812 868 2847 sequitur
888 2813 1004 2839 lacuna.

435 2896 483 2917 10.
512 2885 563 2917 Cf.
592 2886 705 2916 Lucae
733 2884 841 2922 XVll,
866 2894 913 2915 12.
