1944 3323
163 223 239 249 222
723 223 945 255 JOHANNlS
964 224 1149 256 WYCLIF'
1167 225 1429 259 SERMONUM
1452 212 1603 271 [SERMO
1618 225 1757 254 XXVIII·

164 336 267 363 Friars
288 336 423 370 disy-*mse
504 331 679 365 Econtra
718 338 851 365 autem
892 330 1033 367 fratres
1068 331 1339 369 deformantes
1379 345 1419 370 se
1459 334 1572 370 bonis
1605 335 1755 383 angelis

175 372 361 439 Ῑὴωᾎᾏζξιζιξῗ
382 382 414 399 ³¹⁸
447 396 657 435 penetrant
677 389 831 432 domos,
848 397 1010 425 vocatas
1030 389 1268 426 elemosinas
1292 392 1361 427 sed
1385 391 1546 439 rapinas
1570 393 1755 441 proprius

278 436 283 441 ⁸
447 454 737 493 extorquentes
794 447 842 480 Et
880 445 936 482 sic
975 446 1014 482 in
1053 447 1220 495 legenda
1253 448 1359 485 beati
1393 450 1577 486 Edwardi
1611 450 1755 499 legitur

446 505 652 551 quomodo
697 503 861 539 anulum
902 516 1019 552 quem
1066 505 1238 542 habebat
1277 507 1530 554 Evangelista
1574 509 1622 544 ab
1668 509 1755 556 ipso

446 561 599 597 remisit
632 573 702 609 per
735 562 951 609 quemdam
987 562 1242 611 peregrinum
1265 564 1406 612 Anglie
1439 567 1489 601 ad
1513 567 1789 606 Edwardum5

445 618 625 655 indicans
676 619 750 655 sibi
802 620 941 656 horam
998 620 1137 657 mortis
1189 630 1226 658 et
1278 622 1568 660 beatitudinem
1619 637 1756 661 conse-

446 679 660 724 quendam.

502 737 660 772 Fratres
685 744 817 771 autem
841 748 921 771 non
945 737 1116 772 reddunt
1140 736 1324 784 rapinam
1348 751 1468 786 quam
1492 739 1654 787 rapiunt
1682 753 1755 777 nec

444 802 777 841 supererogantes
817 793 1024 841 spirituale
1059 795 1209 830 donum
1245 795 1370 832 instar
1402 797 1593 834 Johannis
1628 800 1756 835 Evan-

443 851 581 898 geliste
605 851 684 887 suis
709 851 895 887 beneficis
919 861 1240 900 recompensant,
1270 853 1359 890 ideo
1383 854 1591 892 deficiente
1615 868 1752 892 eorum
1775 873 1813 894 10

444 909 607 957 argucia
645 911 694 946 ad
734 909 1017 946 stabiliendum
1059 912 1167 958 quod
1207 911 1263 947 illi
1303 912 1431 960 angeli
1473 913 1754 950 mendicarunt

444 967 576 1015 topice
608 967 767 1004 suaderi
801 967 925 1015 possit
959 980 1001 1004 ex
1035 968 1181 1004 talibus
1222 969 1381 1017 scriptis
1421 971 1610 1018 ypocrifis
1645 974 1752 1020 quod

444 1026 584 1061 fratres
631 1025 904 1062 mendicantes
950 1025 990 1062 in
1034 1027 1109 1062 hoc
1154 1027 1270 1063 malis
1316 1028 1466 1076 angelis
1511 1029 1751 1067 similantur.

444 1086 544 1119 Nam
579 1083 679 1119 sicut
703 1085 894 1120 demones
922 1085 1134 1121 reddentes
1168 1086 1319 1121 malum
1344 1099 1417 1134 pro
1442 1088 1547 1123 bono
1580 1088 1755 1135 spoliant

444 1143 546 1178 bona
578 1141 754 1178 fidelium
789 1155 859 1189 per
882 1143 1061 1178 fraudem
1096 1152 1216 1191 atque
1250 1144 1478 1191 mendacia;
1511 1145 1566 1181 sic
1600 1155 1636 1182 et
1659 1146 1752 1192 ista;
1774 1152 1809 1183 15

444 1201 693 1236 extendendo
723 1209 856 1236 autem
886 1213 1033 1236 nomen
1057 1201 1374 1238 mendicacionis
1397 1204 1447 1239 ad
1471 1216 1753 1252 quamcunque

172 1264 275 1291 Friars.
297 1265 352 1300 beg
374 1265 402 1292 in
444 1259 764 1305 postulacionem
800 1258 1082 1294 insinuativam
1118 1259 1176 1295 vel
1209 1259 1445 1296 innuitivam
1487 1261 1610 1309 egeni,
1644 1271 1753 1310 patet

224 1299 356 1335 French,
443 1317 550 1364 quod
583 1316 724 1352 fratres
758 1315 796 1351 in
831 1316 1050 1352 mendaciis
1084 1318 1277 1353 excedunt
1311 1318 1456 1354 limites
1478 1321 1568 1355 Jesu
1602 1320 1751 1356 Christi

443 1373 518 1410 nisi
541 1374 642 1410 forte
666 1374 823 1410 dicatur
841 1376 949 1422 quod
975 1375 1204 1411 mendicant
1229 1375 1268 1411 in
1290 1376 1435 1423 gallico
1459 1377 1749 1423 universaliter,

443 1441 623 1479 petentes
656 1433 762 1480 quod
798 1434 998 1468 donentur
1021 1432 1210 1469 fratribus
1243 1446 1316 1481 pro
1350 1447 1488 1471 amore
1512 1435 1584 1472 Dei
1617 1436 1752 1484 aliqua
1769 1452 1810 1473 20

443 1491 560 1526 bona.

198 1555 331 1589 perhaps
352 1559 382 1581 10
501 1549 576 1584 Sed
612 1560 683 1595 ego
717 1548 851 1584 nescio
886 1561 1071 1584 excusare
1101 1549 1273 1585 formam
1298 1562 1422 1597 quare
1454 1550 1509 1586 sic
1542 1559 1681 1599 petant
1714 1552 1753 1588 in

167 1590 413 1651 ΞῙῙΒΕᾸῘἛῙΙῙῙῘᾙΕΪὌ
442 1606 586 1654 gallico
615 1606 692 1642 nisi
714 1607 775 1643 vel
799 1606 891 1654 quia
921 1606 976 1642 sic
1009 1606 1237 1643 mendicare
1260 1607 1297 1642 in
1321 1607 1489 1655 Anglico
1513 1610 1751 1646 erubescunt

442 1665 501 1700 vel
539 1673 581 1699 ut
614 1664 791 1713 indicent
823 1677 863 1701 se
903 1677 986 1701 esse
1019 1665 1236 1712 plurimum
1271 1665 1522 1703 Robertinos.
1572 1667 1750 1704 Primum

444 1731 577 1759 autem
631 1735 721 1758 cum
775 1722 825 1759 sit
878 1722 1128 1759 meritorium
1182 1723 1282 1759 sicut
1335 1732 1371 1760 et
1415 1725 1612 1761 confessio
1667 1725 1806 1763 fieri25

445 1782 606 1817 deberet
646 1793 827 1828 expresse
866 1780 905 1816 in
938 1780 1118 1828 Anglico,
1160 1790 1196 1817 et
1235 1782 1368 1829 quoad
1408 1784 1628 1819 secundum
1669 1796 1750 1820 non

445 1848 501 1874 est
547 1839 632 1874 laus
677 1838 879 1884 fratribus,
927 1851 1015 1874 cum
1062 1839 1101 1874 in
1145 1838 1275 1886 prima
1320 1840 1529 1876 creacione
1569 1842 1750 1877 Urbani

443 1896 600 1932 nostri
646 1904 727 1932 tam
773 1896 1038 1944 provinciales
1078 1909 1198 1945 quam
1247 1897 1438 1945 capitales
1478 1910 1616 1934 eorum
1658 1912 1748 1935 cum

442 1954 522 1990 suis
555 1954 724 1990 subditis
757 1954 876 1990 iurati
908 1964 1000 1990 sunt
1032 1954 1105 1990 sibi
1135 1964 1177 1990 ut
1205 1968 1308 2003 pape
1344 1956 1515 1992 fideliter
1543 1958 1748 2003 adherere,

440 2012 531 2048 licet
578 2013 698 2048 modo
744 2022 952 2060 tamquam
991 2021 1174 2061 apostate
1213 2014 1262 2049 ab
1300 2013 1387 2061 ipso
1426 2013 1640 2050 infideliter
1672 2015 1749 2051 sint
1767 2019 1808 2051 30

440 2070 567 2106 divisi.
619 2072 667 2106 Et
712 2079 821 2118 patet
865 2072 973 2118 quod
1019 2083 1156 2107 eorum
1204 2071 1454 2108 mendicacio
1498 2085 1579 2108 non
1625 2081 1682 2109 est
1727 2086 1749 2109 a

439 2127 599 2165 Christo
638 2129 698 2164 vel
736 2129 929 2176 apostolis
969 2130 1191 2177 exemplata
1229 2131 1297 2165 sed
1330 2138 1411 2165 tam
1447 2129 1522 2166 fide
1554 2130 1749 2178 scripture

441 2199 560 2234 quam
595 2186 824 2222 racionibus
857 2188 1085 2234 reprobata.

175 2248 397 2285 Thcydonot
498 2245 715 2280 Redeundo
755 2257 847 2292 ergo
887 2246 935 2280 ad
975 2253 1123 2280 textum
1164 2245 1269 2281 Petri
1314 2254 1423 2293 patet
1462 2247 1569 2294 quod
1606 2246 1748 2282 fratres

191 2285 382 2354 1¹⁰¹}2‘52223fh0
438 2301 607 2349 predicti
631 2311 673 2338 ut
697 2304 835 2338 Petrus
858 2302 1029 2350 precipit
1051 2315 1132 2339 non
1158 2302 1427 2339 honorificant
1450 2316 1582 2351 regem
1616 2316 1745 2350 suum,
1764 2308 1803 2342 35

439 2368 522 2395 tum
563 2360 655 2408 quia
695 2360 868 2408 spoliant
901 2373 1097 2408 pauperes
1130 2360 1240 2408 regni
1273 2361 1345 2407 sui,
1381 2370 1634 2398 monstruose
1667 2361 1747 2398 edi-

440 2417 527 2453 ficia
570 2419 863 2465 conglobando,
898 2427 982 2454 tum
1017 2418 1142 2454 eciam
1177 2418 1270 2466 quia
1303 2418 1397 2455 facti
1430 2419 1677 2456 confessores
1711 2429 1747 2455 et
1776 2460 1788 2466 q

439 2475 656 2512 consiliarii
695 2485 777 2512 tam
818 2477 1102 2524 preconsulum
1133 2475 1136 2526 Ι
1166 2489 1286 2524 quam
1327 2476 1453 2513 eciam
1487 2477 1744 2514 dominorum
1764 2460 1844 2538 ἓξὲξ,

437 2534 497 2569 vel
520 2542 653 2569 tacent
675 2535 736 2570 vel
768 2533 1004 2582 impugnant
1027 2534 1145 2570 fidem
1180 2534 1462 2582 evangelicam.
1496 2537 1543 2570 Et
1575 2535 1631 2571 sic
1662 2544 1747 2572 tota

508 2676 532 2696 2.
556 2667 649 2696 Cod.:
672 2669 834 2704 penitrant.
909 2676 937 2703 9.
959 2668 1053 2696 Cod.:
1077 2674 1309 2704 superel'ogant.
1383 2677 1429 2704 29.
1451 2669 1534 2697 Cod:
1556 2670 1662 2697 jurate.

510 2752 537 2784 3.
565 2752 642 2782 The
670 2759 767 2793 story
795 2752 822 2782 is
849 2752 923 2782 told
953 2752 984 2782 in
1014 2751 1071 2783 the
1100 2753 1269 2783 lectiones
1296 2752 1333 2784 of
1359 2753 1417 2784 the
1443 2753 1576 2784 service
1596 2752 1651 2784 for
1671 2753 1745 2785 that

438 2799 515 2841 day.
549 2798 599 2829 Cf.
627 2800 752 2829 Sarum
784 2798 962 2840 Breviary,
999 2799 1186 2830 Lectiones
1213 2800 1242 2831 V
1270 2799 1336 2830 and
1364 2799 1410 2830 Vl
1445 2799 1485 2830 of
1514 2798 1573 2830 the
1607 2800 1743 2831 service

438 2845 491 2877 for
517 2844 576 2876 the
602 2843 802 2876 Translatio
830 2844 994 2876 Edwardi
1025 2845 1127 2888 Regis
1154 2852 1187 2876 et
1214 2844 1447 2878 Confessoris.
1475 2845 1561 2877 XIII.
1589 2845 1666 2878 Oct.
