1944 3323
124 233 205 283 463
713 241 938 275 JOHANle
957 239 1140 275 vactlF
1160 239 1416 273 sEaiioNUM
1476 223 1626 284 [SERMO
1648 232 1726 264 mv.

155 360 223 387 God
245 359 360 398 obeyed
416 351 492 388 lide
523 350 721 399 scripture
753 351 872 386 Josue
904 349 956 384 Xf'
982 349 1090 396 quod
1113 348 1220 384 Deus
1253 347 1416 384 obedivit
1451 346 1534 382 voci
1565 345 1726 382 hominis

178 395 227 421 ὼε
248 394 338 421 devii.
413 422 485 446 nec
519 410 626 458 quod
651 407 831 445 Christus
865 407 1040 443 obedivit
1064 406 1261 451 Scarioth,
1297 418 1379 442 non
1412 406 1595 441 obstante
1619 405 1726 453 quod

414 467 533 504 simul
557 467 628 503 fuit
652 469 756 502 Deus
791 475 827 502 et
852 466 987 510 homo,
1023 473 1059 501 et
1084 463 1269 500 Scarioth
1304 473 1398 500 tunc
1431 462 1503 499 fuit
1528 462 1726 499 diabolus.

137 534 243 561 Clu-ist
264 533 379 572 qbeyed
414 528 462 561 Et
502 525 533 562 si
574 525 747 572 fingatur
781 525 889 572 quod
923 522 1014 559 talis
1048 522 1298 558 ministracio
1332 521 1371 557 in
1405 520 1583 558 sensibili
1616 520 1728 568 signo

191 569 329 602 ¹⁵⁶³r¹⁰⁸
414 596 495 620 non
540 582 611 618 fuit
665 581 900 618 obediencia
954 589 1119 629 propter
1165 579 1436 616 maioritatem
1483 578 1629 615 Christi
1679 579 1763 614 ad}

415 641 613 685 Scarioth,
654 641 860 688 quomodo
900 652 981 676 non
1023 640 1295 675 destrueretur
1343 650 1413 686 per
1458 637 1555 673 illud
1600 635 1730 673 cuius-

416 711 572 748 cunque
605 697 771 734 virtuosi
805 697 939 746 operis
972 695 1210 734 exercitacio
1245 695 1409 732 maioris
1441 696 1490 731 ad
1532 694 1728 731 minorem

416 758 550 806 quoad
585 759 727 794 Deum.
775 758 823 791 Et
857 768 947 792 cum
980 755 1189 803 ignoratur
1222 753 1457 802 regulariter
1489 753 1520 789 si
1552 753 1729 801 prelatus

415 816 476 852 vel
508 814 691 851 subditus
726 813 854 850 maior
886 813 959 849 fuit
992 814 1126 862 quoad
1149 814 1292 858 Deum,
1326 812 1458 847 nullus
1491 812 1607 847 debet
1639 811 1730 847 sub-

418 875 539 910 ducta
562 871 811 909 revelacione
834 871 998 908 obedire
1022 869 1237 918 temporali
1261 870 1430 918 prelato,
1456 882 1545 906 cum
1572 868 1729 917 ignorat
1753 880 1790 901 10

418 931 449 968 si
482 932 598 967 debet
631 930 686 967 sic
719 930 849 966 facere
884 929 990 966 iuxta
1022 928 1132 965 illam
1168 927 1370 965 ficticiam.

143 996 201 1023 and
224 994 390 1022 submitted
476 988 680 1034 Similiter,
716 988 896 1025 Christus
929 987 1002 1023 fuit
1034 999 1173 1035 passus
1206 994 1243 1022 et
1275 994 1493 1034 temptatus
1527 998 1549 1021 a
1572 984 1733 1021 diabolo

143 1029 385 1093 tgtbtehgegig'titl‘d
420 1050 477 1092 (ut
509 1055 619 1096 patet
652 1045 819 1082 Matthei
852 1047 951 1091 IV0),
994 1057 1118 1094 quare
1151 1056 1245 1092 ergo
1278 1057 1359 1080 non
1393 1043 1467 1080 sibi
1500 1042 1732 1079 humanitus

421 1105 621 1142 obedivit?
644 1107 734 1141 Non
757 1103 863 1140 enirn
887 1103 1085 1152 sequitur:
1115 1102 1155 1139 Si
1180 1101 1361 1138 Christus
1384 1101 1541 1150 negavit
1563 1101 1734 1137 adorare

422 1163 538 1200 latria
582 1162 712 1211 ipsum
758 1161 979 1208 diabolum,
1028 1170 1122 1197 tunc
1174 1160 1331 1208 negavit
1383 1159 1457 1196 sibi
1512 1159 1553 1195 in
1598 1159 1790 1207 aliqUO15

423 1221 598 1267 obedire,
640 1220 734 1269 quia
772 1219 879 1256 iuxta
918 1220 993 1256 hoc
1034 1220 1143 1255 nulla
1176 1218 1278 1255 foret
1321 1217 1555 1255 obediencia
1586 1216 1734 1253 nostris

425 1278 638 1328 prepositis
671 1277 912 1323 faciendum,
948 1290 1037 1314 cum
1072 1276 1189 1314 latria
1223 1276 1272 1312 sit
1305 1276 1383 1312 illis
1416 1276 1657 1323 negandum.
1693 1277 1735 1310 In

425 1339 500 1374 hoc
545 1349 638 1384 ergo
672 1338 781 1385 quod
815 1336 995 1372 Christus
1035 1334 1217 1383 permisit
1250 1346 1290 1370 se
1323 1334 1379 1371 sic
1412 1333 1561 1370 differri
1594 1346 1616 1369 a
1650 1332 1733 1369 dia-

425 1396 518 1432 bolo
558 1394 650 1431 fecit
689 1394 763 1430 sibi
804 1394 999 1430 maiorem
1039 1391 1319 1429 obedienciam
1359 1392 1420 1429 vel
1464 1391 1733 1428 humilitatem

425 1466 545 1502 quam
580 1452 781 1489 subiectus
816 1453 1038 1488 monachus
1071 1450 1165 1488 facit
1198 1463 1270 1486 suo
1304 1449 1439 1487 abbati
1480 1449 1559 1486 sive
1592 1462 1735 1497 prepo-
1755 1462 1794 1483 20

426 1513 515 1548 sito.
557 1510 738 1547 Christus
779 1510 883 1546 enim
924 1523 1005 1547 non
1039 1510 1168 1545 solum
1203 1508 1379 1545 obedivit
1412 1510 1496 1545 Deo
1530 1507 1631 1544 sicut
1664 1519 1736 1543 nec

428 1570 502 1605 sibi
561 1569 818 1606 solummodo
879 1567 1132 1613 ministravit,
1192 1580 1282 1604 cum
1334 1566 1572 1615 Apostolus:
1638 1565 1737 1600 Dico

427 1635 552 1664 autem
584 1628 712 1663 Jesum
753 1626 950 1662 Christum
997 1626 1215 1661 ministrzmz
1250 1625 1379 1674 fuisse
1423 1623 1736 1660 circumcisioni&

428 1685 569 1722 Melius
603 1698 697 1733 ergo
731 1684 867 1720 fuisset
908 1683 982 1719 hiis
1024 1683 1359 1731 dampnatoribus
1399 1681 1618 1719 decrevisse
1653 1679 1738 1728 qui-

429 1744 595 1780 ditatem
630 1742 871 1780 sacramenti
906 1741 1120 1778 eukaristie
1155 1754 1243 1777 cum
1276 1754 1345 1777 sua
1371 1739 1622 1784 fundacione,
1647 1751 1736 1775 cum
1756 1741 1794 1772 25

430 1804 477 1838 de
510 1801 586 1837 illis
619 1810 675 1837 est
707 1810 816 1837 tanta
850 1800 998 1836 heresis
1031 1809 1112 1836 tam
1148 1799 1185 1835 in
1219 1799 1382 1848 prelatis
1415 1811 1534 1846 quam
1569 1796 1739 1833 subditis

430 1860 638 1896 seminata.
686 1860 761 1895 Sed
802 1860 958 1895 hereses
997 1857 1201 1894 infectivas
1240 1857 1405 1894 ecclesie
1444 1856 1536 1892 dicti
1580 1864 1739 1902 satrape

429 1918 611 1954 nutriunt
628 1926 664 1954 et
680 1918 896 1961 occultant,
914 1916 1098 1953 veritates
1122 1924 1253 1951 autem
1282 1915 1498 1952 catholicas
1515 1912 1740 1961 despiciunt

430 1986 466 2012 et
500 1984 802 2023 contempnunt.

152 2038 407 2100 eglogigngtnfflfss
488 2036 692 2079 Quantum
735 2035 784 2070 ad
830 2031 1166 2080 dampnacionem
1214 2040 1333 2079 atque
1379 2028 1737 2066 catholicacionem
1755 2029 1798 2062 30

172 2116 223 2134 are
243 2108 384 2136 catholic,
431 2092 554 2128 factas
589 2091 627 2126 in
661 2091 729 2126 illo
763 2090 934 2127 concilio
966 2092 1240 2134 Terremotus,
1276 2097 1383 2136 patet
1418 2100 1459 2124 ex
1494 2087 1610 2123 dictis
1643 2099 1739 2135 quo-

146 2142 414 2204 bugossfffflsiaosgsm’
433 2150 552 2185 modo
592 2148 725 2197 alique
763 2157 853 2184 sunt
893 2147 1088 2184 catholice
1129 2156 1165 2183 et
1210 2146 1341 2195 alique
1387 2147 1501 2193 plene
1546 2144 1740 2184 heretice:

174 2211 381 2273 ngtllssc'lffcffis
432 2206 629 2244 catholice
661 2215 751 2243 sunt
775 2206 840 2242 ille
864 2218 939 2254 que
973 2214 1064 2241 sunt
1088 2206 1135 2241 de
1170 2205 1373 2241 heresibus
1397 2217 1494 2252 quas
1530 2204 1741 2239 mendaces

145 2277 475 2314 niaintained‚a11dex
512 2277 553 2301 se
586 2273 622 2301 et
656 2274 768 2313 patre
791 2277 862 2301 suo
887 2264 1080 2300 finxerant
1113 2276 1210 2311 quas
1244 2263 1374 2298 nullus
1408 2261 1628 2298 catholicus
1661 2260 1742 2296 vult

145 2315 418 2378 ῗέξῗζῖζῗζξξὲἑζᾞξς
432 2332 578 2359 tenere.
612 2322 727 2359 Talia
761 2322 864 2358 enim
901 2322 1054 2369 fingunt
1087 2322 1134 2357 de
1167 2320 1260 2357 viris
1294 2319 1517 2364 catholicis,
1551 2327 1594 2355 ut
1627 2319 1798 2354 suam35

181 2388 376 2423 imputation.
434 2381 581 2417 famam
629 2381 849 2429 denigrent,
903 2393 948 2417 ac
1001 2379 1031 2415 si
1076 2379 1342 2416 hereticarent
1388 2379 1495 2426 quod
1534 2379 1638 2413 Deus
1686 2384 1743 2412 est

434 2439 617 2476 diabolus
661 2439 720 2476 vel
759 2451 1041 2487 quamcunque
1085 2437 1203 2473 aliam
1254 2436 1425 2473 heresim
1468 2434 1741 2472 manifestam:

504 2616 524 2637 1.
547 2607 639 2636 Cod.:
668 2608 734 2635 voci
756 2607 784 2635 h.
904 2615 930 2642 7.
953 2605 1046 2633 Cod.:
1074 2605 1232 2633 exercicio.
1352 2606 1378 2631 N.
1401 2604 1495 2632 Cod.:
1525 2604 1575 2631 sed
1599 2603 1743 2638 prelatus.

435 2652 472 2672 12.
494 2645 526 2671 In
549 2652 661 2678 marg:
692 2649 717 2670 2.
819 2649 862 2668 22.
883 2641 1070 2676 Apostolus:
1097 2640 1190 2667 adde:
1219 2639 1302 2667 dicit.
1405 2647 1451 2673 η.
1473 2639 1567 2665 Cod.:
1596 2639 1745 2673 dampna-

434 2679 584 2706 (tionibus.
659 2676 703 2711 ¹31.
725 2676 818 2703 Cod.:
848 2677 983 2703 fixerant.

511 2786 536 2806 1.
563 2775 668 2806 Josue
695 2774 734 2812 X,
767 2783 816 2813 14.
943 2781 994 2803 22.
1026 2772 1126 2802 Rom.
1155 2771 1228 2811 XV,
1256 2769 1286 2802 8.
1413 2767 1558 2801 ’Ξῖ-32.
1586 2769 1662 2804 Que
1689 2766 1744 2797 hic

437 2828 633 2863 sequuntur
667 2820 697 2850 in
727 2818 952 2850 ‘Defensione
982 2817 1126 2859 Wyclyf
1159 2824 1241 2858 post
1279 2815 1537 2846 damnationem
1572 2825 1670 2846 suam
1711 2812 1744 2844 in

437 2867 586 2898 concilio
615 2865 865 2897 Londoniensi·
893 2864 1059 2895 invenies.
1090 2864 1183 2894 Fasc.
1212 2863 1271 2893 ziz.
1299 2872 1377 2903 pag.
1406 2860 1481 2892 283.
