1944 3323
145 270 282 299 SERMO
298 259 456 315 xxxvi}
657 271 832 304 TERTlA
865 270 988 302 PARS.

146 380 224 417 sint
264 379 420 428 inique;
467 387 502 415 ct
541 378 597 414 sic
637 376 874 425 intelligitur
913 378 1021 425 quod
1067 375 1309 413 christianus
1353 376 1465 413 odire

147 439 291 475 debeat
324 437 501 486 privatos
535 435 710 473 ordines.

205 498 260 532 Ex
312 495 396 532 istis
446 494 627 543 sequitur
679 493 895 531 correlarie
947 494 1057 542 quod
1108 494 1231 530 omnis
1280 493 1345 542 qui
1387 493 1467 528 odit

148 554 404 602 culpabiliter
432 554 611 602 fratrem
650 565 761 589 suum
801 553 992 588 homicida
1032 559 1100 598 est,
1141 565 1231 589 cum
1274 550 1468 599 extinguit

114 612 399 660 5spiritualem
445 611 567 648 vitam
620 610 754 648 anime
798 610 974 659 proprie.
1021 611 1072 647 ad
1120 623 1241 659 quam
1288 609 1467 657 graciam

56 667 131 728 pol}
146 670 312 719 spiritus
345 679 402 706 est
425 670 663 708 translatus:
698 678 735 705 et
759 669 992 717 dispositive
1023 681 1070 705 ac
1098 665 1103 721 Ι
1132 681 1226 718 sepe
1255 667 1469 705 actualiter

51 724 110 755 ²7¹
147 739 204 765 est
237 727 442 765 homicida
474 727 607 764 fratris
639 727 714 772 sui,
748 740 838 764 cum
869 736 1079 777 tamquam
1103 728 1204 764 alter
1227 728 1350 774 Caym
1375 738 1469 775 sepe

146 787 324 824 animam
351 816 358 824 .
385 816 391 823 .
419 816 426 823 .
462 788 538 823 hoc
562 815 570 822 .
597 815 604 822 .
631 815 638 822 .
673 785 803 834 privat
836 798 923 822 eam
958 785 1158 834 spirituali
1189 785 1269 822 vita
1301 797 1378 833 que
1411 793 1468 820 est

146 844 397 894 prestancior
430 857 551 894 quam
585 844 666 881 vita
697 843 869 893 proximi
901 844 1110 881 naturalis.
1145 846 1194 880 Et
1226 856 1317 880 cum
1347 843 1471 879 omnis

92 904 236 945 10tal1's
258 904 449 939 homicida
473 916 545 939 non
569 903 681 939 habet
713 912 756 939 ut
788 902 844 939 sic
877 902 1055 950 graciam
1088 902 1358 939 vivificantem
1393 913 1469 950 que

148 963 215 999 dat
248 961 409 998 titulum
444 963 495 998 ad
534 962 651 998 vitam
684 969 871 1007 eternam,
912 970 1021 1009 patet
1054 962 1163 1009 quod
1203 959 1337 996 omnis
1378 958 1469 996 talis

147 1020 372 1057 excluditur
404 1033 427 1057 a
458 1019 651 1056 societate
690 1019 872 1068 predicta
912 1028 1123 1068 tamquam
1158 1018 1284 1055 hostis
1318 1017 1469 1055 Christi

149 1080 198 1115 de
231 1079 405 1115 exercitu
437 1077 687 1115 Antichristi.

205 1139 253 1173 Et
293 1137 411 1173 istam
451 1136 808 1185 equivocacionem
850 1137 898 1173 de
943 1135 1166 1172 dileccione
1210 1133 1387 1171 hominis
1432 1142 1469 1170 et

93 1195 303 1236 15inimici
342 1204 503 1244 oportet
537 1195 750 1243 diligenter
788 1194 940 1234 notari:
965 1195 1173 1243 quomodo
1207 1192 1318 1241 diligi
1352 1193 1468 1229 debet

147 1263 291 1291 natura
324 1267 370 1290 ac
394 1255 499 1290 bona
525 1255 572 1290 de
604 1266 748 1301 genere
782 1266 858 1302 que
882 1255 989 1290 Deus
1022 1252 1204 1300 graciose
1237 1251 1311 1288 sibi
1336 1251 1469 1287 distri-

148 1313 254 1355 buit;
277 1314 346 1349 sed
370 1311 474 1349 odiri
498 1313 616 1349 debet
639 1313 758 1361 culpa
774 1322 810 1349 et
828 1323 1067 1361 quecunque
1082 1309 1279 1359 privativa
1303 1310 1469 1347 devocio

147 1371 281 1418 gracie
314 1380 351 1407 et
374 1370 615 1419 beneplaciti
639 1370 761 1408 divini
785 1384 906 1420 quarn
942 1369 1049 1418 capit
1082 1382 1104 1406 a
1137 1369 1319 1417 principe
1353 1368 1470 1404 huius

151 1430 303 1466 mundi.
349 1431 501 1466 Omnes
541 1429 646 1465 enim
681 1430 781 1466 tales
822 1438 928 1466 secte
962 1427 1192 1476 stragulatis
1224 1427 1400 1464 vestibus
1435 1436 1472 1463 et

93 1488 268 1528 2ovariis
301 1488 541 1533 induuntur3
581 1487 671 1524 ideo
705 1489 839 1536 quoad
871 1495 999 1524 vestes
1038 1487 1150 1523 albas
1184 1498 1284 1534 quas
1324 1487 1472 1522 habent

150 1559 172 1583 a
217 1545 394 1583 Domino
445 1555 537 1582 sunt
582 1547 756 1582 amande
809 1554 846 1582 et
891 1546 1027 1594 quoad
1071 1554 1199 1581 vestes
1245 1543 1471 1581 contrarias

149 1604 343 1645 odiende;
385 1613 423 1641 et
461 1604 517 1640 sic
556 1604 786 1652 specialiter
819 1606 937 1640 debet
976 1603 1147 1651 intelligi
1181 1604 1228 1639 de
1261 1602 1346 1639 istis
1381 1601 1472 1638 reli-

148 1663 334 1711 gionibus
374 1663 542 1700 novellis
576 1675 652 1712 que
693 1672 904 1712 tamquam
938 1662 1011 1698 viri
1046 1661 1227 1710 duplices
1260 1661 1301 1697 in
1333 1661 1471 1698 animo

148 1721 423 1758 inconstantes
468 1723 602 1770 quoad
645 1730 774 1758 vestes
819 1720 953 1758 anime
998 1720 1294 1768 stragulantur3
1344 1719 1470 1756 eciam

92 1787 132 1820 25
149 1779 326 1816 creditur
365 1781 472 1828 quod
513 1779 662 1816 heresis
700 1779 998 1828 prenosticatur
1037 1791 1080 1815 ex
1113 1778 1344 1815 induicione
1384 1790 1472 1826 per-

148 1847 269 1886 petua
299 1847 335 1875 et
359 1838 681 1886 desponsacione
711 1851 800 1874 cum
824 1837 1018 1874 varietate
1042 1836 1201 1874 habitus
1225 1836 1470 1885 corporalis3

149 1898 217 1933 sed
251 1896 345 1945 quia
377 1896 643 1945 superficialis
668 1896 836 1933 dileccio
870 1896 1045 1933 fraterna
1078 1908 1160 1932 non
1193 1895 1353 1942 sufficit,
1381 1895 1472 1931 ideo

150 1956 268 1992 docet
307 1956 510 1992 Johannes
557 1967 678 2004 quam
725 1954 991 1991 dileccionem
1037 1954 1221 1990 Christus
1266 1953 1305 1990 in
1349 1966 1390 1990 se
1435 1962 1473 1989 et

150 2013 342 2050 membris
383 2013 464 2050 suis
505 2013 641 2062 exigit:
676 2014 717 2050 In
753 2014 824 2050 hoc
857 2013 1112 2063 cognovimus
1145 2013 1348 2048 caritatem
1383 2012 1471 2059 Dei,

93 2079 134 2111 30
150 2072 327 2121 quoniam
383 2072 448 2109 ille
492 2085 570 2122 pro
621 2072 729 2109 nobis
778 2072 946 2108 animam
997 2084 1107 2108 suam
1147 2071 1279 2120 posuit
1325 2077 1360 2106 et
1405 2082 1473 2107 nos

151 2131 332 2167 debemus
359 2143 436 2180 pro
457 2130 662 2180 fratribus
700 2130 850 2166 animas
883 2142 1042 2179 ponere.
1088 2129 1343 2166 incitativum
1377 2141 1472 2177 ergo

150 2188 353 2225 sufficiens
384 2187 605 2225 christiano
636 2188 747 2237 diligi
777 2189 880 2225 foret
909 2188 965 2225 sic
995 2188 1126 2225 facere
1156 2189 1265 2236 quod
1290 2187 1505 2235 Christusd

152 2246 262 2295 prius
285 2246 326 2283 in
350 2259 524 2295 persona
547 2260 619 2284 sua
641 2247 697 2283 sic
712 2247 860 2284 fecerat
877 2256 913 2283 et
928 2246 1058 2283 verbis
1075 2245 1212 2283 docuit
1227 2245 1471 2282 faciendum.

150 2306 213 2341 Ad
251 2305 328 2341 hoc
373 2305 478 2342 enim
524 2305 556 2342 si
600 2317 738 2342 sumus
778 2305 819 2342 in
858 2305 1038 2351 caritate,
1085 2305 1280 2341 habemus
1326 2317 1348 2341 a
1388 2307 1472 2340 Deo

95 2370 135 2403 35
151 2362 382 2412 potenciam
422 2373 459 2400 et
497 2363 702 2400 virtutem.
748 2364 788 2400 Si
830 2376 924 2411 ergo
959 2363 1143 2399 Christus
1184 2371 1368 2399 mortuus
1416 2371 1473 2399 est

153 2421 193 2457 in
232 2434 402 2470 corpore
442 2421 678 2469 dignissimo
717 2423 769 2458 ad
808 2421 1154 2458 reconciliandum
1196 2430 1232 2458 et
1272 2420 1472 2466 inimicos,

153 2488 304 2528 quanto
334 2481 526 2516 debemus
559 2493 631 2517 nos
663 2493 813 2529 ponere
847 2480 1102 2528 corporalem
1134 2478 1258 2516 vitam
1290 2488 1472 2516 nostram

152 2546 235 2574 tam
270 2537 469 2574 abiectam
502 2551 576 2587 pro
617 2539 746 2576 salute
778 2537 979 2587 spirituali
1012 2537 1238 2575 amicorum
1273 2546 1310 2574 et
1334 2537 1473 2574 matris

154 2596 319 2632 ecclesie
357 2596 502 2645 quibus
541 2609 678 2634 sumus
723 2598 825 2634 adeo
870 2595 1049 2644 obligati.
1103 2597 1205 2633 Nam
1251 2597 1471 2633 secundum

223 2746 250 2771 N.
272 2744 424 2776 animanu
445 2742 566 2771 Rectius
586 2745 748 2780 legendnm
765 2753 832 2772 esse
848 2744 983 2772 videtur:
1006 2743 1140 2771 animam
1163 2744 1323 2778 extinguit,
1346 2744 1402 2770 linc
1417 2748 1471 2770 est.

155 2786 197 2813 14.
213 2779 318 2807 Recte:
341 2779 377 2806 Et
398 2780 569 2806 secundum
591 2780 693 2807 istam.
767 2779 808 2807 25.
825 2780 920 2807 Cod.:
942 2784 1018 2815 quot
1036 2779 1154 2812 liereis3
1175 2787 1212 2805 an
1235 2779 1396 2813 legendum
1420 2779 1473 2805 hec

155 2815 215 2841 eis:
244 2813 342 2841 herois
364 2814 421 2841 ulia
444 2819 473 2841 ut
496 2815 616 2841 xidctur
638 2823 729 2841 mauu
752 2815 914 2850 scriptum.
989 2813 1032 2850 37.
1055 2813 1150 2841 Coti:
1179 2814 1288 2841 demus
1311 2822 1376 2840 nos.

226 2921 258 2952 4.
286 2911 308 2942 1.
335 2910 415 2942 Joh.
444 2911 498 2948 ΙΙΙ,
524 2911 572 2943 ι5.
681 2922 714 2954 9.
738 2911 784 2942 ib.
895 2920 948 2956 29.
975 2911 1020 2942 ib.
1045 2910 1094 2944 16.

1680 263 1749 298 301

1505 1143 1602 1172 What
1624 1144 1691 1170 love
1711 1143 1736 1170 is

1494 1179 1635 1214 required
1658 1179 1692 1206 Of
1710 1188 1754 1206 us.

1516 2137 1577 2165 We
1597 2141 1680 2164 must
1701 2137 1736 2164 be

1518 2172 1613 2208 ready
1634 2177 1664 2199 to
1685 2173 1734 2208 lay

1510 2216 1581 2235 own
1602 2215 1660 2235 our
1680 2207 1765 2235 lives.
