1944 3323
191 255 327 285 sERMO
349 245 475 303 xxm]
679 258 853 290 TERTiA
883 259 1008 290 PARS.
1725 266 1733 289 ¹
1749 266 1798 301 79

190 367 380 417 accipiant
419 366 758 416 repromissionem
798 373 926 402 eterne
965 367 1212 412 hereditatis;
1257 375 1385 403 morte
1419 366 1509 403 dico
1526 375 1625 403 which
1649 377 1798 412 prepared

190 425 461 463 satisfaciente
512 437 585 473 pro
636 423 1032 472 prevaricacionibus
1082 424 1226 461 veteris
1279 425 1509 461 testamenti
1561 411 1766 473 ¹¹¹Cssf{³ff{'‚f⁰¹‘

190 496 265 532 pro
305 483 449 533 quibus
488 495 568 519 non
610 482 742 531 potuit
786 481 917 531 ipsum
958 483 1201 520 satisfacere.
1248 482 1360 520 Sicut
1405 482 1510 519 enim

191 542 360 579 materia
393 550 451 578 est
474 541 648 590 quedam
672 541 861 589 potencia
893 541 943 577 ad
974 541 1264 587 actualitatem,
1298 540 1354 578 sic
1379 540 1513 590 dispo-

157 599 289 637 58icio
333 600 374 636 in
418 600 504 647 lege
547 598 670 636 veteri
715 598 789 635 fuit
827 600 1001 648 quedam
1041 599 1279 648 preparacio
1318 600 1368 636 ad
1402 612 1511 636 com-

191 657 417 706 plecionem
462 657 601 694 salutis
641 657 807 694 humani
845 657 1013 705 generis.
1059 660 1115 694 Ex
1155 671 1234 707 quo
1278 670 1371 706 ergo
1406 660 1511 694 Deus
1527 666 1588 694 For
1605 667 1674 694 God
1691 667 1802 706 having

191 715 297 765 cepit
330 716 441 752 illam
475 716 647 752 salutem
681 715 825 762 facere,
860 724 918 752 est
951 715 1224 753 necessarium
1259 717 1368 765 quod
1402 729 1511 753 com-
1528 702 1636 764 bggffind
1651 703 1801 764 {ss3³3ssss

190 774 326 823 plevit,
367 774 461 823 quia
500 773 600 810 alias
639 774 742 810 foret
780 774 1014 822 imperfecte
1054 774 1240 823 potencie
1279 783 1400 824 atque
1434 774 1512 811 dis-
1562 772 1765 807 complerem.

191 832 400 879 crecionis,
431 833 539 881 quod
569 832 809 868 blasfemum
834 841 892 869 est
916 834 1092 870 credere.
1127 834 1228 870 Cum
1253 845 1346 881 ergo
1370 832 1512 881 positis

136 905 175 927 10
190 891 356 940 paribus
395 890 577 939 oportuit
616 890 821 928 Christum
861 890 918 927 sic
957 891 1041 939 pati
1081 900 1117 928 et
1152 891 1254 928 mori
1294 904 1368 940 pro
1402 904 1512 928 com—

190 949 375 998 plecione
398 949 593 998 predicta,
625 957 737 997 patet
760 961 882 998 quam
906 961 997 986 vere
1021 949 1168 985 dicitur
1191 951 1300 999 quod
1331 949 1512 998 oportuit

190 1007 396 1045 Christum
429 1007 513 1056 pati
548 1016 584 1044 et
617 1007 672 1044 sic
705 1007 856 1044 intrare
889 1007 929 1043 in
961 1007 1131 1056 gloriam
1166 1021 1293 1045 suam.
1328 1010 1377 1044 Et
1401 1017 1511 1056 patet

189 1067 298 1115 quod
322 1066 459 1114 dispar
483 1074 540 1102 est
565 1065 675 1102 racio
700 1078 823 1114 quare
853 1074 1141 1103 testamentum
1171 1065 1346 1103 hominis
1370 1065 1512 1114 recipit

189 1123 549 1161 confirmacionem
572 1136 642 1171 per
660 1133 834 1161 mortem
858 1137 973 1161 suam
997 1133 1035 1161 et
1049 1133 1340 1162 testamentum
1362 1137 1511 1161 novum

135 1185 172 1218 ιδ
190 1183 339 1220 Christi
373 1182 734 1219 confirmacionem
768 1182 911 1231 recipit
944 1191 1075 1220 morte
1107 1196 1191 1220 sua.
1234 1185 1369 1219 Homo
1404 1182 1509 1219 enim

189 1254 310 1290 quam
350 1241 418 1277 diu
456 1240 596 1277 vixerit
635 1250 693 1277 est
733 1241 915 1278 errabilis
961 1250 998 1278 et
1038 1250 1171 1290 potest
1210 1241 1250 1278 in
1289 1240 1512 1290 prudencia

189 1298 461 1337 ordinacionis
483 1311 552 1336 sue
573 1299 757 1345 deficere,
779 1301 849 1336 sed
864 1300 953 1348 ipso
972 1309 1134 1336 mortuo
1159 1299 1512 1348 impossibilitatur

189 1359 240 1395 ad
272 1357 514 1406 prudencius
548 1357 858 1406 providendum.
898 1359 991 1395 Ideo
1025 1358 1122 1395 dicit
1153 1358 1373 1407 Apostolus
1400 1387 1406 1394 .

190 1418 298 1465 quod
341 1424 610 1453 testamentum
655 1417 864 1452 humanum
904 1429 979 1466 per
1021 1417 1330 1453 intercessionem
1376 1416 1513 1453 mortis
1528 1424 1806 1453 Confirmatimior

132 1488 174 1509 20
190 1475 354 1511 hominis
397 1475 666 1525 cozfirmatztr,
712 1476 781 1511 sed
828 1475 869 1511 in
917 1474 1233 1512 confirmacione
1279 1474 1510 1512 testamenti
1535 1462 1584 1489 ¹¹¹⁰
1601 1463 1792 1490 Testament.

191 1533 339 1570 Christi
379 1542 437 1570 est
470 1545 591 1570 causa
630 1532 720 1579 alia,
763 1546 853 1570 curn
894 1533 1075 1582 oportuit
1107 1542 1280 1570 mortem
1321 1546 1435 1570 suam
1468 1542 1511 1569 ut

191 1591 370 1640 precium
412 1594 496 1628 Deo
536 1590 635 1627 solvi
679 1604 753 1639 pro
798 1591 1194 1640 prevaricacionibus
1242 1593 1293 1629 ad
1338 1605 1509 1640 quarum

190 1650 512 1686 satisfaccionem
547 1648 747 1686 mediator
779 1650 852 1687 Dei
891 1659 928 1686 et
968 1650 1179 1687 hominum
1214 1662 1254 1687 se
1286 1649 1409 1686 libere
1441 1651 1510 1686 sed

191 1708 421 1745 eternaliter
465 1707 668 1756 obligavit.
724 1710 772 1744 Et
816 1708 872 1745 ita
917 1707 1064 1745 dicitur
1109 1710 1219 1757 quod
1263 1709 1408 1757 duplex
1453 1717 1510 1745 est

134 1772 173 1803 25
189 1766 368 1812 vocacio,
402 1766 553 1802 scilicet
587 1766 947 1814 predestinacionis
980 1776 1018 1803 et
1050 1766 1286 1815 temporalis
1320 1766 1510 1803 iustifica-

191 1824 329 1871 cionis,
365 1824 496 1873 prima
531 1833 587 1861 est
620 1833 757 1861 eterna
789 1826 858 1861 sed
893 1825 971 1861 alia
1005 1825 1262 1874 temporalis3
1298 1834 1335 1861 et
1358 1826 1405 1861 de
1435 1825 1510 1861 ista

189 1884 365 1920 secunda
403 1882 584 1931 loquitur
622 1883 873 1931 evangelium
914 1883 1082 1920 Matthei
1107 1913 1114 1920 .
1141 1913 1149 1921 .
1175 1913 1216 1920 ..
1264 1883 1385 1919 Multi
1420 1891 1509 1919 sunt

190 1942 326 1989 vocati,
354 1942 473 1991 pauci
503 1954 594 1978 vero
626 1942 746 1978 electi.
780 1943 829 1977 Et
860 1941 937 1978 isto
970 1943 1147 1978 secundo
1180 1942 1303 1978 modo
1325 1941 1510 1978 videntur

190 2000 363 2049 apostoli
402 1999 600 2037 anteferre
639 2012 679 2036 se
717 2008 882 2037 vocatos
923 2001 974 2036 ad
1018 2001 1269 2049 apostolatus
1314 2000 1508 2037 officium.

133 2068 175 2100 30
190 2061 280 2096 Non
322 2058 428 2095 enim
467 2067 747 2106 presumerent
787 2058 995 2107 publicare
1033 2071 1074 2095 se
1108 2071 1191 2095 esse
1222 2067 1388 2096 vocatos
1421 2071 1510 2107 pre-

191 2116 479 2163 destinacione,
514 2116 607 2153 licet
639 2116 739 2153 illud
771 2116 960 2153 sciverint
993 2129 1077 2154 esse
1108 2130 1262 2154 verum.

248 2175 366 2212 Circa
404 2176 507 2212 hanc
547 2174 760 2223 epistolam
801 2175 1008 2212 dubitatur
1048 2177 1256 2224 quomodo
1296 2183 1507 2224 peccatum
1524 2184 1591 2212 Tlie
1612 2184 1791 2212 distinction

191 2235 362 2270 mortale
407 2242 444 2270 et
487 2233 644 2270 veniale
688 2233 863 2270 hominis
912 2233 1231 2282 distinguuntur3
1277 2243 1314 2270 et
1352 2233 1509 2270 videtur
1526 2220 1797 2283 ἶζξὲζῗζήᾟοζὶᾮ]

190 2293 298 2341 quod
336 2292 451 2328 valde
490 2291 662 2340 pertinet
701 2291 980 2329 sacerdotibus
1013 2301 1051 2329 et
1082 2292 1248 2341 prelatis
1280 2291 1509 2340 specialiter

134 2361 173 2394 35
190 2359 384 2398 punctum
430 2349 550 2386 istum
597 2363 853 2399 cognoscere,
900 2350 994 2399 quia
1039 2350 1154 2387 aliter
1198 2350 1356 2386 videtur
1400 2351 1509 2399 quod

99 2408 173 2460 Fpol·
189 2408 372 2445 nesciunt
395 2420 642 2456 quemquam
671 2407 675 2459 Ι
704 2410 911 2446 absolvere
933 2409 995 2446 vel
1019 2408 1261 2445 medicinam
1285 2408 1507 2457 spiritalem

94 2453 174 2487 ²²8b
190 2476 343 2515 aptare,
377 2479 450 2503 nec
488 2466 636 2503 scirent
668 2469 832 2516 quando
875 2467 1285 2504 excommunicabunt
1316 2467 1377 2504 vel
1410 2467 1509 2503 cele-

191 2526 376 2571 brabunt,
412 2526 573 2574 quando
611 2525 962 2563 necessitabuntur
995 2525 1179 2562 confiteri
1211 2526 1273 2562 vel
1311 2534 1507 2574 quantum

190 2585 241 2620 ad
273 2592 485 2632 peccatum
519 2583 694 2632 pertinet
726 2585 856 2621 facere
890 2584 1059 2633 quodvis
1092 2597 1206 2632 opus.
1240 2587 1368 2620 Nemo
1402 2584 1507 2620 enim

260 2738 298 2758 12.
321 2730 415 2758 Coti:
437 2735 465 2758 ct
486 2735 580 2766 paret.
655 2731 691 2758 15.
714 2731 808 2759 Cod.:
831 2731 1081 2759 confirmacione.
1156 2731 1196 2758 18.
1219 2731 1313 2759 Cod.:
1336 2732 1508 2765 Apostolus

191 2766 328 2801 sequitur
343 2766 461 2793 lacuna.
518 2774 559 2800 ις).
578 2765 674 2793 Cod.:
690 2766 934 2793 intercisionem.
990 2774 1036 2799 24.
1054 2767 1086 2793 In
1102 2774 1216 2801 marg:
1234 2766 1368 2793 vocacio
1384 2767 1507 2800 duplex.

190 2808 233 2835 27.
254 2801 398 2834 Mutthei;
420 2801 559 2835 sequitur
579 2801 697 2828 lacuna.
771 2800 814 2828 32.
836 2802 868 2828 Iu
891 2810 1006 2835 marga
1028 2801 1176 2828 Dubium.

266 2907 291 2928 1.
320 2896 427 2928 Hebr.
453 2897 511 2936 IX,
537 2897 584 2930 15.
687 2908 737 2942 19.
765 2897 810 2931 ib.
843 2897 892 2939 16,
926 2908 974 2939 ¹7·
1074 2908 1125 2940 27.
1152 2897 1275 2931 Matth.
1302 2898 1375 2937 XX,
1399 2895 1449 2928 16.

1308 2971 1376 3000 12ss
