1944 3323
186 210 199 221 a

185 209 261 254 ³48

250 334 297 357 ()11
321 331 380 358 this

180 365 375 401 suppositiou
399 367 447 392 111..-

259 406 374 434 private

187 435 331 469 religionis
351 436 445 470 ought

179 475 208 496 io
231 478 357 504 snrpass
377 478 450 497 even

201 505 249 531 the
268 505 425 539 Apostles.

186 1196 306 1230 Thines·
330 1203 429 1224 ineant

206 1237 235 1257 to
258 1232 326 1265 help
349 1240 417 1267 may

254 1266 370 1293 liiuder.

175 2295 195 2320 11
216 2295 241 2320 is
264 2294 356 2328 urged
380 2295 441 2321 that

189 2337 246 2355 0111·
266 2336 427 2363 argument

184 2364 283 2390 would
307 2364 431 2399 destroy

173 2399 208 2424 all
232 2398 347 2425 human
369 2399 436 2425 law.

763 214 986 246 JOHANNIS
1008 215 1188 247 wYcrtF
1206 216 1460 248 SERMONUM
1526 202 1676 260 [smnio
1697 214 1773 242 xm.

527 322 603 356 Sed
637 321 840 357 videamus
874 333 952 368 quo
988 321 1113 357 tendit
1146 321 1222 357 ista
1256 322 1524 369 blasphemia3
1556 336 1649 359 nam
1683 337 1773 371 sup—

470 379 600 425 posito
639 381 746 426 quod
785 380 1034 426 procederet,
1074 388 1308 427 sequeretur
1341 382 1447 427 quod
1481 381 1654 428 religiosi
1694 381 1772 428 pri-

466 436 544 472 vati
584 437 785 484 copiosius
825 445 862 472 et
901 436 1025 472 alcius
1066 438 1273 473 tenderent
1312 450 1448 474 versus
1482 438 1769 475 beatitudinem

467 507 586 542 quam
627 495 804 530 fecerunt
837 493 960 542 aliqui
1000 494 1049 530 ab
1090 494 1346 531 institucione
1387 495 1590 543 religionis
1624 497 1769 533 Christi

466 565 591 600 usque
630 553 679 588 ad
718 552 821 587 illos.
868 553 945 588 Sed
979 551 1074 600 quid
1108 552 1404 600 blasphemius?
1443 556 1544 590 Nam
1584 556 1770 602 apostoli,

467 619 661 657 martyres
695 619 731 645 et
764 610 1013 646 confessores
1047 609 1210 657 spissius
1244 620 1281 647 et
1304 610 1429 647 alcius
1462 612 1565 660 rapti
1599 611 1689 648 sunt
1722 615 1771 649 ad

466 668 594 703 celum
634 681 754 715 quam
794 677 906 705 erant
945 667 1069 716 aliqui
1108 677 1323 716 postquam
1362 668 1425 705 isti
1465 670 1624 707 ordines
1658 680 1771 707 erant

467 725 698 761 introducti.
739 725 956 774 Supposito
995 736 1128 762 autem
1169 729 1275 774 quod
1316 739 1438 763 unum
1484 728 1681 764 infinitum
1722 729 1771 765 sit

468 783 592 830 magis
631 783 709 819 alio
748 794 784 820 et
824 785 931 832 quod
969 783 1146 820 infinitas
1184 783 1412 821 iuvancium
1453 785 1674 822 viacionem
1711 799 1770 823 ec-

466 841 583 877 clesie
628 851 717 889 post
763 842 844 878 eius
890 841 1145 879 dotacionen]
1192 851 1228 878 et
1268 842 1357 879 illos
1396 843 1573 890 privatos
1611 844 1770 880 ordines

464 899 512 934 sit
553 899 681 935 maior
714 913 835 947 quam
874 900 1051 937 infinitas
1090 900 1317 937 iuvancium
1361 909 1576 949 antequam
1611 902 1771 939 ordines

464 957 526 992 isti
566 957 724 993 fuerunt
763 958 979 1004 adinventi,
1019 961 1067 995 ad
1110 958 1185 994 hoc
1223 966 1334 1006 patet
1373 960 1480 1006 quod
1520 969 1769 1008 assumptum

463 1015 689 1062 argumenti
730 1024 785 1051 est
824 1028 980 1053 summe
1019 1015 1279 1065 impossibile,
1322 1028 1411 1052 cum
1453 1017 1634 1054 Christus
1680 1031 1768 1054 cum

464 1073 715 1120 paucissimis
762 1073 902 1109 mediis
947 1075 1078 1122 ipsum
1127 1073 1356 1111 iuvantibus
1401 1075 1689 1122 perfectissime
1734 1086 1770 1112 et

463 1131 655 1168 altissime
687 1131 727 1167 in
760 1132 888 1167 celum
923 1134 1170 1169 ascenderat.
1212 1134 1346 1170 Potest
1378 1142 1511 1168 autem
1547 1146 1630 1169 esse
1662 1136 1769 1182 quod

463 1189 540 1224 sint
556 1190 670 1237 plura
694 1189 876 1226 iuvancia
900 1199 936 1226 et
960 1193 1175 1235 retardent,
1197 1203 1242 1227 eo
1260 1192 1366 1240 quod
1391 1190 1526 1226 iuvant
1552 1191 1768 1237 remissius,

465 1256 504 1282 ut
548 1247 747 1294 possessio
787 1247 927 1291 maior,
970 1258 1005 1284 et
1045 1249 1244 1285 virtuosos
1284 1250 1503 1286 secundum
1550 1249 1770 1297 quamlibet

464 1305 545 1340 eius
586 1314 739 1352 partem
785 1306 891 1341 iuvat
925 1308 973 1342 ad
1015 1306 1301 1343 beatitudinem
1339 1310 1397 1354 (ut
1429 1307 1686 1354 supponitur)
1723 1309 1770 1343 de

465 1363 656 1410 possibili,
703 1372 739 1398 et
784 1373 918 1399 tamen
969 1377 1155 1411 suppono
1203 1367 1309 1413 quod
1360 1363 1470 1400 vians
1518 1365 1769 1401 renunciaret

462 1434 699 1468 quacunque
725 1421 793 1456 tali
827 1430 862 1457 et
887 1421 1010 1457 viaret
1042 1422 1079 1457 in
1115 1423 1255 1459 maiori
1288 1421 1435 1470 gracia,
1469 1423 1570 1458 sicut
1593 1423 1768 1459 fecerunt

463 1478 650 1526 apostoli,
686 1478 825 1514 melius
860 1488 896 1514 et
927 1480 1093 1516 celerius
1127 1481 1338 1527 attingeret
1362 1480 1472 1517 illum
1509 1480 1642 1516 tinem.
1678 1483 1768 1517 Ideo

462 1550 541 1572 non
574 1537 688 1573 video
713 1538 918 1584 quomodo
942 1537 1009 1574 illa
1035 1538 1148 1574 fallax
1173 1539 1333 1586 argucia
1359 1548 1578 1575 assumeret
1602 1540 1675 1574 hoc
1701 1552 1768 1586 po-

462 1595 583 1630 risma
616 1595 689 1630 nisi
715 1604 755 1630 ut
783 1595 1057 1641 magnificaret
1081 1597 1235 1644 amplas
1269 1595 1539 1645 possessiones
1563 1596 1602 1631 in
1633 1609 1769 1632 mona-

462 1652 545 1688 chis
561 1655 667 1700 quod
694 1655 740 1688 de
765 1662 875 1688 tanto
899 1663 988 1688 sunt
1014 1654 1100 1701 plus
1125 1655 1275 1690 habiles
1299 1657 1348 1691 ad
1370 1653 1657 1691 beatitudinem
1679 1668 1768 1701 pro-

464 1712 707 1746 merendam.
732 1712 807 1746 Sed
827 1712 921 1758 quid
945 1712 1229 1759 blasphemius,
1256 1725 1344 1748 cum
1364 1712 1708 1757 Psalm.CXLIll⁴’‚
1725 1714 1764 1748 15
1787 1726 1801 1735 ’·

461 1768 648 1804 scribitur
672 1769 877 1816 quomodo
908 1770 1080 1805 narratis
1112 1770 1245 1805 multis
1271 1768 1529 1818 prosperibus
1554 1770 1767 1806 mundanis

461 1826 597 1861 stolidi
632 1826 822 1862 mundani
863 1827 1010 1862 beatum
1045 1828 1228 1863 dixerunt
1256 1829 1441 1877 populum
1475 1828 1535 1862 cui
1566 1828 1633 1863 lzec
1663 1836 1770 1870 sunt,-

460 1886 527 1919 sed
562 1896 650 1920 cum
677 1884 858 1920 Christus
889 1884 959 1919 fuit
993 1885 1288 1932 pauperrimus,
1323 1885 1552 1930 adiungitur
1576 1885 1768 1921 diftinicio

462 1942 594 1978 Sancti
631 1941 821 1988 Spiritus:
856 1942 999 1977 Beatus
1026 1944 1194 1991 populus
1226 1944 1331 1979 cuius
1369 1952 1423 1979 est
1456 1943 1631 1978 donn'nzls
1664 1944 1768 1978 Dens

460 2001 548 2034 cias:
603 2001 734 2034 Unum
788 2012 880 2045 ergo
934 2012 1176 2046 promovens
1229 2003 1276 2037 ad
1324 2000 1611 2038 beatitudinem
1660 2003 1766 2048 quod

460 2057 642 2093 Christus
693 2056 864 2092 instituit
911 2058 1014 2093 valet
1061 2058 1168 2094 mille
1220 2059 1379 2094 illorum
1436 2072 1510 2106 que
1562 2060 1767 2094 retardant

461 2114 740 2150 communiter.
775 2116 822 2149 Et
845 2117 949 2150 Deus
983 2128 1070 2151 cum
1105 2129 1176 2152 suo
1210 2116 1382 2152 exercitu
1415 2117 1521 2153 iuvat
1543 2116 1769 2163 specialiter

459 2172 610 2208 viantes
645 2174 691 2208 de
716 2172 862 2208 Christi
897 2172 1098 2209 adiutorio
1133 2183 1386 2211 contentatos
1420 2184 1456 2210 et
1490 2174 1637 2209 curiosi
1673 2187 1767 2222 que—

461 2239 592 2266 rentes
626 2230 828 2266 iuvamina
862 2239 1048 2267 extranea
1082 2231 1360 2278 dedignantur.

517 2288 662 2324 Tercio
702 2288 831 2334 arguit
871 2288 1026 2324 catulus
1070 2288 1146 2325 isto
1187 2291 1326 2325 modo:
1380 2289 1419 2326 Si
1458 2289 1586 2326 viacio
1632 2289 1800 2337 sponsi?

461 2345 608 2381 Christi
648 2345 697 2381 sit
736 2345 1083 2392 imperfecciorata
1126 2356 1291 2394 propter
1324 2348 1399 2383 hoc
1432 2349 1539 2395 quod
1571 2347 1651 2383 viat
1685 2356 1766 2383 tam

460 2404 678 2439 secundum
710 2403 834 2450 legem
871 2403 1139 2451 evangelicam
1165 2418 1285 2452 quam
1320 2406 1549 2449 humanam,
1582 2406 1641 2441 vel
1675 2417 1766 2452 ergo

460 2461 526 2496 illa
571 2460 828 2508 imperfeccio
874 2461 1047 2497 exoritur
1096 2463 1254 2498 racione
1299 2462 1395 2509 legis
1440 2462 1663 2510 evangelice
1706 2463 1766 2499 vel

461 2517 622 2553 racione
660 2518 755 2565 legis
796 2520 980 2554 humane.
1027 2522 1115 2555 Non
1155 2528 1285 2567 potest
1325 2519 1456 2567 primo
1496 2521 1631 2565 modo,
1673 2532 1765 2567 ergo

460 2577 653 2615 secundo:
700 2588 742 2611 ex
787 2577 862 2611 hoc
906 2576 1086 2624 sequitur
1125 2579 1230 2625 quod
1272 2590 1411 2613 omnes
1450 2578 1553 2624 leges
1594 2579 1766 2613 humane

461 2634 690 2680 abrogande
724 2633 855 2669 forent
889 2642 929 2669 ut
963 2633 1120 2670 iniuste.

529 2766 552 2793 5.
574 2766 606 2793 111
629 2774 741 2800 marga
764 2766 944 2800 Responsio.
1009 2776 1041 2794 11.
1060 2768 1154 2794 Coa:
1177 2772 1351 2802 antequam,
1374 2773 1548 2802 antequam.
1614 2767 1654 2794 16.
1671 2767 1763 2794 (](›d.:

459 2809 493 2826 eo
514 2809 558 2827 eo,
650 2808 687 2834 17.
709 2800 805 2827 C‹›d.:
829 2800 976 2827 virtuoso.
1071 2801 1117 2834 34.
1140 2803 1234 2829 Coa:
1257 2802 1449 2836 dedignatur.
1535 2802 1575 2829 35.
1598 2803 1629 2829 In
1652 2810 1764 2835 mareu:

458 2834 603 2861 Tei-cium
625 2839 850 2869 argumentum

1792 861 1828 881 10

1792 1138 1827 1169 15

1785 2004 1826 2034 30

1782 2592 1823 2619 40
