1944 3323
155 232 290 260 seatio
312 220 419 278 κω]
640 233 820 265 TERTIA
847 232 973 264 PARS.

157 354 339 390 expresse
387 341 555 378 luciferi.
603 354 692 377 cum
742 354 781 376 se
826 341 1018 376 extollunt
1063 352 1180 388 super
1224 352 1333 374 omne
1377 340 1479 386 quod

156 401 298 436 dicitur
322 401 438 436 Deus.
474 400 514 436 δί
548 401 724 435 secundo
762 400 882 435 modo
917 399 1023 434 iuxta
1045 399 1240 434 jacobum
1277 397 1477 433 dicentem

156 460 264 507 quod
309 471 419 495 omne
462 459 592 494 datum
639 457 823 507 optimum
863 465 896 493 et
935 470 1045 493 omne
1084 457 1224 492 donum
1259 456 1477 505 perfectum

157 518 359 553 desursum
394 516 588 553 descendit
620 529 641 552 α
670 523 786 565 patre
818 516 1016 551 luminum.
1052 518 1105 551 Ex
1129 515 1274 563 quibus
1298 513 1479 562 sequitur

125 576 265 624 oquod
312 578 418 612 Deus
463 574 573 622 prius
625 574 864 611 naturaliter
917 575 1041 610 donat
1094 573 1189 610 talia
1236 572 1379 609 merita
1424 572 1479 608 eis

157 632 302 682 quibus
334 633 408 669 sibi
442 632 640 681 placuerit
672 632 871 680 impertiri
905 645 1027 681 quam
1052 632 1193 669 fratres
1218 632 1290 668 hec
1313 630 1478 673 faciunt,

157 705 293 740 ymmo
333 704 494 739 semper
532 692 592 728 vel
631 690 869 739 regulariter
903 692 1008 727 Deus
1048 690 1158 739 prius
1200 689 1479 738 temporaliter

158 752 230 787 hec
263 749 462 787 concedit.

217 811 271 844 Ex
303 808 448 857 quibus
482 807 664 857 sequitur
696 809 804 856 quod
839 809 942 844 hanc
975 806 1310 843 distribucionem
1346 805 1479 855 primo

104 884 142 905 10
158 868 380 904 concedere
413 876 471 903 est
505 868 588 902 Deo
623 866 833 914 proprium
869 875 906 902 et
939 878 1030 902 cum
1065 878 1236 914 sequens
1271 865 1479 902 concessio

159 926 326 962 fratrum
366 938 448 962 non
490 924 650 973 proficit
694 925 784 973 plus
828 925 888 962 vel
934 924 1065 961 minus
1112 924 1181 960 sed
1228 922 1479 960 concessioni

159 983 229 1020 Dei
275 992 410 1021 eterne
455 992 618 1032 oportet
663 985 804 1020 cedere
843 992 964 1031 atque
1009 992 1127 1028 stare,
1174 982 1332 1018 videtur
1371 983 1479 1030 quod

157 1042 232 1079 ista
267 1042 435 1078 fratrum
471 1041 678 1079 concessio
711 1041 761 1077 sit
794 1041 999 1089 superflua
1023 1050 1060 1078 et
1085 1041 1334 1088 blasphema.
1370 1042 1477 1078 Idem

158 1100 265 1136 enim
299 1109 357 1137 est
389 1100 459 1137 illa
492 1101 715 1137 concedere
754 1108 792 1136 et
832 1101 1053 1137 concedere
1093 1098 1247 1136 homini
1281 1100 1389 1148 quod
1431 1099 1480 1135 sit

104 1158 455 1207 15predestinatus
495 1159 556 1195 vel
596 1159 704 1207 quod
743 1167 800 1195 est
840 1171 862 1195 a
895 1160 979 1194 Deo
1018 1158 1079 1195 vel
1120 1157 1203 1194 eius
1244 1157 1479 1206 oppositum

157 1217 389 1254 eternaliter
412 1216 644 1253 diffinitum.
676 1218 709 1253 O
733 1216 764 1253 si
787 1217 988 1254 seculares
1012 1216 1190 1264 theologi
1214 1215 1479 1253 seminassent

158 1285 312 1312 tantam
367 1274 662 1324 blasphemiam
709 1288 786 1324 que
839 1285 895 1312 est
940 1288 1131 1324 suprema
1176 1287 1268 1323 pars
1314 1274 1477 1321 heresis,

158 1347 279 1382 quam
322 1334 480 1383 spissim
527 1334 658 1371 forent
703 1333 760 1370 illi
806 1333 955 1382 publici
1003 1333 1169 1371 heretici
1214 1342 1252 1369 et
1296 1343 1413 1370 acute
1458 1347 1480 1371 a

158 1392 331 1441 satrapis
372 1392 585 1441 persecuti,
625 1393 694 1429 sed
730 1394 911 1429 membra
945 1392 1095 1429 diaboli
1131 1405 1174 1429 ex
1207 1391 1407 1428 iuvamine
1441 1392 1480 1429 in

102 1451 307 1488 20scelere
352 1460 491 1487 mutuo
537 1450 611 1487 sibi
657 1451 801 1487 fovent.
848 1454 999 1487 Omnes
1039 1450 1144 1487 enim
1191 1460 1326 1498 partes
1368 1451 1479 1487 Anti-

159 1509 295 1546 christi
330 1510 548 1546 defendunt
581 1509 663 1546 eius
697 1509 943 1546 sentenciam
977 1518 1118 1546 contra
1152 1508 1371 1545 Christum.

217 1570 328 1610 Item,
373 1567 530 1604 videtur
568 1569 676 1616 quod
722 1581 862 1604 omnes
907 1567 971 1604 isti
1018 1567 1160 1604 fratres
1206 1576 1297 1603 sunt
1343 1577 1384 1604 ut
1423 1568 1480 1605 sic

157 1626 350 1674 ypocrite,
385 1626 493 1663 avari
528 1635 564 1663 et
597 1626 708 1662 omni
748 1639 893 1673 genere
932 1625 1094 1663 sceleris
1135 1625 1338 1670 maculati,
1378 1626 1480 1663 sicut

157 1684 267 1733 prius
319 1684 369 1721 sit
423 1697 492 1733 per
547 1684 797 1732 evangelium
850 1684 1121 1732 apostolicum
1176 1685 1477 1732 prophetatum.

99 1748 138 1779 25
156 1746 361 1788 Quantum
397 1744 446 1779 ad
480 1742 698 1791 ypocrisim
733 1756 811 1791 que
836 1752 893 1779 est
920 1742 1251 1780 maledictissima
1275 1743 1478 1791 superbia,

65 1795 140 1872 ¹:08¹ss
157 1810 266 1849 patet
299 1803 406 1849 quod
437 1797 441 1854 Ι
471 1801 511 1837 in
544 1801 665 1838 cartis
698 1801 780 1837 suis
815 1801 1025 1849 implicant
1048 1814 1088 1837 se
1112 1800 1370 1849 singulariter
1394 1815 1479 1839 esse

60 1852 99 1884 ²7

157 1868 332 1899 sanctos,
368 1869 405 1896 et
439 1873 529 1896 cum
563 1859 642 1896 vita
677 1873 817 1897 eorum
851 1873 897 1897 ae
927 1873 1051 1908 opera
1075 1872 1119 1896 ex
1141 1859 1341 1908 scriptura
1366 1873 1479 1897 sacra

157 1917 367 1954 manifeste
400 1920 615 1955 ostendant
649 1919 896 1967 oppositum.
940 1919 1104 1967 planum
1148 1927 1205 1954 est
1244 1921 1352 1966 quod
1387 1929 1479 1955 sunt

156 1976 350 2024 ypocrite.
406 1978 453 2012 Et
505 1976 604 2012 illud
656 1976 814 2013 videtur
866 1978 1109 2025 Apostolum
1164 1977 1282 2025 plane
1336 1978 1480 2014 docere

100 2037 192 2071 301a
226 2034 331 2070 Tim.
367 2037 428 2080 lV,
462 2048 497 2070 1:
545 2035 728 2084 Spiritus,
766 2034 909 2084 inquit,
951 2036 1152 2084 manifeste
1189 2035 1280 2071 dicit
1312 2037 1413 2084 qnod
1445 2037 1480 2072 in

157 2093 373 2130 novissimis
397 2094 632 2142 temporibus
656 2094 849 2130 discedent
881 2094 1036 2143 quidam
1069 2106 1090 2129 a
1113 2093 1212 2143 fide,
1245 2095 1482 2131 attendentes

156 2151 367 2200 spiritibus,
406 2151 606 2187 erroribus
645 2159 680 2187 et
719 2153 904 2188 doctrinis
943 2152 1208 2188 demoniorum
1242 2153 1480 2200 loquendum

157 2211 192 2245 in
218 2209 404 2261 ypocrisi
435 2210 686 2246 mendacium.
723 2210 799 2255 Qui
834 2214 960 2258 (rogo)
997 2209 1246 2246 manifestius
1271 2210 1481 2247 discedunt

159 2281 180 2304 a
215 2267 290 2303 fide
324 2280 444 2315 quam
480 2268 620 2304 fratres
654 2268 721 2316 qui
761 2268 1006 2305 tradiciones
1045 2281 1135 2304 suas
1176 2269 1280 2305 ultra
1319 2269 1481 2306 ordina-

101 2332 140 2363 35
159 2326 317 2362 cionem
343 2325 491 2362 Christi
516 2326 789 2374 magnificant,
825 2326 1068 2363 mencientes
1093 2335 1129 2363 et
1153 2327 1481 2375 blasphemantes

159 2384 198 2420 in
232 2383 435 2420 Christum
470 2386 579 2433 quod
618 2384 703 2432 ipse
742 2385 1091 2422 mendicacionem
1133 2397 1273 2421 eorum
1314 2385 1353 2421 in
1393 2399 1480 2434 per-

158 2454 256 2478 sona
291 2441 456 2490 propria
489 2442 754 2491 exemplavit?
802 2443 879 2489 Qui
920 2445 1098 2480 secundo
1138 2444 1226 2491 plus
1266 2445 1480 2480 attendunt

159 2499 366 2549 spiritibus
412 2501 559 2537 erroris
598 2514 718 2549 quam
765 2502 907 2538 fratres
947 2501 1013 2550 qui
1060 2501 1226 2537 dimisso
1273 2502 1479 2550 evangelio

158 2558 336 2596 veritatis
360 2557 553 2601 ludicriis‚
583 2559 727 2595 fabulis
752 2568 788 2596 et
813 2559 1034 2596 mendaciis
1059 2559 1098 2595 in
1121 2559 1202 2596 suis
1225 2560 1479 2597 sermonibus

100 2631 144 2661 40
160 2617 410 2653 innituntur?
449 2617 489 2652 Si
523 2616 628 2653 enim
663 2617 781 2654 fuerit
814 2619 1056 2655 senescallus
1090 2618 1150 2655 vel
1184 2619 1479 2656 referendarius

229 2785 270 2804 10.
293 2777 388 2804 Cod.:
410 2777 570 2804 concessio
590 2776 690 2804 twice.
766 2785 804 2804 12.
828 2777 922 2805 Cod.:
944 2783 1068 2813 oportet
1089 2779 1222 2806 credere.

235 2883 261 2903 1.
289 2873 311 2904 1.
331 2871 459 2904 Thess.
491 2873 528 2913 11,
556 2883 588 2913 4.
687 2873 715 2905 3.
744 2873 812 2905 Jac.
845 2874 866 2913 1,
893 2884 940 2915 ¹7·

1686 222 1758 258 361

1549 1569 1653 1597 Friau‘s
1674 1578 1723 1597 are

1577 1605 1689 1640 greedy

1541 1640 1728 1676 hypocrites.

1517 1803 1605 1839 They
1627 1804 1754 1839 pretend

1495 1843 1524 1866 to
1548 1839 1582 1865 be
1595 1839 1772 1901 Ιῑὲιιῑὲψειῆγ
