1944 3323
110 264 130 289 10

139 264 158 289 Ι.)

192 777 318 806 Isaiah’s

116 814 271 848 prophecy
289 812 322 838 of
341 811 389 837 the

115 848 172 876 evil
194 848 257 875 that
279 845 387 873 wealth

144 882 244 910 would
268 881 365 915 bring.

128 1700 198 1727 Mill<
219 1698 277 1725 and
301 1699 397 1736 houm·

134 1729 387 1795 “iZsinsss?1?1³ss?fid

196 1802 262 1829 (jhu
269 1784 329 1828 seht.

130 2102 208 2129 Now
231 2110 274 2127 we
299 2105 399 2127 return

132 2141 161 2163 to
183 2135 241 2163 this
263 2134 332 2162 sood
355 2135 402 2162 tor

220 2171 319 2197 babes.

690 257 912 289 JOHANNIS
932 256 1114 287 WYCLIF
1135 254 1390 287 SERMONUM
1483 239 1633 297 [SERMO
1655 250 1705 276 11¹-

388 366 551 416 flumen,
585 371 623 399 ut
655 376 736 399 eam
760 363 918 411 faceret
950 363 1055 397 trahi
1085 374 1105 396 α
1130 361 1315 411 ssunlinc';
1357 360 1417 396 vel
1458 358 1600 394 mulier
1634 359 1707 393 ista

399 422 574 459 creditur
619 433 701 457 esse
745 419 912 456 ecclesia
951 432 1069 467 quam
1116 431 1278 466 serpens
1322 418 1510 465 antiquus
1556 417 1706 452 habun-

400 479 542 517 dancia
570 476 575 531 Ι
604 478 886 525 temporalium
920 477 1048 525 querit
1082 478 1356 523 submergere3
1390 484 1426 511 et
1460 474 1707 510 concordant

401 551 490 574 cum
525 536 762 573 condicione
795 534 1079 582 temporalium
1114 533 1380 582 proprietates
1414 544 1623 580 aquarum.

460 598 569 640 Item,
602 593 833 642 previdebat
868 592 1062 628 Dominus
1103 605 1146 628 ex
1186 590 1467 627 habundancia
1506 592 1741 635 tempora-5

401 654 496 690 lium
544 651 752 689 ecclesiam
798 650 943 696 subire,
991 650 1080 686 ideo
1119 649 1326 697 spirituale
1367 646 1631 683 ministerium
1673 653 1709 681 et

403 710 561 759 copiam
608 708 892 757 temporalium
933 721 1008 756 que
1054 709 1200 744 habent
1244 706 1442 742 seculares
1487 703 1710 751 improvide

403 769 641 817 copulasset.
687 768 800 803 Unde
833 768 880 802 de
914 766 987 802 ista
1021 764 1206 813 superbia
1245 764 1299 800 sic
1338 772 1426 799 orta
1466 762 1506 797 in
1545 760 1711 797 ecclesia

403 827 558 863 videtur
581 824 777 861 Dominus
800 823 909 872 loqui
937 822 1049 867 (Isaie
1074 825 1173 865 IAX0,
1198 822 1256 867 15,
1282 824 1360 866 16):
1386 821 1546 864 Ponam,
1569 817 1710 866 inquit,

404 892 438 920 te
469 884 504 919 in
536 882 753 932 superbiam
787 882 1018 927 seculorum,
1056 880 1243 930 gaudium
1283 880 1318 914 in
1351 877 1645 928 generacionem
1679 883 1769 911 etio

403 941 720 992 generacionem;
762 947 797 975 et
834 951 951 989 suges
989 939 1048 974 lac
1083 938 1261 987 gencium
1296 944 1330 972 et
1363 935 1535 971 mamilla
1575 946 1711 984 regum

406 999 621 1035 lactaberis.
667 997 863 1045 Superbia
896 997 1121 1033 seculorum
1157 1004 1213 1031 est
1245 993 1431 1042 superbia
1464 993 1711 1041 prelatorum

407 1069 482 1105 que
522 1055 673 1092 excedit
706 1067 866 1091 omnem
901 1053 1130 1102 superbiam
1165 1051 1405 1088 secularium
1441 1050 1711 1086 dominorum.

408 1114 606 1151 Gaudium
652 1122 785 1150 autem
826 1112 888 1149 cui
932 1110 1133 1147 maledixit
1167 1109 1362 1146 Dominus
1397 1111 1516 1153 (Luce
1539 1109 1622 1157 VI0,
1648 1108 1714 1151 25)

408 1172 561 1209 dicens:
604 1172 653 1207 Ve
692 1171 796 1207 vobis
833 1171 899 1218 qui
937 1169 1084 1215 ridetis,
1129 1168 1276 1216 prefert
1317 1167 1484 1203 ecclesia
1522 1165 1713 1201 hodierna
1736 1168 1771 1200 15

409 1229 603 1266 beneficio
644 1230 772 1265 luctus
812 1230 859 1264 de
898 1240 978 1276 quo
1018 1226 1187 1262 ibidem:
1233 1226 1347 1262 Beati
1382 1225 1446 1274 qui
1476 1236 1573 1260 nunc
1596 1223 1714 1274 fletis.

409 1287 587 1324 Ecclesia
623 1287 819 1334 (inquam)
854 1286 1047 1322 moderna
1080 1297 1159 1320 non
1183 1283 1417 1320 lacrimatur
1441 1295 1530 1318 cum
1557 1281 1716 1318 Christo

410 1346 504 1381 fletu
538 1344 685 1392 triplici
724 1357 796 1391 pro
836 1351 1013 1391 peccato,
1054 1343 1121 1378 sed
1155 1341 1294 1389 pocius
1326 1342 1471 1388 gaudet
1501 1352 1570 1387 per
1602 1351 1716 1387 gene-

410 1403 592 1439 raciones
632 1402 789 1445 multas,
831 1414 919 1437 cum
954 1408 1163 1448 peccatum
1198 1399 1271 1435 sibi
1306 1391 1449 1435 inferat
1481 1399 1584 1433 bona
1618 1406 1717 1432 tem-

411 1459 566 1509 poralia
606 1459 749 1507 quibus
794 1459 972 1495 abutitur
1016 1458 1134 1493 stulte
1178 1458 1367 1504 gaudens.
1422 1456 1539 1500 Quod
1585 1463 1716 1490 autem
1737 1468 1777 1488 20

412 1517 591 1566 sequitur
636 1518 682 1553 cle
724 1517 895 1552 mamilla
941 1529 1078 1566 regum
1125 1515 1344 1561 lactaberis,
1384 1522 1514 1562 potest
1553 1511 1718 1559 intelligi

413 1576 562 1612 dictum
603 1574 849 1622 prophetice,
892 1576 961 1610 sed
1001 1573 1039 1609 in
1079 1572 1318 1609 derisionem
1360 1570 1524 1608 ecclesie
1563 1584 1638 1619 que
1681 1569 1720 1604 in

414 1641 616 1670 senectute
661 1645 731 1668 sua
772 1633 832 1668 lac
873 1631 1101 1668 transitorie
1140 1630 1434 1667 consolacionis
1474 1642 1554 1665 non
1594 1636 1721 1664 cessat

414 1703 565 1739 sugere.
606 1689 784 1726 Ecclesia
824 1689 928 1726 enirn
963 1688 1074 1737 quasi
1110 1688 1284 1725 infancia
1316 1701 1387 1724 sua
1420 1687 1491 1723 fuit
1525 1687 1563 1722 in
1597 1685 1718 1722 veteri

414 1750 510 1797 lege,
551 1749 656 1784 unde
695 1747 891 1784 Dominus
931 1746 1193 1795 promittebat
1233 1745 1305 1781 sibi
1350 1753 1496 1781 terram
1533 1744 1778 1795 fluentemzfi

414 1807 511 1842 lacte
542 1813 576 1841 et
609 1806 730 1842 melle.
767 1807 845 1841 Lac
878 1805 983 1841 enim
1019 1813 1055 1841 et
1089 1804 1165 1840 mel
1199 1803 1309 1840 cibus
1332 1812 1422 1839 sunt
1446 1802 1719 1850 parvulorum,

415 1864 454 1900 in
493 1865 665 1900 adventu
697 1875 790 1899 vero
830 1862 978 1899 Christi
1024 1875 1046 1899 a
1090 1862 1192 1898 lacte
1236 1870 1421 1909 separata
1460 1868 1530 1905 est,
1569 1859 1663 1907 quia
1701 1871 1723 1894 a

416 1920 686 1957 mundialibus
726 1920 907 1957 Christus
953 1919 1144 1957 abstraxit
1189 1932 1281 1955 suos
1320 1918 1525 1966 apostolos
1565 1925 1603 1953 et
1640 1925 1721 1952 tam

415 1980 521 2027 ipsos
545 1991 664 2027 quam
698 1978 737 2014 in
769 1978 864 2026 ipsis
897 1979 1073 2026 prelatos
1104 1977 1203 2014 alios
1232 1978 1489 2013 succedentes
1519 1974 1723 2023 prohibuit

417 2050 505 2073 cum
541 2038 691 2072 mundo
725 2045 761 2073 et
797 2036 1067 2072 mundialibus
1101 2034 1367 2079 commisceri,
1409 2035 1477 2070 sed
1512 2034 1633 2069 modo
1666 2032 1723 2067 in·
1742 2034 1782 2066 30

417 2095 567 2131 fatuata
599 2103 640 2130 ut
670 2107 768 2142 puer
800 2095 849 2130 ad
883 2095 943 2130 lac
975 2093 1105 2130 rediit.
1147 2095 1194 2128 Et
1227 2101 1336 2140 patet
1369 2093 1476 2140 quod
1506 2099 1615 2127 tante
1639 2102 1725 2137 per-

418 2152 582 2189 vertitur
626 2152 762 2199 regula
808 2151 1025 2188 christiana
1069 2151 1108 2187 in
1152 2150 1247 2198 ipsis
1293 2148 1572 2186 ecclesiasticis
1618 2149 1724 2195 quod

421 2218 717 2245 monstruosum
752 2210 853 2245 foret
886 2209 1127 2246 inveteratos
1161 2208 1343 2244 diabolos
1375 2219 1480 2243 nunc
1509 2207 1726 2254 pendentes

420 2269 469 2303 ad
508 2280 578 2303 sua
616 2268 739 2303 ubera
777 2276 874 2315 quot
918 2268 1146 2303 sacerdotes
1191 2274 1396 2314 apostatas
1441 2263 1634 2301 sustinent
1680 2264 1726 2298 de

421 2338 492 2361 suo
524 2324 770 2372 patrimonio
804 2334 944 2361 contra
977 2324 1200 2368 Christum3
1240 2336 1312 2360 nec
1346 2322 1511 2358 dubium
1546 2329 1727 2369 apostate
1745 2323 1782 2356 35

421 2392 549 2418 totum
583 2382 816 2430 sanguinem
839 2383 1000 2419 vitalem
1024 2382 1214 2430 insugunt
1238 2383 1285 2417 de
1309 2380 1496 2417 cordibus
1519 2378 1725 2415 hominum

423 2453 521 2488 quos
554 2440 609 2476 sic
641 2441 804 2477 lactant.
839 2442 991 2477 Debent
1025 2440 1129 2476 enim
1164 2440 1314 2476 lactare
1347 2437 1608 2486 spiritualiter
1641 2438 1728 2472 bra-

425 2497 557 2533 chium
604 2499 782 2534 seculare
827 2500 895 2534 sed
936 2499 1056 2534 modo
1099 2496 1279 2533 conversi
1318 2505 1537 2532 retrorsum
1578 2495 1728 2530 lactant

422 2555 636 2601 subiectOS,
670 2567 713 2591 ex
747 2555 857 2591 cuius
891 2556 1004 2592 lactis
1038 2555 1227 2603 grossicie
1264 2553 1525 2602 spiritualiter
1564 2552 1729 2600 gignunt

1726 460 1785 488 Pol

1725 502 1806 545 24‹›''

471 2674 512 2703 -1.
536 2664 628 2691 Cod.:
650 2665 728 2692 trahi
751 2665 879 2692 flumini.
977 2664 1001 2692 ¹3.
1024 2665 1118 2692 Cod.:
1141 2664 1357 2699 temporalium
1380 2662 1592 2690 habundancia
1613 2666 1729 2696 tempo—

425 2700 543 2726 ralium.
599 2699 623 2737 5
645 2700 677 2726 In
699 2708 811 2734 marg:
833 2709 860 2732 .ι.
918 2708 943 2734 7.
961 2699 1056 2727 Cod.:
1079 2700 1276 2734 tempalium:
1298 2699 1337 2725 ib.
1359 2698 1454 2725 Cod.:
1477 2698 1506 2724 in
1527 2705 1588 2731 quo
1609 2696 1728 2722 habeut.

425 2743 464 2760 10.
486 2734 580 2761 Cod.:
602 2742 630 2760 in
652 2734 861 2768 generacioue.
942 2742 984 2769 ¹27.
1007 2735 1102 2761 Cod.:
1124 2739 1151 2760 et
1171 2734 1314 2761 adventu.
1393 2731 1435 2760 33.
1457 2732 1513 2759 Hic
1534 2731 1658 2757 verbum
1681 2734 1730 2756 aut

424 2768 539 2803 aliquot
559 2769 649 2794 rerba
670 2768 819 2795 excidisse
839 2768 996 2802 videntum
1018 2777 1054 2795 an
1076 2770 1255 2804 legendum:
1277 2767 1416 2795 diabolos
1432 2767 1557 2799 lactare;
1580 2765 1619 2792 ib.
1636 2764 1729 2792 Cod.:

425 2804 513 2830 hunc.
589 2802 632 2838 37,
650 2802 692 2829 1³⁸.
710 2802 803 2830 Cod.:
827 2804 946 2830 lactent.

496 2862 547 2894 25.
579 2863 688 2894 Exod.
715 2863 769 2903 111,
797 2874 842 2905 ¹7·
