<?xml version="1.0" encoding="UTF-8"?>
<!DOCTYPE html PUBLIC "-//W3C//DTD XHTML 1.0 Transitional//EN"
    "http://www.w3.org/TR/xhtml1/DTD/xhtml1-transitional.dtd">
<html xmlns="http://www.w3.org/1999/xhtml" xml:lang="en" lang="en">
 <head>
  <title>
</title>
<meta http-equiv="Content-Type" content="text/html;charset=utf-8" />
  <meta name='ocr-system' content='tesseract 3.04.00' />
  <meta name='ocr-capabilities' content='ocr_page ocr_carea ocr_par ocr_line ocrx_word'/>
</head>
<body>
  <div class='ocr_page' id='page_1' title='image "./iohanniswyclifse0703wycl_0513.png"; bbox 0 0 1944 3323; ppageno 0'>
   <div class='ocr_carea' id='block_1_1' title="bbox 150 259 1747 317">
    <p class='ocr_par' dir='ltr' id='par_1_1' title="bbox 150 259 1747 317">
     <span class='ocr_line' id='line_1_1' title="bbox 150 259 1747 317; baseline 0.004 -18"><span class='ocrx_word' id='word_1_1' title='bbox 150 270 286 300; x_wconf 80' lang='lat' dir='ltr'>SERMO</span> <span class='ocrx_word' id='word_1_2' title='bbox 307 259 417 317; x_wconf 62' lang='lat' dir='ltr'>mn]</span> <span class='ocrx_word' id='word_1_3' title='bbox 638 271 813 304; x_wconf 81' lang='lat' dir='ltr'><strong>TERTIA</strong></span> <span class='ocrx_word' id='word_1_4' title='bbox 839 271 966 303; x_wconf 81' lang='lat' dir='ltr'>PARS.</span> <span class='ocrx_word' id='word_1_5' title='bbox 1671 271 1747 307; x_wconf 85' lang='lat'>491</span> 
     </span>
    </p>
   </div>
   <div class='ocr_carea' id='block_1_2' title="bbox 99 376 1761 1876">
    <p class='ocr_par' dir='ltr' id='par_1_2' title="bbox 149 376 1761 602">
     <span class='ocr_line' id='line_1_2' title="bbox 207 376 1761 425; baseline -0.005 -7"><span class='ocrx_word' id='word_1_6' title='bbox 207 383 288 418; x_wconf 89' lang='lat' dir='ltr'>Nec</span> <span class='ocrx_word' id='word_1_7' title='bbox 320 380 498 417; x_wconf 87' lang='lat' dir='ltr'>timende</span> <span class='ocrx_word' id='word_1_8' title='bbox 531 388 623 416; x_wconf 89' lang='lat' dir='ltr'>sunt</span> <span class='ocrx_word' id='word_1_9' title='bbox 657 378 1116 422; x_wconf 80' lang='lat' dir='ltr'>excommunicaciones,</span> <span class='ocrx_word' id='word_1_10' title='bbox 1159 376 1465 425; x_wconf 89' lang='lat' dir='ltr'>predicaciones</span> <span class='ocrx_word' id='word_1_11' title='bbox 1493 381 1623 409; x_wconf 77' lang='lat' dir='ltr'>without</span> <span class='ocrx_word' id='word_1_12' title='bbox 1644 382 1706 421; x_wconf 60' lang='lat' dir='ltr'>scas</span> <span class='ocrx_word' id='word_1_13' title='bbox 1727 382 1761 409; x_wconf 78' lang='lat' dir='ltr'>of</span> 
     </span>
     <span class='ocr_line' id='line_1_3' title="bbox 149 425 1748 486; baseline -0.004 -10"><span class='ocrx_word' id='word_1_14' title='bbox 149 441 211 477; x_wconf 78' lang='lat' dir='ltr'>vel</span> <span class='ocrx_word' id='word_1_15' title='bbox 244 439 469 476; x_wconf 84' lang='lat' dir='ltr'>invasiones</span> <span class='ocrx_word' id='word_1_16' title='bbox 501 437 586 475; x_wconf 91' lang='lat' dir='ltr'>istis</span> <span class='ocrx_word' id='word_1_17' title='bbox 620 437 819 486; x_wconf 85' lang='lat' dir='ltr'>opposite,</span> <span class='ocrx_word' id='word_1_18' title='bbox 854 437 947 486; x_wconf 89' lang='lat' dir='ltr'>quia</span> <span class='ocrx_word' id='word_1_19' title='bbox 983 438 1042 483; x_wconf 83' lang='lat' dir='ltr'>(ut</span> <span class='ocrx_word' id='word_1_20' title='bbox 1066 436 1219 472; x_wconf 91' lang='lat' dir='ltr'>dictum</span> <span class='ocrx_word' id='word_1_21' title='bbox 1244 440 1317 482; x_wconf 76' lang='lat' dir='ltr'>est)</span> <span class='ocrx_word' id='word_1_22' title='bbox 1344 436 1466 471; x_wconf 87' lang='lat' dir='ltr'>homo</span> <span class='ocrx_word' id='word_1_23' title='bbox 1499 425 1748 478; x_wconf 43' lang='lat' dir='ltr'>excoqii‘riilpmca-</span> 
     </span>
     <span class='ocr_line' id='line_1_4' title="bbox 151 493 1466 543; baseline -0.005 -8"><span class='ocrx_word' id='word_1_24' title='bbox 151 500 268 535; x_wconf 89' lang='lat' dir='ltr'>debet</span> <span class='ocrx_word' id='word_1_25' title='bbox 301 509 385 534; x_wconf 87' lang='lat' dir='ltr'>esse</span> <span class='ocrx_word' id='word_1_26' title='bbox 418 497 458 533; x_wconf 91' lang='lat' dir='ltr'>in</span> <span class='ocrx_word' id='word_1_27' title='bbox 491 509 612 533; x_wconf 84' lang='lat' dir='ltr'>causa</span> <span class='ocrx_word' id='word_1_28' title='bbox 646 496 716 533; x_wconf 90' lang='lat' dir='ltr'>Dei</span> <span class='ocrx_word' id='word_1_29' title='bbox 751 495 1056 540; x_wconf 81' lang='lat' dir='ltr'>audacissimus,</span> <span class='ocrx_word' id='word_1_30' title='bbox 1090 506 1164 531; x_wconf 88' lang='lat' dir='ltr'>nec</span> <span class='ocrx_word' id='word_1_31' title='bbox 1197 493 1466 543; x_wconf 88' lang='lat' dir='ltr'>perseveranti</span> 
     </span>
     <span class='ocr_line' id='line_1_5' title="bbox 151 552 1467 602; baseline -0.004 -9"><span class='ocrx_word' id='word_1_32' title='bbox 151 557 189 592; x_wconf 89' lang='lat' dir='ltr'>in</span> <span class='ocrx_word' id='word_1_33' title='bbox 223 557 290 593; x_wconf 91' lang='lat' dir='ltr'>illa</span> <span class='ocrx_word' id='word_1_34' title='bbox 312 555 476 593; x_wconf 82' lang='lat' dir='ltr'>nocebit</span> <span class='ocrx_word' id='word_1_35' title='bbox 500 555 734 592; x_wconf 83' lang='lat' dir='ltr'>adversitas.</span> <span class='ocrx_word' id='word_1_36' title='bbox 772 554 870 600; x_wconf 90' lang='lat' dir='ltr'>Quis</span> <span class='ocrx_word' id='word_1_37' title='bbox 895 566 988 602; x_wconf 83' lang='lat' dir='ltr'>ergo</span> <span class='ocrx_word' id='word_1_38' title='bbox 1012 553 1173 590; x_wconf 89' lang='lat' dir='ltr'>timeret</span> <span class='ocrx_word' id='word_1_39' title='bbox 1197 552 1337 601; x_wconf 80' lang='lat' dir='ltr'>exequi</span> <span class='ocrx_word' id='word_1_40' title='bbox 1360 552 1467 601; x_wconf 88' lang='lat' dir='ltr'>quod</span> 
     </span>
    </p>

    <p class='ocr_par' dir='ltr' id='par_1_3' title="bbox 118 610 1469 897">
     <span class='ocr_line' id='line_1_6' title="bbox 118 610 1467 663; baseline -0.006 -9"><span class='ocrx_word' id='word_1_41' title='bbox 118 622 134 654; x_wconf 85' lang='grc'>5</span> <span class='ocrx_word' id='word_1_42' title='bbox 151 617 257 652; x_wconf 89' lang='lat' dir='ltr'>Deus</span> <span class='ocrx_word' id='word_1_43' title='bbox 281 613 453 663; x_wconf 84' lang='lat' dir='ltr'>precipit</span> <span class='ocrx_word' id='word_1_44' title='bbox 476 613 603 650; x_wconf 90' lang='lat' dir='ltr'>eciam</span> <span class='ocrx_word' id='word_1_45' title='bbox 628 613 714 662; x_wconf 88' lang='lat' dir='ltr'>ipso</span> <span class='ocrx_word' id='word_1_46' title='bbox 740 612 902 649; x_wconf 90' lang='lat' dir='ltr'>diabolo</span> <span class='ocrx_word' id='word_1_47' title='bbox 927 611 1198 649; x_wconf 77' lang='lat' dir='ltr'>reclamante?</span> <span class='ocrx_word' id='word_1_48' title='bbox 1222 610 1313 648; x_wconf 88' lang='lat' dir='ltr'>Scio</span> <span class='ocrx_word' id='word_1_49' title='bbox 1331 619 1467 647; x_wconf 85' lang='lat' dir='ltr'>tamen</span> 
     </span>
     <span class='ocr_line' id='line_1_7' title="bbox 152 668 1468 721; baseline -0.005 -11"><span class='ocrx_word' id='word_1_50' title='bbox 152 674 261 721; x_wconf 90' lang='lat' dir='ltr'>quod</span> <span class='ocrx_word' id='word_1_51' title='bbox 300 674 350 709; x_wconf 91' lang='lat' dir='ltr'>ad</span> <span class='ocrx_word' id='word_1_52' title='bbox 389 681 547 709; x_wconf 87' lang='lat' dir='ltr'>tantum</span> <span class='ocrx_word' id='word_1_53' title='bbox 587 671 755 708; x_wconf 82' lang='lat' dir='ltr'>invaluit</span> <span class='ocrx_word' id='word_1_54' title='bbox 794 670 1077 716; x_wconf 85' lang='lat' dir='ltr'>Antichristus,</span> <span class='ocrx_word' id='word_1_55' title='bbox 1118 669 1212 718; x_wconf 86' lang='lat' dir='ltr'>quia</span> <span class='ocrx_word' id='word_1_56' title='bbox 1250 669 1290 705; x_wconf 91' lang='lat' dir='ltr'>in</span> <span class='ocrx_word' id='word_1_57' title='bbox 1328 668 1468 717; x_wconf 91' lang='lat' dir='ltr'>primis</span> 
     </span>
     <span class='ocr_line' id='line_1_8' title="bbox 152 726 1466 777; baseline -0.005 -9"><span class='ocrx_word' id='word_1_58' title='bbox 152 731 224 768; x_wconf 90' lang='lat' dir='ltr'>fuit</span> <span class='ocrx_word' id='word_1_59' title='bbox 258 732 386 768; x_wconf 91' lang='lat' dir='ltr'>clerus</span> <span class='ocrx_word' id='word_1_60' title='bbox 426 739 682 772; x_wconf 77' lang='lat' dir='ltr'>comentatus</span> <span class='ocrx_word' id='word_1_61' title='bbox 723 731 770 766; x_wconf 91' lang='lat' dir='ltr'>de</span> <span class='ocrx_word' id='word_1_62' title='bbox 808 742 938 777; x_wconf 87' lang='lat' dir='ltr'>pauca</span> <span class='ocrx_word' id='word_1_63' title='bbox 978 728 1197 765; x_wconf 87' lang='lat' dir='ltr'>elemosina</span> <span class='ocrx_word' id='word_1_64' title='bbox 1236 726 1466 776; x_wconf 86' lang='lat' dir='ltr'>temporali,</span> 
     </span>
     <span class='ocr_line' id='line_1_9' title="bbox 153 785 1469 836; baseline -0.004 -10"><span class='ocrx_word' id='word_1_65' title='bbox 153 803 243 826; x_wconf 84' lang='lat' dir='ltr'>curn</span> <span class='ocrx_word' id='word_1_66' title='bbox 284 788 466 835; x_wconf 88' lang='lat' dir='ltr'>(Matthei</span> <span class='ocrx_word' id='word_1_67' title='bbox 498 790 584 834; x_wconf 80' lang='lat' dir='ltr'>VIO)</span> <span class='ocrx_word' id='word_1_68' title='bbox 627 788 808 824; x_wconf 84' lang='lat' dir='ltr'>Christus</span> <span class='ocrx_word' id='word_1_69' title='bbox 848 787 1019 836; x_wconf 85' lang='lat' dir='ltr'>precipit</span> <span class='ocrx_word' id='word_1_70' title='bbox 1058 787 1165 823; x_wconf 87' lang='lat' dir='ltr'>nolle</span> <span class='ocrx_word' id='word_1_71' title='bbox 1197 785 1469 822; x_wconf 88' lang='lat' dir='ltr'>thesaurizare</span> 
     </span>
     <span class='ocr_line' id='line_1_10' title="bbox 153 845 1467 897; baseline -0.003 -13"><span class='ocrx_word' id='word_1_72' title='bbox 153 861 226 897; x_wconf 89' lang='lat' dir='ltr'>pro</span> <span class='ocrx_word' id='word_1_73' title='bbox 266 848 414 884; x_wconf 86' lang='lat' dir='ltr'>talibus</span> <span class='ocrx_word' id='word_1_74' title='bbox 453 846 580 884; x_wconf 89' lang='lat' dir='ltr'>eciam</span> <span class='ocrx_word' id='word_1_75' title='bbox 620 859 747 895; x_wconf 87' lang='lat' dir='ltr'>usque</span> <span class='ocrx_word' id='word_1_76' title='bbox 785 846 826 882; x_wconf 88' lang='lat' dir='ltr'>in</span> <span class='ocrx_word' id='word_1_77' title='bbox 860 845 1094 882; x_wconf 89' lang='lat' dir='ltr'>crastinum.</span> <span class='ocrx_word' id='word_1_78' title='bbox 1140 846 1217 881; x_wconf 87' lang='lat' dir='ltr'>Sed</span> <span class='ocrx_word' id='word_1_79' title='bbox 1251 853 1467 893; x_wconf 85' lang='lat' dir='ltr'>postquam</span> 
     </span>
    </p>

    <p class='ocr_par' dir='ltr' id='par_1_4' title="bbox 100 901 1469 1188">
     <span class='ocr_line' id='line_1_11' title="bbox 100 901 1469 954; baseline -0.004 -11"><span class='ocrx_word' id='word_1_80' title='bbox 100 906 424 944; x_wconf 86' lang='lat' dir='ltr'>10Antichristus</span> <span class='ocrx_word' id='word_1_81' title='bbox 464 904 630 942; x_wconf 86' lang='lat' dir='ltr'>excessit</span> <span class='ocrx_word' id='word_1_82' title='bbox 664 905 799 954; x_wconf 87' lang='lat' dir='ltr'>quoad</span> <span class='ocrx_word' id='word_1_83' title='bbox 833 904 929 940; x_wconf 90' lang='lat' dir='ltr'>cleri</span> <span class='ocrx_word' id='word_1_84' title='bbox 963 903 1227 941; x_wconf 85' lang='lat' dir='ltr'>elemosinam</span> <span class='ocrx_word' id='word_1_85' title='bbox 1262 903 1301 939; x_wconf 90' lang='lat' dir='ltr'>in</span> <span class='ocrx_word' id='word_1_86' title='bbox 1335 901 1469 938; x_wconf 88' lang='lat' dir='ltr'>multi-</span> 
     </span>
     <span class='ocr_line' id='line_1_12' title="bbox 153 961 1469 1011; baseline -0.004 -10"><span class='ocrx_word' id='word_1_87' title='bbox 153 965 304 1009; x_wconf 85' lang='lat' dir='ltr'>tudine,</span> <span class='ocrx_word' id='word_1_88' title='bbox 344 964 385 1000; x_wconf 91' lang='lat' dir='ltr'>in</span> <span class='ocrx_word' id='word_1_89' title='bbox 426 963 714 1011; x_wconf 80' lang='lat' dir='ltr'>magnitudine,</span> <span class='ocrx_word' id='word_1_90' title='bbox 748 963 788 999; x_wconf 91' lang='lat' dir='ltr'>in</span> <span class='ocrx_word' id='word_1_91' title='bbox 821 962 1098 1008; x_wconf 86' lang='lat' dir='ltr'>diuturnitate,</span> <span class='ocrx_word' id='word_1_92' title='bbox 1139 961 1340 1010; x_wconf 86' lang='lat' dir='ltr'>baptizate</span> <span class='ocrx_word' id='word_1_93' title='bbox 1378 970 1469 997; x_wconf 91' lang='lat' dir='ltr'>sunt</span> 
     </span>
     <span class='ocr_line' id='line_1_13' title="bbox 153 1019 1469 1070; baseline -0.003 -11"><span class='ocrx_word' id='word_1_94' title='bbox 153 1022 371 1060; x_wconf 85' lang='lat' dir='ltr'>elemosine</span> <span class='ocrx_word' id='word_1_95' title='bbox 403 1022 556 1058; x_wconf 91' lang='lat' dir='ltr'>scilicet</span> <span class='ocrx_word' id='word_1_96' title='bbox 591 1023 699 1070; x_wconf 89' lang='lat' dir='ltr'>quod</span> <span class='ocrx_word' id='word_1_97' title='bbox 733 1021 850 1057; x_wconf 90' lang='lat' dir='ltr'>titulo</span> <span class='ocrx_word' id='word_1_98' title='bbox 885 1022 1090 1057; x_wconf 90' lang='lat' dir='ltr'>mundano</span> <span class='ocrx_word' id='word_1_99' title='bbox 1123 1028 1215 1056; x_wconf 90' lang='lat' dir='ltr'>sunt</span> <span class='ocrx_word' id='word_1_100' title='bbox 1248 1019 1392 1066; x_wconf 85' lang='lat' dir='ltr'>debite,</span> <span class='ocrx_word' id='word_1_101' title='bbox 1432 1028 1469 1055; x_wconf 90' lang='lat' dir='ltr'>et</span> 
     </span>
     <span class='ocr_line' id='line_1_14' title="bbox 153 1077 1469 1128; baseline -0.003 -11"><span class='ocrx_word' id='word_1_102' title='bbox 153 1094 243 1118; x_wconf 83' lang='lat' dir='ltr'>curn</span> <span class='ocrx_word' id='word_1_103' title='bbox 277 1094 358 1117; x_wconf 93' lang='lat' dir='ltr'>non</span> <span class='ocrx_word' id='word_1_104' title='bbox 392 1080 471 1116; x_wconf 83' lang='lat' dir='ltr'>sint</span> <span class='ocrx_word' id='word_1_105' title='bbox 504 1093 605 1128; x_wconf 92' lang='lat' dir='ltr'>pura</span> <span class='ocrx_word' id='word_1_106' title='bbox 639 1079 832 1125; x_wconf 89' lang='lat' dir='ltr'>dominia,</span> <span class='ocrx_word' id='word_1_107' title='bbox 867 1091 947 1115; x_wconf 89' lang='lat' dir='ltr'>non</span> <span class='ocrx_word' id='word_1_108' title='bbox 982 1087 1106 1115; x_wconf 84' lang='lat' dir='ltr'>restat</span> <span class='ocrx_word' id='word_1_109' title='bbox 1139 1078 1213 1114; x_wconf 92' lang='lat' dir='ltr'>nisi</span> <span class='ocrx_word' id='word_1_110' title='bbox 1248 1079 1355 1127; x_wconf 90' lang='lat' dir='ltr'>quod</span> <span class='ocrx_word' id='word_1_111' title='bbox 1391 1077 1469 1114; x_wconf 89' lang='lat' dir='ltr'>sint</span> 
     </span>
     <span class='ocr_line' id='line_1_15' title="bbox 152 1137 697 1188; baseline -0.004 -12"><span class='ocrx_word' id='word_1_112' title='bbox 152 1152 253 1188; x_wconf 89' lang='lat' dir='ltr'>pura</span> <span class='ocrx_word' id='word_1_113' title='bbox 286 1139 415 1187; x_wconf 87' lang='lat' dir='ltr'>spolia</span> <span class='ocrx_word' id='word_1_114' title='bbox 447 1137 697 1175; x_wconf 89' lang='lat' dir='ltr'>Antichristi.</span> 
     </span>
    </p>

    <p class='ocr_par' dir='ltr' id='par_1_5' title="bbox 100 1194 1470 1477">
     <span class='ocr_line' id='line_1_16' title="bbox 100 1194 1468 1244; baseline -0.003 -10"><span class='ocrx_word' id='word_1_115' title='bbox 100 1201 135 1234; x_wconf 79' lang='lat'>15</span> <span class='ocrx_word' id='word_1_116' title='bbox 211 1200 292 1234; x_wconf 93' lang='lat' dir='ltr'>Nec</span> <span class='ocrx_word' id='word_1_117' title='bbox 325 1198 507 1234; x_wconf 90' lang='lat' dir='ltr'>horreret</span> <span class='ocrx_word' id='word_1_118' title='bbox 541 1196 668 1233; x_wconf 84' lang='lat' dir='ltr'>fidelis</span> <span class='ocrx_word' id='word_1_119' title='bbox 702 1195 830 1244; x_wconf 80' lang='lat' dir='ltr'>magis</span> <span class='ocrx_word' id='word_1_120' title='bbox 862 1195 1063 1243; x_wconf 87' lang='lat' dir='ltr'>perfidum</span> <span class='ocrx_word' id='word_1_121' title='bbox 1087 1194 1320 1231; x_wconf 86' lang='lat' dir='ltr'>simulatum</span> <span class='ocrx_word' id='word_1_122' title='bbox 1347 1207 1468 1243; x_wconf 91' lang='lat' dir='ltr'>quam</span> 
     </span>
     <span class='ocr_line' id='line_1_17' title="bbox 152 1252 1469 1304; baseline -0.002 -12"><span class='ocrx_word' id='word_1_123' title='bbox 152 1257 261 1304; x_wconf 91' lang='lat' dir='ltr'>quod</span> <span class='ocrx_word' id='word_1_124' title='bbox 284 1256 438 1292; x_wconf 90' lang='lat' dir='ltr'>licitum</span> <span class='ocrx_word' id='word_1_125' title='bbox 469 1255 542 1292; x_wconf 91' lang='lat' dir='ltr'>fuit</span> <span class='ocrx_word' id='word_1_126' title='bbox 575 1268 621 1292; x_wconf 91' lang='lat' dir='ltr'>ac</span> <span class='ocrx_word' id='word_1_127' title='bbox 656 1254 907 1291; x_wconf 86' lang='lat' dir='ltr'>meritorium</span> <span class='ocrx_word' id='word_1_128' title='bbox 944 1254 1095 1290; x_wconf 85' lang='lat' dir='ltr'>clerum</span> <span class='ocrx_word' id='word_1_129' title='bbox 1127 1254 1175 1289; x_wconf 86' lang='lat' dir='ltr'>ab</span> <span class='ocrx_word' id='word_1_130' title='bbox 1206 1252 1469 1290; x_wconf 86' lang='lat' dir='ltr'>ordinacione</span> 
     </span>
     <span class='ocr_line' id='line_1_18' title="bbox 154 1311 1468 1363; baseline -0.001 -12"><span class='ocrx_word' id='word_1_131' title='bbox 154 1314 303 1352; x_wconf 88' lang='lat' dir='ltr'>Christi</span> <span class='ocrx_word' id='word_1_132' title='bbox 337 1327 457 1363; x_wconf 88' lang='lat' dir='ltr'>quarn</span> <span class='ocrx_word' id='word_1_133' title='bbox 498 1313 724 1350; x_wconf 77' lang='lat' dir='ltr'>observavit</span> <span class='ocrx_word' id='word_1_134' title='bbox 764 1313 804 1348; x_wconf 90' lang='lat' dir='ltr'>in</span> <span class='ocrx_word' id='word_1_135' title='bbox 845 1324 1020 1361; x_wconf 89' lang='lat' dir='ltr'>persona</span> <span class='ocrx_word' id='word_1_136' title='bbox 1053 1311 1219 1360; x_wconf 89' lang='lat' dir='ltr'>propria</span> <span class='ocrx_word' id='word_1_137' title='bbox 1253 1311 1468 1351; x_wconf 82' lang='lat' dir='ltr'>declinare.</span> 
     </span>
     <span class='ocr_line' id='line_1_19' title="bbox 153 1370 1470 1418; baseline -0.002 -9"><span class='ocrx_word' id='word_1_138' title='bbox 153 1373 256 1410; x_wconf 88' lang='lat' dir='ltr'>sicut</span> <span class='ocrx_word' id='word_1_139' title='bbox 296 1381 333 1409; x_wconf 88' lang='lat' dir='ltr'>et</span> <span class='ocrx_word' id='word_1_140' title='bbox 371 1381 480 1408; x_wconf 87' lang='lat' dir='ltr'>totus</span> <span class='ocrx_word' id='word_1_141' title='bbox 515 1373 688 1408; x_wconf 88' lang='lat' dir='ltr'>mundus</span> <span class='ocrx_word' id='word_1_142' title='bbox 723 1372 840 1407; x_wconf 90' lang='lat' dir='ltr'>debet</span> <span class='ocrx_word' id='word_1_143' title='bbox 872 1372 923 1407; x_wconf 91' lang='lat' dir='ltr'>ad</span> <span class='ocrx_word' id='word_1_144' title='bbox 957 1371 1033 1407; x_wconf 90' lang='lat' dir='ltr'>hoc</span> <span class='ocrx_word' id='word_1_145' title='bbox 1067 1370 1346 1418; x_wconf 89' lang='lat' dir='ltr'>multipliciter</span> <span class='ocrx_word' id='word_1_146' title='bbox 1378 1383 1470 1418; x_wconf 89' lang='lat' dir='ltr'>pro-</span> 
     </span>
     <span class='ocr_line' id='line_1_20' title="bbox 155 1428 1470 1477; baseline -0.002 -10"><span class='ocrx_word' id='word_1_147' title='bbox 155 1444 309 1477; x_wconf 89' lang='lat' dir='ltr'>curare,</span> <span class='ocrx_word' id='word_1_148' title='bbox 351 1432 399 1467; x_wconf 86' lang='lat' dir='ltr'>ab</span> <span class='ocrx_word' id='word_1_149' title='bbox 440 1430 703 1467; x_wconf 89' lang='lat' dir='ltr'>ordinacione</span> <span class='ocrx_word' id='word_1_150' title='bbox 735 1441 829 1465; x_wconf 90' lang='lat' dir='ltr'>vero</span> <span class='ocrx_word' id='word_1_151' title='bbox 872 1428 1035 1474; x_wconf 86' lang='lat' dir='ltr'>diaboli,</span> <span class='ocrx_word' id='word_1_152' title='bbox 1078 1428 1226 1465; x_wconf 81' lang='lat' dir='ltr'>cesaris</span> <span class='ocrx_word' id='word_1_153' title='bbox 1265 1429 1325 1464; x_wconf 87' lang='lat' dir='ltr'>vel</span> <span class='ocrx_word' id='word_1_154' title='bbox 1358 1428 1470 1464; x_wconf 86' lang='lat' dir='ltr'>Anti-</span> 
     </span>
    </p>

    <p class='ocr_par' dir='ltr' id='par_1_6' title="bbox 99 1486 1470 1770">
     <span class='ocr_line' id='line_1_21' title="bbox 99 1486 1470 1536; baseline -0.001 -12"><span class='ocrx_word' id='word_1_155' title='bbox 99 1503 139 1524; x_wconf 87' lang='lat'>20</span> <span class='ocrx_word' id='word_1_156' title='bbox 156 1489 296 1526; x_wconf 88' lang='lat' dir='ltr'>christi</span> <span class='ocrx_word' id='word_1_157' title='bbox 335 1488 433 1525; x_wconf 90' lang='lat' dir='ltr'>nulli</span> <span class='ocrx_word' id='word_1_158' title='bbox 472 1488 683 1525; x_wconf 90' lang='lat' dir='ltr'>hominum</span> <span class='ocrx_word' id='word_1_159' title='bbox 724 1487 843 1524; x_wconf 87' lang='lat' dir='ltr'>liceat</span> <span class='ocrx_word' id='word_1_160' title='bbox 883 1499 1115 1536; x_wconf 88' lang='lat' dir='ltr'>procurare,</span> <span class='ocrx_word' id='word_1_161' title='bbox 1155 1486 1371 1534; x_wconf 81' lang='lat' dir='ltr'>infringere</span> <span class='ocrx_word' id='word_1_162' title='bbox 1409 1488 1470 1524; x_wconf 88' lang='lat' dir='ltr'>vel</span> 
     </span>
     <span class='ocr_line' id='line_1_22' title="bbox 155 1545 1470 1595; baseline -0.002 -11"><span class='ocrx_word' id='word_1_163' title='bbox 155 1547 434 1585; x_wconf 85' lang='lat' dir='ltr'>contradicere</span> <span class='ocrx_word' id='word_1_164' title='bbox 467 1556 633 1595; x_wconf 85' lang='lat' dir='ltr'>propter</span> <span class='ocrx_word' id='word_1_165' title='bbox 666 1559 855 1583; x_wconf 89' lang='lat' dir='ltr'>censuras</span> <span class='ocrx_word' id='word_1_166' title='bbox 888 1546 928 1582; x_wconf 90' lang='lat' dir='ltr'>in</span> <span class='ocrx_word' id='word_1_167' title='bbox 953 1557 1093 1582; x_wconf 88' lang='lat' dir='ltr'>omnes</span> <span class='ocrx_word' id='word_1_168' title='bbox 1116 1546 1215 1582; x_wconf 88' lang='lat' dir='ltr'>tales</span> <span class='ocrx_word' id='word_1_169' title='bbox 1239 1545 1470 1582; x_wconf 88' lang='lat' dir='ltr'>acutissime</span> 
     </span>
     <span class='ocr_line' id='line_1_23' title="bbox 154 1603 1470 1653; baseline -0.002 -11"><span class='ocrx_word' id='word_1_170' title='bbox 154 1606 439 1642; x_wconf 85' lang='lat' dir='ltr'>fulminandas.</span> <span class='ocrx_word' id='word_1_171' title='bbox 487 1605 583 1650; x_wconf 90' lang='lat' dir='ltr'>Quis</span> <span class='ocrx_word' id='word_1_172' title='bbox 622 1608 751 1653; x_wconf 80' lang='lat' dir='ltr'>(rogo)</span> <span class='ocrx_word' id='word_1_173' title='bbox 794 1617 972 1653; x_wconf 84' lang='lat' dir='ltr'>unquam</span> <span class='ocrx_word' id='word_1_174' title='bbox 1013 1603 1165 1640; x_wconf 85' lang='lat' dir='ltr'>audivit</span> <span class='ocrx_word' id='word_1_175' title='bbox 1204 1603 1325 1639; x_wconf 89' lang='lat' dir='ltr'>talem</span> <span class='ocrx_word' id='word_1_176' title='bbox 1367 1605 1470 1640; x_wconf 88' lang='lat' dir='ltr'>blas-</span> 
     </span>
     <span class='ocr_line' id='line_1_24' title="bbox 154 1661 1469 1713; baseline -0.002 -12"><span class='ocrx_word' id='word_1_177' title='bbox 154 1666 344 1713; x_wconf 88' lang='lat' dir='ltr'>phemam</span> <span class='ocrx_word' id='word_1_178' title='bbox 379 1664 578 1700; x_wconf 88' lang='lat' dir='ltr'>insaniam</span> <span class='ocrx_word' id='word_1_179' title='bbox 611 1672 679 1700; x_wconf 91' lang='lat' dir='ltr'>aut</span> <span class='ocrx_word' id='word_1_180' title='bbox 703 1664 910 1712; x_wconf 91' lang='lat' dir='ltr'>quomodo</span> <span class='ocrx_word' id='word_1_181' title='bbox 943 1672 1106 1710; x_wconf 84' lang='lat' dir='ltr'>possent</span> <span class='ocrx_word' id='word_1_182' title='bbox 1129 1661 1337 1710; x_wconf 85' lang='lat' dir='ltr'>patencius</span> <span class='ocrx_word' id='word_1_183' title='bbox 1359 1662 1469 1698; x_wconf 91' lang='lat' dir='ltr'>Anti-</span> 
     </span>
     <span class='ocr_line' id='line_1_25' title="bbox 155 1719 1470 1770; baseline -0.002 -11"><span class='ocrx_word' id='word_1_184' title='bbox 155 1723 292 1759; x_wconf 89' lang='lat' dir='ltr'>christi</span> <span class='ocrx_word' id='word_1_185' title='bbox 326 1722 512 1770; x_wconf 88' lang='lat' dir='ltr'>discipuli</span> <span class='ocrx_word' id='word_1_186' title='bbox 546 1721 716 1758; x_wconf 86' lang='lat' dir='ltr'>iudicari</span> <span class='ocrx_word' id='word_1_187' title='bbox 751 1733 870 1770; x_wconf 91' lang='lat' dir='ltr'>quam</span> <span class='ocrx_word' id='word_1_188' title='bbox 905 1734 979 1769; x_wconf 86' lang='lat' dir='ltr'>pro</span> <span class='ocrx_word' id='word_1_189' title='bbox 1014 1720 1163 1758; x_wconf 86' lang='lat' dir='ltr'>Christi</span> <span class='ocrx_word' id='word_1_190' title='bbox 1196 1719 1470 1757; x_wconf 86' lang='lat' dir='ltr'>ordinacionis</span> 
     </span>
    </p>

    <p class='ocr_par' dir='ltr' id='par_1_7' title="bbox 99 1778 1470 1876">
     <span class='ocr_line' id='line_1_26' title="bbox 99 1778 1470 1828; baseline -0.001 -11"><span class='ocrx_word' id='word_1_191' title='bbox 99 1785 137 1816; x_wconf 73' lang='lat'>25</span> <span class='ocrx_word' id='word_1_192' title='bbox 155 1781 434 1817; x_wconf 90' lang='lat' dir='ltr'>destruccione</span> <span class='ocrx_word' id='word_1_193' title='bbox 472 1781 609 1817; x_wconf 92' lang='lat' dir='ltr'>sedule</span> <span class='ocrx_word' id='word_1_194' title='bbox 649 1792 869 1828; x_wconf 88' lang='lat' dir='ltr'>procurare</span> <span class='ocrx_word' id='word_1_195' title='bbox 903 1788 939 1815; x_wconf 89' lang='lat' dir='ltr'>et</span> <span class='ocrx_word' id='word_1_196' title='bbox 972 1791 1046 1828; x_wconf 85' lang='lat' dir='ltr'>pro</span> <span class='ocrx_word' id='word_1_197' title='bbox 1081 1778 1392 1815; x_wconf 87' lang='lat' dir='ltr'>continuacione</span> <span class='ocrx_word' id='word_1_198' title='bbox 1425 1792 1470 1816; x_wconf 89' lang='lat' dir='ltr'>ac</span> 
     </span>
     <span class='ocr_line' id='line_1_27' title="bbox 155 1837 1470 1876; baseline -0.002 0"><span class='ocrx_word' id='word_1_199' title='bbox 155 1839 385 1876; x_wconf 87' lang='lat' dir='ltr'>defensione</span> <span class='ocrx_word' id='word_1_200' title='bbox 430 1838 704 1876; x_wconf 88' lang='lat' dir='ltr'>ordinacionis</span> <span class='ocrx_word' id='word_1_201' title='bbox 750 1838 952 1875; x_wconf 87' lang='lat' dir='ltr'>contrarie</span> <span class='ocrx_word' id='word_1_202' title='bbox 991 1837 1223 1874; x_wconf 88' lang='lat' dir='ltr'>acutissime</span> <span class='ocrx_word' id='word_1_203' title='bbox 1262 1837 1470 1874; x_wconf 68' lang='lat' dir='ltr'>laborare}</span> 
     </span>
    </p>
   </div>
   <div class='ocr_carea' id='block_1_3' title="bbox 635 2001 990 2042">
    <p class='ocr_par' dir='ltr' id='par_1_8' title="bbox 635 2001 990 2042">
     <span class='ocr_line' id='line_1_28' title="bbox 635 2001 990 2042; baseline 0 -1"><span class='ocrx_word' id='word_1_204' title='bbox 635 2001 829 2041; x_wconf 74' lang='lat' dir='ltr'>SERMO</span> <span class='ocrx_word' id='word_1_205' title='bbox 863 2001 990 2042; x_wconf 84' lang='lat' dir='ltr'><strong>LVII.</strong></span> 
     </span>
    </p>
   </div>
   <div class='ocr_carea' id='block_1_4' title="bbox 99 2108 1761 2565">
    <p class='ocr_par' dir='ltr' id='par_1_9' title="bbox 99 2108 1761 2565">
     <span class='ocr_line' id='line_1_29' title="bbox 212 2108 1290 2157; baseline 0 -13"><span class='ocrx_word' id='word_1_206' title='bbox 212 2109 431 2145; x_wconf 81' lang='lat' dir='ltr'>Imitatores</span> <span class='ocrx_word' id='word_1_207' title='bbox 464 2110 538 2146; x_wconf 81' lang='lat' dir='ltr'>mei</span> <span class='ocrx_word' id='word_1_208' title='bbox 568 2117 685 2146; x_wconf 76' lang='lat' dir='ltr'>estote</span> <span class='ocrx_word' id='word_1_209' title='bbox 718 2118 790 2146; x_wconf 92' lang='lat' dir='ltr'>etc.</span> <span class='ocrx_word' id='word_1_210' title='bbox 825 2110 886 2145; x_wconf 89' lang='lat' dir='ltr'>Ad</span> <span class='ocrx_word' id='word_1_211' title='bbox 921 2108 1080 2157; x_wconf 87' lang='lat' dir='ltr'>Philipp</span> <span class='ocrx_word' id='word_1_212' title='bbox 1114 2110 1199 2154; x_wconf 83' lang='lat'>1110,</span> <span class='ocrx_word' id='word_1_213' title='bbox 1231 2121 1290 2155; x_wconf 85' lang='lat'>17.</span> 
     </span>
     <span class='ocr_line' id='line_1_30' title="bbox 214 2166 1734 2216; baseline -0.003 -14"><span class='ocrx_word' id='word_1_214' title='bbox 214 2169 255 2202; x_wconf 90' lang='lat' dir='ltr'>In</span> <span class='ocrx_word' id='word_1_215' title='bbox 293 2166 370 2203; x_wconf 85' lang='lat' dir='ltr'>ista</span> <span class='ocrx_word' id='word_1_216' title='bbox 409 2167 579 2216; x_wconf 88' lang='lat' dir='ltr'>epistola</span> <span class='ocrx_word' id='word_1_217' title='bbox 618 2168 803 2204; x_wconf 90' lang='lat' dir='ltr'>hortatur</span> <span class='ocrx_word' id='word_1_218' title='bbox 835 2168 1052 2215; x_wconf 90' lang='lat' dir='ltr'>Apostolus</span> <span class='ocrx_word' id='word_1_219' title='bbox 1094 2166 1229 2203; x_wconf 86' lang='lat' dir='ltr'>fideles</span> <span class='ocrx_word' id='word_1_220' title='bbox 1264 2168 1470 2215; x_wconf 90' lang='lat' dir='ltr'>quomodo</span> <span class='ocrx_word' id='word_1_221' title='bbox 1517 2173 1584 2200; x_wconf 64' lang='lat' dir='ltr'>The</span> <span class='ocrx_word' id='word_1_222' title='bbox 1604 2173 1734 2208; x_wconf 74' lang='lat' dir='ltr'>Apostlc</span> 
     </span>
     <span class='ocr_line' id='line_1_31' title="bbox 99 2208 1761 2274; baseline 0 -14"><span class='ocrx_word' id='word_1_223' title='bbox 99 2229 139 2260; x_wconf 83' lang='lat'>30</span> <span class='ocrx_word' id='word_1_224' title='bbox 156 2225 287 2273; x_wconf 88' lang='lat' dir='ltr'>ipsum</span> <span class='ocrx_word' id='word_1_225' title='bbox 307 2224 456 2262; x_wconf 88' lang='lat' dir='ltr'>imitari</span> <span class='ocrx_word' id='word_1_226' title='bbox 481 2227 627 2263; x_wconf 89' lang='lat' dir='ltr'>debent</span> <span class='ocrx_word' id='word_1_227' title='bbox 651 2235 687 2262; x_wconf 90' lang='lat' dir='ltr'>et</span> <span class='ocrx_word' id='word_1_228' title='bbox 711 2226 888 2263; x_wconf 88' lang='lat' dir='ltr'>annectit</span> <span class='ocrx_word' id='word_1_229' title='bbox 913 2227 1131 2262; x_wconf 88' lang='lat' dir='ltr'>secundum</span> <span class='ocrx_word' id='word_1_230' title='bbox 1153 2238 1274 2274; x_wconf 83' lang='lat' dir='ltr'>quam</span> <span class='ocrx_word' id='word_1_231' title='bbox 1298 2225 1471 2261; x_wconf 82' lang='lat' dir='ltr'>formam</span> <span class='ocrx_word' id='word_1_232' title='bbox 1489 2208 1761 2271; x_wconf 46' lang='lat' dir='ltr'>itsessghbegitnlffttffllffi</span> 
     </span>
     <span class='ocr_line' id='line_1_32' title="bbox 157 2277 1746 2340; baseline -0.001 -21"><span class='ocrx_word' id='word_1_233' title='bbox 157 2285 328 2320; x_wconf 88' lang='lat' dir='ltr'>debeant</span> <span class='ocrx_word' id='word_1_234' title='bbox 367 2285 575 2332; x_wconf 86' lang='lat' dir='ltr'>apostolos</span> <span class='ocrx_word' id='word_1_235' title='bbox 615 2293 652 2321; x_wconf 90' lang='lat' dir='ltr'>et</span> <span class='ocrx_word' id='word_1_236' title='bbox 690 2284 796 2321; x_wconf 87' lang='lat' dir='ltr'>viros</span> <span class='ocrx_word' id='word_1_237' title='bbox 829 2284 1076 2332; x_wconf 88' lang='lat' dir='ltr'>apostolicos</span> <span class='ocrx_word' id='word_1_238' title='bbox 1109 2283 1274 2320; x_wconf 89' lang='lat' dir='ltr'>imitari.</span> <span class='ocrx_word' id='word_1_239' title='bbox 1322 2284 1472 2319; x_wconf 90' lang='lat' dir='ltr'>Omnes</span> <span class='ocrx_word' id='word_1_240' title='bbox 1497 2277 1746 2340; x_wconf 43' lang='lat' dir='ltr'>tcsisoix¹iffi1rlisst</span> 
     </span>
     <span class='ocr_line' id='line_1_33' title="bbox 159 2333 1755 2390; baseline -0.001 -13"><span class='ocrx_word' id='word_1_241' title='bbox 159 2341 262 2378; x_wconf 90' lang='lat' dir='ltr'>enim</span> <span class='ocrx_word' id='word_1_242' title='bbox 298 2341 355 2378; x_wconf 90' lang='lat' dir='ltr'>illi</span> <span class='ocrx_word' id='word_1_243' title='bbox 389 2351 480 2379; x_wconf 90' lang='lat' dir='ltr'>sunt</span> <span class='ocrx_word' id='word_1_244' title='bbox 513 2343 655 2379; x_wconf 88' lang='lat' dir='ltr'>fratres</span> <span class='ocrx_word' id='word_1_245' title='bbox 688 2342 727 2378; x_wconf 91' lang='lat' dir='ltr'>in</span> <span class='ocrx_word' id='word_1_246' title='bbox 752 2343 926 2379; x_wconf 88' lang='lat' dir='ltr'>Domino</span> <span class='ocrx_word' id='word_1_247' title='bbox 951 2351 987 2378; x_wconf 92' lang='lat' dir='ltr'>et</span> <span class='ocrx_word' id='word_1_248' title='bbox 1011 2351 1180 2390; x_wconf 89' lang='lat' dir='ltr'>possunt</span> <span class='ocrx_word' id='word_1_249' title='bbox 1213 2341 1296 2378; x_wconf 90' lang='lat' dir='ltr'>sine</span> <span class='ocrx_word' id='word_1_250' title='bbox 1330 2354 1473 2389; x_wconf 80' lang='lat' dir='ltr'>repug-</span> <span class='ocrx_word' id='word_1_251' title='bbox 1607 2335 1612 2339; x_wconf 32' lang='lat'>⁸</span> <span class='ocrx_word' id='word_1_252' title='bbox 1720 2333 1755 2339; x_wconf 36' lang='grc' dir='ltr'><strong>Η</strong></span> 
     </span>
     <span class='ocr_line' id='line_1_34' title="bbox 156 2399 1473 2449; baseline -0.001 -14"><span class='ocrx_word' id='word_1_253' title='bbox 156 2400 301 2436; x_wconf 83' lang='lat' dir='ltr'>nancia</span> <span class='ocrx_word' id='word_1_254' title='bbox 346 2413 486 2437; x_wconf 88' lang='lat' dir='ltr'>omnes</span> <span class='ocrx_word' id='word_1_255' title='bbox 531 2410 568 2437; x_wconf 89' lang='lat' dir='ltr'>et</span> <span class='ocrx_word' id='word_1_256' title='bbox 607 2401 751 2449; x_wconf 81' lang='lat' dir='ltr'>singuli</span> <span class='ocrx_word' id='word_1_257' title='bbox 793 2400 912 2437; x_wconf 89' lang='lat' dir='ltr'>simul</span> <span class='ocrx_word' id='word_1_258' title='bbox 951 2409 989 2437; x_wconf 90' lang='lat' dir='ltr'>et</span> <span class='ocrx_word' id='word_1_259' title='bbox 1027 2401 1151 2436; x_wconf 89' lang='lat' dir='ltr'>semel</span> <span class='ocrx_word' id='word_1_260' title='bbox 1191 2399 1393 2435; x_wconf 89' lang='lat' dir='ltr'>Christum</span> <span class='ocrx_word' id='word_1_261' title='bbox 1434 2399 1473 2434; x_wconf 90' lang='lat' dir='ltr'>in</span> 
     </span>
     <span class='ocr_line' id='line_1_35' title="bbox 159 2457 1470 2506; baseline -0.002 -12"><span class='ocrx_word' id='word_1_262' title='bbox 159 2458 337 2494; x_wconf 86' lang='lat' dir='ltr'>moribus</span> <span class='ocrx_word' id='word_1_263' title='bbox 370 2458 534 2495; x_wconf 89' lang='lat' dir='ltr'>imitari.</span> <span class='ocrx_word' id='word_1_264' title='bbox 569 2462 650 2496; x_wconf 87' lang='lat' dir='ltr'>Nec</span> <span class='ocrx_word' id='word_1_265' title='bbox 682 2460 766 2495; x_wconf 75' lang='lat' dir='ltr'>vult</span> <span class='ocrx_word' id='word_1_266' title='bbox 798 2459 1017 2506; x_wconf 85' lang='lat' dir='ltr'>Apostolus</span> <span class='ocrx_word' id='word_1_267' title='bbox 1051 2459 1158 2506; x_wconf 90' lang='lat' dir='ltr'>quod</span> <span class='ocrx_word' id='word_1_268' title='bbox 1193 2457 1308 2494; x_wconf 87' lang='lat' dir='ltr'>aliter</span> <span class='ocrx_word' id='word_1_269' title='bbox 1340 2457 1470 2506; x_wconf 91' lang='lat' dir='ltr'>ipsum</span> 
     </span>
     <span class='ocr_line' id='line_1_36' title="bbox 99 2515 1473 2565; baseline 0 -14"><span class='ocrx_word' id='word_1_270' title='bbox 99 2517 218 2553; x_wconf 81' lang='lat' dir='ltr'>35vel</span> <span class='ocrx_word' id='word_1_271' title='bbox 256 2529 537 2565; x_wconf 86' lang='lat' dir='ltr'>quemcunque</span> <span class='ocrx_word' id='word_1_272' title='bbox 582 2517 704 2554; x_wconf 89' lang='lat' dir='ltr'>alium</span> <span class='ocrx_word' id='word_1_273' title='bbox 746 2517 955 2553; x_wconf 86' lang='lat' dir='ltr'>imitentur</span> <span class='ocrx_word' id='word_1_274' title='bbox 992 2516 1067 2553; x_wconf 92' lang='lat' dir='ltr'>nisi</span> <span class='ocrx_word' id='word_1_275' title='bbox 1107 2518 1154 2552; x_wconf 92' lang='lat' dir='ltr'>de</span> <span class='ocrx_word' id='word_1_276' title='bbox 1193 2525 1345 2564; x_wconf 88' lang='lat' dir='ltr'>quanto</span> <span class='ocrx_word' id='word_1_277' title='bbox 1390 2515 1473 2563; x_wconf 89' lang='lat' dir='ltr'>ipse</span> 
     </span>
    </p>
   </div>
   <div class='ocr_carea' id='block_1_5' title="bbox 159 2573 1471 2612">
    <p class='ocr_par' dir='ltr' id='par_1_10' title="bbox 159 2573 1471 2612">
     <span class='ocr_line' id='line_1_37' title="bbox 159 2573 1471 2612; baseline -0.002 -1"><span class='ocrx_word' id='word_1_278' title='bbox 159 2584 265 2612; x_wconf 90' lang='lat' dir='ltr'>recte</span> <span class='ocrx_word' id='word_1_279' title='bbox 297 2583 457 2612; x_wconf 87' lang='lat' dir='ltr'>secutus</span> <span class='ocrx_word' id='word_1_280' title='bbox 490 2575 608 2612; x_wconf 89' lang='lat' dir='ltr'>fuerit</span> <span class='ocrx_word' id='word_1_281' title='bbox 642 2577 784 2612; x_wconf 86' lang='lat' dir='ltr'>ducem</span> <span class='ocrx_word' id='word_1_282' title='bbox 810 2575 1004 2611; x_wconf 81' lang='lat' dir='ltr'>exercitus</span> <span class='ocrx_word' id='word_1_283' title='bbox 1029 2573 1237 2611; x_wconf 88' lang='lat' dir='ltr'>christiani</span> <span class='ocrx_word' id='word_1_284' title='bbox 1262 2573 1471 2610; x_wconf 89' lang='lat' dir='ltr'>dominum</span> 
     </span>
    </p>
   </div>
   <div class='ocr_carea' id='block_1_6' title="bbox 227 2756 1065 2791">
    <p class='ocr_par' dir='ltr' id='par_1_11' title="bbox 227 2756 1065 2791">
     <span class='ocr_line' id='line_1_38' title="bbox 227 2756 1065 2791; baseline -0.001 -7"><span class='ocrx_word' id='word_1_285' title='bbox 227 2764 254 2791; x_wconf 68' lang='lat' dir='ltr'>Q.</span> <span class='ocrx_word' id='word_1_286' title='bbox 276 2756 404 2787; x_wconf 69' lang='lat' dir='ltr'>talibus:</span> <span class='ocrx_word' id='word_1_287' title='bbox 431 2757 712 2791; x_wconf 70' lang='lat' dir='ltr'>ten1p01·alibus(.¹).</span> <span class='ocrx_word' id='word_1_288' title='bbox 789 2756 826 2784; x_wconf 75' lang='lat'>15.</span> <span class='ocrx_word' id='word_1_289' title='bbox 847 2757 879 2784; x_wconf 80' lang='lat' dir='ltr'>In</span> <span class='ocrx_word' id='word_1_290' title='bbox 903 2764 1017 2791; x_wconf 61' lang='lat' dir='ltr'>marg:</span> <span class='ocrx_word' id='word_1_291' title='bbox 1047 2765 1065 2783; x_wconf 82' lang='lat'>1.</span> 
     </span>
    </p>
   </div>
   <div class='ocr_carea' id='block_1_7' title="bbox 159 2862 1473 2953">
    <p class='ocr_par' dir='ltr' id='par_1_12' title="bbox 159 2862 1473 2953">
     <span class='ocr_line' id='line_1_39' title="bbox 229 2862 1473 2906; baseline -0.001 -12"><span class='ocrx_word' id='word_1_292' title='bbox 229 2874 284 2906; x_wconf 77' lang='lat'>27.</span> <span class='ocrx_word' id='word_1_293' title='bbox 319 2863 499 2895; x_wconf 84' lang='lat' dir='ltr'>Dominica</span> <span class='ocrx_word' id='word_1_294' title='bbox 534 2863 701 2895; x_wconf 87' lang='lat' dir='ltr'>vicesima</span> <span class='ocrx_word' id='word_1_295' title='bbox 735 2863 835 2895; x_wconf 86' lang='lat' dir='ltr'>tertia</span> <span class='ocrx_word' id='word_1_296' title='bbox 867 2870 944 2905; x_wconf 89' lang='lat' dir='ltr'>port</span> <span class='ocrx_word' id='word_1_297' title='bbox 976 2863 1198 2895; x_wconf 82' lang='lat' dir='ltr'>Trinitatem.</span> <span class='ocrx_word' id='word_1_298' title='bbox 1234 2862 1285 2894; x_wconf 87' lang='lat' dir='ltr'>Cf.</span> <span class='ocrx_word' id='word_1_299' title='bbox 1316 2862 1473 2905; x_wconf 78' lang='lat' dir='ltr'>Wyclif‘s</span> 
     </span>
     <span class='ocr_line' id='line_1_40' title="bbox 159 2909 1062 2953; baseline 0 -12"><span class='ocrx_word' id='word_1_300' title='bbox 159 2911 338 2951; x_wconf 83' lang='lat' dir='ltr'>Sermons,</span> <span class='ocrx_word' id='word_1_301' title='bbox 366 2910 421 2942; x_wconf 90' lang='lat' dir='ltr'>ed.</span> <span class='ocrx_word' id='word_1_302' title='bbox 449 2909 493 2952; x_wconf 89' lang='lat' dir='ltr'>by</span> <span class='ocrx_word' id='word_1_303' title='bbox 520 2910 668 2951; x_wconf 83' lang='lat' dir='ltr'>Arnold,</span> <span class='ocrx_word' id='word_1_304' title='bbox 696 2911 734 2950; x_wconf 89' lang='lat'>11,</span> <span class='ocrx_word' id='word_1_305' title='bbox 762 2920 839 2952; x_wconf 84' lang='lat' dir='ltr'>pag.</span> <span class='ocrx_word' id='word_1_306' title='bbox 868 2909 1062 2953; x_wconf 77' lang='lat'><strong>370—373.</strong></span> 
     </span>
    </p>
   </div>
  </div>
 </body>
</html>
