1944 3323
140 252 218 288 258

183 373 368 400 ,lliraculous

139 409 294 435 character
312 407 346 434 of
363 406 412 434 the

204 442 346 469 tliuncler.

212 1530 290 1558 How
311 1530 361 1556 the

164 1566 297 1601 apostles
319 1564 414 1599 spolie

173 1601 243 1628 with
265 1606 404 1635 tongues.

219 2052 285 2079 'she
306 2059 363 2078 one

175 2093 327 2114 tiltei'ssnce
349 2093 411 2111 was

219 2122 310 2149 heard
333 2129 365 2146 as

221 2158 358 2184 disscrcnt

206 2194 381 2226 languanes

714 254 936 287 JOHANNJS
954 252 1137 285 wvcmr
1156 250 1411 283 SERMONUM
1445 235 1597 293 [SERMO
1614 243 1734 272 xxxn.

484 366 630 399 Narrat
674 369 806 398 autem
852 358 1015 407 ystoria,
1064 369 1155 394 cum
1201 355 1347 393 Christi
1393 353 1578 403 discipuli
1624 361 1736 390 erant

428 420 611 469 discipuli
651 418 800 468 pariter
839 425 971 453 mente
1015 425 1052 452 et
1090 427 1273 463 corpore,
1313 426 1428 450 sonus
1465 411 1571 450 venti
1615 424 1736 460 quam

429 479 628 516 tonitruus
650 490 732 513 non
755 485 908 512 terrens
940 475 1009 510 sed
1043 473 1220 510 mulcens
1246 485 1321 522 per
1344 471 1531 521 Spiritum
1555 470 1736 505 Sanctum

429 538 496 587 qui
541 546 597 574 est
641 534 871 572 consolator
918 531 1100 569 cordium
1146 540 1183 568 et
1225 531 1380 581 spirans
1423 529 1486 565 ubi
1522 528 1603 564 vult
1644 526 1739 576 ipsis

430 595 634 644 discipulis
666 593 707 629 in
739 591 879 629 auditu
911 589 1088 627 sensibili
1121 589 1341 637 apparebat
1371 595 1406 624 et
1429 586 1590 637 replevit
1622 587 1773 622 totamf,

431 655 585 690 domum
619 649 885 699 singulariter.
934 649 989 684 Ex
1020 660 1099 696 quo
1139 655 1249 695 patet
1282 646 1521 682 miraculum
1555 656 1601 680 eo
1634 643 1742 692 quod

430 711 631 749 tonitruus
670 707 940 746 communiter
973 714 1009 742 et
1043 705 1238 742 distanter
1271 712 1457 741 causatur
1495 702 1535 739 in
1575 714 1666 738 aere
1700 712 1743 737 ex

432 782 551 806 causa
574 768 651 806 alia
675 779 795 816 quam
819 765 891 802 fuit
914 765 1003 801 loco
1036 763 1090 800 eis
1123 762 1374 808 conveniens,
1408 773 1479 798 nec
1512 760 1641 797 solum
1672 757 1744 794 fuit

432 829 543 864 locus
587 826 653 862 ille
697 825 873 873 repletus
917 834 1015 859 sono
1060 823 1127 858 sed
1167 821 1380 869 splendore
1419 818 1596 855 insolito.
1642 819 1743 853 Nam

433 887 544 936 ignes
595 885 773 920 lucentes
827 887 1096 931 apparuerunt
1146 879 1298 929 spissim
1350 877 1392 913 in
1435 889 1527 914 aere
1572 887 1803 924 quorumio

432 944 563 980 fervor
608 939 798 978 indicavit
844 938 1052 976 caritatem
1099 937 1140 973 in
1185 935 1391 985 apostolis,
1437 935 1565 971 forma
1611 941 1745 970 autem

434 1001 549 1049 ignea
607 998 798 1036 indicavit
854 995 1047 1034 noticiam
1108 994 1329 1043 disparium
1382 992 1634 1041 ydiomatum
1686 990 1747 1027 vel

434 1060 661 1108 linguarum
686 1066 723 1094 et
746 1055 927 1093 lucencia
956 1053 1147 1090 indicavit
1168 1052 1346 1100 undique
1370 1051 1519 1088 claram
1553 1048 1746 1086 noticiam

435 1118 475 1154 in
514 1117 724 1154 ambobus.
770 1117 845 1150 Iste
884 1121 1017 1150 autern
1057 1110 1158 1159 ignis
1196 1110 1310 1156 sedit,
1351 1109 1391 1145 id
1424 1118 1494 1155 est,
1528 1106 1749 1156 permansit

436 1188 556 1224 supra
613 1173 792 1222 singulos
850 1183 989 1208 eorum
1049 1170 1270 1206 secundum
1330 1168 1496 1204 modum
1555 1164 1747 1214 loquendi
1769 1165 1804 1198 15

437 1233 642 1282 Scripture
673 1261 681 1268 .
707 1261 715 1268 .
743 1260 783 1267 ..
831 1229 992 1266 Sedistis
1035 1227 1070 1263 in
1110 1227 1357 1263 Cadesbarne
1400 1225 1520 1261 multo
1564 1231 1749 1273 tempore,

438 1292 477 1327 id
517 1300 586 1341 est,
627 1287 845 1333 mansisti53
891 1296 927 1323 et
971 1290 1029 1331 <ut
1068 1285 1232 1334 quidam
1272 1286 1474 1332 reputant)
1514 1282 1582 1318 illo
1628 1281 1749 1317 modo

438 1351 626 1386 sederunt
658 1345 832 1396 apostoli
867 1345 907 1381 in
939 1356 1010 1380 suo
1045 1343 1235 1380 cenaculo
1267 1343 1327 1379 vel
1359 1341 1503 1378 stando
1536 1340 1597 1376 vel
1628 1351 1750 1387 genu-

439 1407 636 1444 flectendo
674 1405 735 1442 vel
768 1406 895 1440 Deum
935 1411 977 1438 ut
1010 1401 1183 1449 Spiritus
1222 1402 1392 1438 Sanctus
1437 1406 1615 1435 moverat
1655 1398 1751 1434 ado-

439 1467 579 1503 rando.
1767 1468 1809 1490 20

498 1524 567 1560 Illa
600 1530 733 1558 autem
767 1518 893 1556 stacio
925 1518 1152 1566 linguarum
1185 1516 1315 1564 signat
1337 1515 1377 1550 in
1400 1512 1606 1562 discipulis
1630 1511 1750 1548 firmi-

441 1591 562 1618 tatem
608 1578 756 1615 noticie
801 1586 838 1614 et
881 1575 1060 1621 virtutis;
1114 1582 1148 1611 et
1194 1575 1248 1611 sic
1293 1572 1432 1622 repleti
1474 1578 1560 1608 sunt
1604 1570 1751 1620 Spiritu

441 1641 581 1675 Sancto
620 1638 659 1673 in
699 1636 853 1673 effectu.
904 1633 1094 1680 Quamvis
1135 1641 1268 1669 autem
1301 1629 1479 1667 Trinitas
1526 1627 1751 1665 necessario

441 1698 489 1733 sit
530 1695 690 1744 ubique,
732 1693 876 1730 dicitur
914 1701 1051 1729 tamen
1090 1703 1174 1727 esse
1206 1688 1361 1726 noviter
1393 1689 1453 1725 vel
1485 1685 1751 1735 singulariter,

441 1755 506 1791 ubi
547 1753 679 1791 taliter
718 1760 908 1800 operatur
947 1750 987 1786 in
1019 1749 1132 1797 signo
1170 1746 1359 1792 sensibili,
1400 1758 1493 1794 ergo
1525 1742 1808 1781 necessitatizfi

441 1822 530 1849 sunt
562 1811 686 1860 eloqui
715 1818 931 1858 postquam
965 1807 1020 1844 sic
1054 1805 1194 1855 repleti
1229 1804 1380 1853 Spiritu
1413 1805 1574 1848 Sancto,
1610 1811 1646 1839 et
1678 1802 1753 1837 hoc

441 1871 648 1907 secundum
683 1867 944 1904 diversitatem
978 1866 1216 1915 linguarum,
1250 1871 1292 1898 ut
1321 1861 1524 1898 auditorio
1556 1860 1629 1896 fuit
1661 1872 1754 1895 con-

442 1928 615 1965 veniens.
650 1927 763 1963 Unde
796 1926 845 1961 ad
879 1922 1197 1971 magnitudinem
1232 1919 1476 1956 mirabilium
1510 1931 1590 1954 non
1622 1917 1753 1954 solum

444 1987 710 2035 loquebantur
755 1983 818 2019 isti
867 1982 1040 2017 illustres
1085 1978 1283 2027 discipuli,
1330 1977 1590 2025 intelligendo
1634 1986 1753 2012 omne

443 2044 620 2093 ydioma,
653 2044 721 2078 sed
745 2039 931 2076 distincte
964 2039 1233 2087 loquebantur
1266 2036 1385 2072 simul
1417 2035 1456 2070 in
1489 2035 1628 2070 eodem
1663 2044 1753 2069 aere
1769 2037 1811 2069 30

443 2102 642 2149 singulum
676 2099 852 2147 ydioma.
886 2100 965 2133 Nec
998 2104 1157 2144 oportet
1180 2108 1223 2132 ex
1255 2094 1330 2130 isto
1355 2094 1462 2142 quod
1494 2092 1560 2128 ille
1593 2104 1660 2128 aer
1682 2090 1754 2126 fuit

444 2160 563 2196 simul
597 2167 632 2194 et
665 2158 787 2194 semel
821 2156 1011 2202 figuratus
1044 2152 1243 2190 contrarie
1276 2151 1355 2188 sive
1389 2160 1535 2196 motus,
1569 2150 1636 2185 sed
1669 2147 1755 2197 qui-

446 2218 540 2253 libet
573 2218 620 2252 de
659 2228 730 2251 suo
770 2213 970 2250 auditorio
1005 2211 1189 2248 distincte
1228 2208 1377 2246 audivit
1410 2217 1446 2245 et
1478 2207 1633 2245 noviter
1665 2218 1756 2254 pro-

447 2274 576 2323 prium
602 2273 776 2321 ydioma.
811 2271 920 2307 Sicut
944 2269 1048 2306 enim
1074 2282 1143 2318 per
1172 2267 1431 2304 rebellionem
1454 2264 1593 2314 populi
1616 2273 1755 2301 contra

448 2336 573 2369 Deum
615 2330 737 2367 divise
775 2338 865 2365 sunt
903 2328 1035 2375 lingue
1074 2328 1186 2375 (Gen.
1219 2327 1322 2371 V10),
1362 2324 1417 2360 sic
1456 2336 1525 2372 per
1566 2322 1754 2359 unionem
1772 2324 1811 2358 35

448 2390 585 2439 populi
631 2389 670 2425 in
717 2391 843 2424 Deum
895 2398 964 2434 per
1011 2387 1160 2421 donum
1202 2383 1374 2431 Spiritus
1416 2381 1622 2430 ydiomata
1666 2388 1756 2416 sunt

448 2448 571 2493 unita,
613 2447 668 2483 sic
708 2447 815 2494 quod
859 2457 902 2480 ex
935 2445 1076 2480 eodem
1112 2440 1309 2478 materiali
1341 2439 1449 2477 vocis
1483 2451 1552 2488 per
1585 2438 1756 2474 illustra-

519 2612 543 2630 2,
566 2609 661 2630 recte:
684 2603 763 2630 venti
785 2607 953 2637 tamquam.
1040 2600 1065 2626 S.
1089 2599 1183 2627 Cod.:
1208 2603 1238 2625 ut
1259 2598 1370 2625 solum.
1458 2605 1497 2623 10.
1519 2595 1613 2623 Cod.:
1635 2595 1757 2621 lucetes.

452 2648 485 2667 11.
508 2639 601 2666 Cod.:
625 2639 744 2668 sartor:
772 2638 811 2664 ib.
834 2637 990 2663 caritatem
1012 2636 1106 2662 deest.
1129 2634 1254 2661 Addidi.
1278 2633 1341 2660 CR:
1362 2631 1429 2659 The
1451 2630 1603 2657 sccounde
1623 2629 1707 2663 signe
1728 2628 1762 2654 of

451 2674 510 2701 this
532 2674 654 2700 misaele
677 2681 739 2698 was
760 2672 793 2698 01*
810 2671 859 2698 the
880 2671 1043 2697 substance
1064 2669 1098 2696 of
1115 2669 1176 2701 tier,
1198 2668 1261 2694 that
1283 2666 1438 2701 bstokned,
1459 2666 1523 2692 that
1543 2664 1609 2691 thes
1623 2663 1758 2698 apostles

451 2716 551 2735 wei-en
578 2708 619 2734 ful
641 2707 681 2745 ‘ot'
703 2706 818 2733 charite
846 2710 876 2732 to
904 2705 1005 2745 speke.
1081 2739 1085 2742 γ
1148 2711 1183 2734 11,
1206 2710 1244 2730 12.
1267 2701 1361 2729 Cod.:
1392 2700 1491 2727 forma
1520 2703 1621 2726 autem
1649 2697 1666 2724 li
1692 2705 1757 2735 nea.

452 2751 489 2770 12.
507 2742 600 2770 Cod.:
618 2743 788 2776 disparum.
853 2748 893 2772 14.
911 2738 1110 2766 ssod.:ccd1t.
1175 2736 1210 2764 15.
1228 2736 1322 2764 Cod.:
1338 2735 1507 2762 secundum
1523 2733 1621 2765 deest;
1642 2740 1657 2759 a
1683 2732 1757 2758 d1d1.

452 2778 493 2805 16.
515 2777 691 2811 Scripture;
714 2775 851 2810 sequitur
871 2775 989 2801 lacuna.
1060 2774 1098 2800 ιδ.
1117 2772 1210 2799 Cod.:
1232 2771 1385 2798 senaculo.
1458 2776 1504 2803 29.
1522 2767 1614 2795 Coei-1
1637 2766 1757 2794 illustri.

524 2883 551 2903 2.
573 2874 642 2903 Act.
664 2871 702 2909 11,
726 2880 752 2901 2.
817 2880 849 2910 4.
868 2868 946 2901 Joh.
966 2869 1019 2909 111,
1041 2868 1075 2899 8.
1145 2865 1195 2898 16.
1215 2866 1360 2905 Deu1.1,
1378 2864 1434 2905 46.
1502 2873 1554 2895 22.
1576 2865 1648 2894 Act.
1669 2861 1707 2902 11,
1726 2872 1758 2902 4.
