1944 3323
178 259 257 304 296

173 494 198 522 If
219 503 263 521 we
284 495 351 522 love
365 495 446 528 God,

192 537 237 556 we
258 534 340 556 must
362 530 429 557 love

190 571 247 591 our
269 564 421 592 bretbrcn.

180 1879 299 1907 Private
321 1879 429 1907 orders

178 1914 217 1941 do
239 1919 291 1942 not
313 1914 376 1941 lead
399 1919 429 1941 10

217 1950 282 1976 love
303 1949 388 1976 onesss

211 1984 392 2018 neighbuur.

740 267 962 300 JOHANNIS
984 268 1165 300 WYCLIF
1185 269 1441 301 SERMONUM
1473 256 1624 314 [SERMO
1646 269 1770 297 XXXV.

463 386 671 421 sponsam:
711 375 778 409 sed
817 374 1033 409 dolendum
1076 383 1112 410 et
1151 374 1374 411 timendum
1416 385 1473 412 est
1505 378 1612 425 quod
1653 377 1770 415 nimis

466 431 581 467 multi
615 431 691 467 sint
725 430 943 467 affeccione
975 432 1159 468 adulteri.

521 488 671 533 Quinto
705 489 822 536 plane
855 487 1036 536 sequitur
1068 491 1175 537 quod
1208 491 1399 526 debemus
1432 491 1574 528 fratres
1612 502 1770 530 nostros

463 547 660 594 complete
707 545 884 593 diligere,
941 558 986 582 eo
1030 548 1137 594 quod
1181 549 1231 584 ad
1277 547 1537 585 dileccionem
1579 550 1651 587 Dei
1694 550 1771 587 ista

462 603 630 640 dileccio
676 604 853 640 fraterna
904 604 1135 652 requiritur.
1189 605 1233 641 Si
1282 606 1377 654 quis,
1429 605 1571 655 inquit,
1626 608 1804 644 dixem'tS

460 662 636 710 quoniam
667 673 739 712 ego
764 662 885 712 diligo
910 663 1034 698 Deum
1058 670 1093 698 et
1104 664 1281 712 fratrem
1307 676 1415 699 suum
1440 665 1578 712 oderit,
1601 667 1772 702 mendax

461 726 526 755 est.
581 721 629 755 Et
675 719 853 767 loquitur
893 720 940 755 de
984 719 1078 756 odio
1121 720 1254 757 fratris
1299 722 1432 769 quoad
1477 731 1664 759 naturam
1708 724 1770 760 vel

460 778 609 813 donum
644 777 729 822 Dei,
770 776 863 824 quia
901 776 1013 813 odire
1053 778 1202 814 malum
1243 778 1282 814 in
1314 778 1497 826 proximo
1530 789 1587 816 est
1619 794 1768 818 amare.

460 837 536 871 Ista
577 843 710 871 autem
751 834 957 871 conclusio
989 835 1182 872 Johannis
1222 848 1264 873 ex
1304 837 1379 872 hoc
1412 837 1540 874 evidet
1573 840 1681 886 quod
1713 839 1769 876 sic

458 892 633 928 odiendo
666 892 892 940 proximum
926 892 1011 929 odit
1034 893 1121 941 quis
1145 893 1216 929 Dei
1250 893 1443 930 fabricam
1477 903 1514 932 et
1546 895 1601 932 sic
1625 898 1768 943 Deum,
1789 911 1828 933 10

459 950 642 986 similiter
665 962 802 987 amare
834 949 1047 987 inicialiter
1070 951 1297 998 proximum
1321 953 1540 988 secundum
1566 953 1768 991 racionem

458 1020 537 1056 qua
587 1020 720 1045 servus
762 1007 847 1053 Dei,
894 1016 950 1044 est
995 1008 1238 1057 principium
1287 1010 1555 1046 necessarium
1601 1013 1651 1047 ad
1697 1012 1769 1049 Dei

459 1065 721 1102 dileccionem
767 1065 806 1102 in
850 1065 931 1103 via:
984 1067 1072 1113 Qui,
1116 1066 1257 1115 inquit,
1309 1080 1381 1103 non
1429 1068 1559 1118 diligit
1590 1070 1768 1118 fratrem

456 1136 565 1160 suum
600 1136 707 1172 quem
743 1124 856 1169 videt,
889 1125 1014 1160 Deum
1048 1137 1155 1173 quem
1189 1138 1261 1161 non
1295 1126 1396 1161 videt
1427 1127 1616 1175 quomodo
1643 1135 1769 1177 potest

458 1182 653 1232 diligere?
697 1183 745 1218 Et
786 1181 877 1218 hinc
910 1181 948 1217 in
979 1183 1097 1230 vulgo
1131 1182 1293 1219 dicitur:
1333 1183 1411 1232 Qui
1434 1185 1610 1232 perfecte
1642 1185 1769 1236 diligit
1789 1191 1825 1223 15

452 1240 682 1289 proximum
722 1240 858 1290 diliget
890 1240 1007 1276 eciam
1040 1252 1170 1276 canem
1202 1253 1324 1276 suum.
1370 1242 1497 1277 Multo
1536 1242 1664 1290 magis
1701 1243 1768 1291 qui

458 1297 630 1345 perfecte
663 1296 955 1344 diligit'Deum,
990 1297 1126 1345 diliget
1159 1311 1270 1335 suam
1305 1298 1497 1335 fabricam
1531 1299 1605 1335 sibi
1641 1301 1768 1337 consi-

458 1354 591 1391 milem
624 1354 663 1391 in
695 1364 850 1397 natura.
881 1367 971 1391 cum
1005 1357 1055 1391 ad
1088 1357 1163 1392 hoc
1195 1369 1217 1392 a
1241 1359 1324 1392 Deo
1356 1356 1587 1393 instinctum
1623 1359 1767 1395 habeat

457 1413 694 1449 naturalem.
735 1415 783 1448 Et
821 1412 946 1449 tercio
987 1422 1163 1450 moveret
1203 1415 1252 1450 ad
1292 1413 1554 1451 dileccionem
1594 1416 1765 1463 proximi

456 1471 563 1517 quod
615 1471 685 1506 lmc
736 1471 960 1506 mandatum
1012 1483 1196 1520 expresse
1239 1473 1421 1508 habemus
1464 1486 1485 1508 cz
1529 1474 1613 1509 Deo
1657 1475 1764 1522 quod
1782 1488 1824 1509 20

456 1527 625 1576 diligens
667 1530 793 1564 Deum
848 1528 986 1575 diligat
1032 1537 1068 1565 et
1119 1529 1281 1565 fratrem
1328 1542 1456 1567 suum.
1487 1526 1491 1582 Ι
1520 1533 1620 1567 Nam
1665 1523 1862 1585 Mat-1³02

456 1585 533 1621 thei
569 1586 691 1631 X1X0‚
724 1598 769 1633 19
811 1585 1026 1634 requisitus
1059 1586 1255 1623 Dominus
1288 1587 1383 1635 quid
1417 1587 1599 1625 faciendo
1637 1589 1765 1626 viator
1782 1580 1847 1613 ²7⁰

454 1643 575 1679 vitam
611 1652 845 1691 perpetuam
880 1643 1115 1692 possideret,
1149 1646 1363 1692 respondet
1388 1645 1569 1682 Christus
1594 1646 1765 1684 finaliter

455 1702 562 1749 quod
601 1701 636 1736 in
671 1701 868 1751 diligendo
902 1702 1026 1738 Deum
1066 1704 1286 1738 secundum
1327 1702 1530 1740 racionem
1564 1704 1762 1752 triplicem

456 1768 493 1794 et
521 1750 752 1807 proximum
773 1766 812 1794 ut
834 1772 874 1795 se
896 1760 1017 1808 ipsum
1048 1769 1214 1808 propter
1237 1760 1556 1808 complecionem
1581 1762 1763 1799 universe
1781 1766 1819 1798 25

456 1816 552 1863 legis
585 1816 707 1853 vitam
740 1825 975 1864 perpetuam
1012 1827 1243 1854 mereretur.

514 1876 560 1909 Et
594 1883 703 1921 patet
728 1887 770 1911 ex
803 1874 1006 1911 sentencia
1040 1875 1155 1911 huius
1189 1875 1357 1924 epistole
1379 1878 1586 1924 quomodo
1620 1877 1761 1925 privati

456 1931 617 1967 ordines
658 1944 739 1968 non
777 1931 995 1980 disponunt
1033 1933 1281 1980 professores
1325 1946 1416 1970 suos
1461 1943 1502 1970 ut
1542 1935 1762 1982 perfeccius

455 1988 621 2037 diligant
636 1989 861 2037 proximum
879 2003 999 2038 quam
1017 1990 1109 2027 facit
1129 1991 1353 2027 communis
1372 1991 1510 2039 religio
1530 1992 1760 2039 christiana,

455 2046 547 2094 quia
578 2060 717 2083 omnes
747 2047 802 2083 illi
826 2056 868 2083 ut
897 2047 953 2084 sic
977 2047 1128 2096 private
1153 2049 1321 2096 diligunt
1343 2049 1526 2085 ordinem
1551 2050 1759 2098 proprium
1779 2054 1820 2087 30

455 2113 491 2140 et
540 2113 631 2140 sunt
683 2106 732 2141 ab
786 2117 907 2153 opere
955 2105 1187 2142 dileccionis
1239 2105 1447 2143 caritative
1496 2107 1536 2143 in
1579 2108 1761 2156 pluribus

454 2161 680 2208 retractati3
714 2171 756 2198 ut
788 2162 961 2210 religiosi
995 2163 1134 2200 exhinc
1166 2177 1245 2201 non
1277 2166 1425 2200 audent
1457 2163 1496 2200 in
1528 2165 1663 2202 multis
1687 2180 1761 2214 que

453 2221 691 2266 prodessent
750 2221 901 2268 populo
959 2220 1167 2268 predicare
1225 2222 1285 2258 vel
1345 2222 1478 2258 dicere
1535 2223 1759 2260 veritatem.

451 2277 710 2325 Temporalia
743 2287 876 2314 autem
909 2278 1105 2315 secularia
1128 2281 1275 2315 audent
1298 2279 1472 2328 diripere
1505 2282 1573 2316 sed
1596 2290 1761 2329 propter

451 2334 637 2371 timorem
672 2335 847 2371 simulati
880 2336 1077 2383 sacrilegii
1110 2336 1149 2372 in
1183 2346 1492 2386 quantacunque
1525 2339 1759 2376 necessitate
1776 2343 1816 2375 35

449 2405 530 2428 non
569 2394 717 2429 audent
757 2393 961 2440 proximos
1001 2394 1191 2431 adiuvare
1230 2403 1267 2431 et
1305 2404 1470 2443 propter
1509 2397 1629 2432 talem
1663 2409 1758 2444 ypo-

450 2449 583 2486 crisim
617 2463 708 2498 sepe
734 2451 948 2497 celebrant‚
972 2450 1181 2498 predicant
1205 2461 1241 2488 et
1266 2452 1483 2499 continent,
1508 2455 1612 2490 bona
1636 2467 1757 2502 opera

450 2508 496 2543 de
530 2520 673 2555 genere
705 2508 907 2545 facientes.
948 2510 1024 2545 Sed
1058 2512 1114 2555 (ut
1149 2510 1283 2546 multis
1314 2510 1485 2556 videtur)
1519 2511 1550 2546 si
1583 2512 1756 2559 perfecte

450 2564 658 2612 diligerent
698 2566 902 2613 proximos
940 2578 1032 2603 suos
1072 2579 1093 2603 a
1126 2567 1272 2604 talibus
1310 2568 1412 2604 nidis
1451 2569 1630 2616 reprobis
1664 2582 1755 2606 con-

448 2622 632 2658 tinerent.
682 2625 781 2659 Sunt
814 2632 943 2659 castra
977 2625 1024 2660 ad
1060 2626 1162 2661 bona
1196 2626 1318 2662 seculi
1352 2625 1588 2674 rapiendum
1623 2636 1658 2663 et
1692 2631 1754 2672 (ne
1769 2642 1813 2674 40

514 2785 540 2806 2.
562 2776 655 2805 Cod.:
678 2778 739 2805 sint
759 2778 852 2805 deest.
930 2780 957 2805 6.
980 2778 1072 2807 Cod.:
1095 2780 1188 2815 diligo
1210 2781 1304 2808 deest.

518 2872 546 2905 5.
575 2872 598 2904 Ι.
624 2872 703 2905 Joh.
730 2873 788 2914 IV,
817 2883 871 2906 20.
972 2874 1021 2908 13.
1048 2875 1092 2907 ib.
1189 2886 1240 2908 20.
1268 2876 1313 2908 ib.
1344 2887 1396 2909 21.
