1944 3323
181 931 220 955 10

183 1211 219 1245 15

182 1514 223 1536 20

184 1798 222 1831 25

183 2380 223 2414 35

231 286 365 315 SERMO
382 274 520 333 xxm]
722 288 895 320 TERTm
923 283 1072 320 PAR&

233 395 389 432 cionem
450 394 648 431 internam
702 394 918 443 dispariter
977 402 1263 443 conceperunt.
1329 394 1389 429 Ad
1443 394 1552 442 quod

234 452 450 490 manuduci
484 462 616 502 potest
639 452 978 501 experimentator
1002 454 1111 502 quod
1144 453 1287 489 eodem
1322 464 1421 488 sono
1447 464 1555 488 cam-

233 524 337 560 pane
374 512 435 548 vel
476 510 640 548 alterius
681 511 856 548 sonorici
895 511 1051 548 videtur
1093 510 1246 547 diverse
1289 509 1407 546 motis
1447 510 1555 558 quod

233 570 349 607 aliter
371 569 550 618 loquitur
570 569 631 606 vel
653 578 838 616 sonorat3
863 579 899 606 et
914 569 969 606 ita
986 569 1158 618 Spiritus
1175 569 1345 606 Sanctus
1370 568 1556 603 movebat

234 627 391 665 animas
431 627 623 664 auditorii
665 629 836 664 eundem
878 640 1021 664 sonum
1063 626 1278 676 dispariter
1318 625 1554 673 intelligere,

235 699 325 724 cum
370 685 589 722 instruccio
632 685 850 723 intrinseca
897 686 1025 723 fuerat
1063 685 1230 722 variata.
1276 686 1325 721 Et
1363 683 1419 720 sic
1464 696 1557 731 sepe

235 757 305 792 per
337 743 611 781 inmocionem
645 743 809 792 maligni
842 744 1005 792 spiritus
1039 745 1172 793 plures
1204 742 1432 780 demoniaci
1466 750 1557 778 sunt

235 801 402 839 seducti.
437 804 485 838 Et
508 802 577 839 illa
609 802 800 851 operacio
825 802 983 839 interna
1007 815 1083 851 que
1106 802 1162 839 sic
1186 810 1304 838 sonat
1328 800 1366 837 in
1390 802 1556 846 bonum,

237 860 384 897 dicitur
417 860 585 909 Spiritui
619 862 768 897 Sancto
803 861 1057 898 conveniens.

292 918 378 955 Viri
418 918 583 967 quidam
624 919 800 967 religiosi
840 931 882 956 ex
921 931 1065 968 genere
1099 918 1232 967 primo
1264 916 1379 953 Judei
1413 915 1480 965 qui
1514 928 1557 952 ex

237 976 581 1026 eaptivacionibus
633 977 818 1026 plurimis
873 977 913 1014 in
956 977 1198 1014 nacionibus
1249 984 1340 1012 sunt
1387 974 1557 1022 dispersi

235 1044 431 1072 venerunt
475 1048 641 1084 peregre
686 1035 725 1072 in
756 1036 977 1073 Jerusalem
1023 1037 1075 1072 ad
1119 1034 1238 1071 istam
1284 1032 1556 1070 festivitatem.

236 1095 361 1130 Erant
405 1102 540 1130 autem
572 1093 687 1130 Judei
732 1093 898 1142 plurimi
942 1093 1075 1142 sepius
1121 1091 1311 1141 captivati
1350 1095 1407 1137 (ut
1449 1099 1558 1139 patet

237 1153 299 1188 IV.
341 1153 434 1200 Reg.
461 1181 468 1188 .
494 1181 501 1188 .
527 1181 535 1188 .
560 1181 568 1197 ,
616 1164 688 1200 per
735 1152 1030 1200 Salmanazar‘).
1076 1151 1185 1188 Iudei
1232 1163 1326 1199 ergo
1367 1148 1558 1198 captivati

236 1222 307 1258 per
330 1222 465 1258 regem
490 1210 734 1247 Caldeorum
769 1220 936 1259 propter
959 1209 1222 1247 affeccionem
1256 1207 1558 1258 possessionum

237 1278 274 1306 et
308 1267 483 1305 filiorum
519 1268 635 1305 multi
667 1281 749 1305 non
782 1268 987 1306 redierant
1019 1269 1240 1305 Jerusalem
1282 1270 1340 1316 (ut
1378 1275 1489 1315 patet
1522 1268 1558 1302 ΙΟ

238 1327 393 1373 Esdre).
427 1328 476 1362 Et
500 1326 557 1363 sic
583 1328 630 1364 de
661 1327 796 1364 multis
821 1327 1033 1376 captivatis
1062 1339 1134 1375 per
1155 1326 1400 1363 Antiochum
1426 1337 1558 1372 regem

239 1386 460 1422 Grecorum
495 1386 557 1431 (de
590 1385 735 1434 quibus
768 1388 803 1422 ΙΟ
825 1387 1196 1430 Macchabeorum).
1232 1387 1387 1421 Horum
1422 1392 1558 1420 autem

238 1442 403 1492 plurimi
436 1443 587 1480 venditi
620 1453 711 1480 sunt
735 1444 900 1481 diversis
933 1443 1174 1481 nacionibus
1208 1442 1248 1479 in
1281 1442 1425 1492 quibus
1459 1440 1560 1477 didi-

240 1510 379 1539 cerunt
432 1501 589 1550 linguas
640 1502 822 1551 dispares
874 1511 911 1540 et
963 1515 1112 1539 nomen
1163 1500 1344 1539 nacionis
1396 1498 1560 1549 proprie

241 1569 540 1597 contraxerunt.

296 1619 417 1654 Facta
477 1626 605 1656 autem
657 1619 729 1655 hac
783 1631 873 1655 voce
925 1619 1161 1655 miraculosa
1213 1627 1421 1666 tamquam
1477 1625 1558 1652 tam

239 1677 517 1725 apostolorum
549 1689 670 1726 quam
703 1676 875 1714 aliorum
911 1676 1091 1713 fidelium
1125 1675 1405 1713 assistencium
1431 1677 1558 1711 Deum

241 1736 407 1772 cordate
456 1734 717 1772 laudancium
771 1748 840 1783 pre
891 1734 1168 1783 magnitudine
1214 1733 1411 1779 miraculi,
1465 1734 1559 1768 dum

239 1802 377 1830 tamen
420 1793 531 1841 prius
576 1806 658 1830 non
702 1793 922 1830 audiebant
964 1793 1089 1842 loqui,
1136 1793 1312 1829 convenit
1356 1792 1561 1827 multitudo

240 1851 423 1900 predicta
460 1852 765 1900 peregrinorum
807 1859 841 1888 et
885 1859 1010 1888 mente
1053 1852 1214 1900 confusa
1259 1858 1327 1897 est,
1367 1863 1412 1886 eo
1453 1850 1560 1898 quod

239 1909 541 1947 irradiabantur
561 1923 632 1959 per
647 1923 763 1947 voces
785 1909 972 1958 proprias
989 1909 1238 1947 Galileorum
1261 1921 1354 1958 quos
1375 1915 1562 1944 noverant

239 1968 377 2005 audire
400 1968 587 2005 distincte
611 1969 765 2018 quilibet
789 1968 963 2018 linguam
987 1981 1110 2005 suam.
1136 1970 1184 2004 Et
1208 1976 1347 2004 narrat
1371 1965 1561 2003 naciones

239 2026 548 2075 septemdecim3
598 2026 713 2064 Judei
763 2039 939 2075 namque
989 2027 1210 2063 secundum
1263 2034 1396 2074 partes
1439 2025 1562 2060 Judee

184 2088 198 2099 '‘
241 2084 416 2122 diversas
462 2085 677 2134 dispariter
716 2085 894 2121 formant
933 2097 1064 2131 voces,
1110 2094 1154 2121 ut
1197 2092 1307 2132 patet
1347 2085 1395 2120 de
1429 2085 1560 2128 Petro,

241 2142 352 2179 cuius
385 2144 546 2192 loquela
579 2143 836 2181 manifestum
869 2156 910 2180 se
943 2143 1035 2180 fecit
1068 2144 1177 2192 quod
1209 2143 1338 2179 fuerat
1371 2141 1560 2187 Galileus,

241 2210 278 2238 et
310 2201 402 2238 hinc
431 2203 533 2238 Juda
566 2202 625 2238 bis
657 2201 860 2238 inseritur.
895 2203 937 2237 In
970 2201 1055 2238 istis
1089 2209 1222 2238 autem
1258 2199 1402 2247 linguis
1436 2198 1561 2247 aliqui

241 2268 332 2296 sunt
366 2260 453 2307 plus
487 2259 720 2306 diversitati,
754 2269 797 2296 ut
826 2259 941 2296 Judei
975 2269 1012 2296 et
1046 2259 1237 2304 Romani;
1272 2257 1395 2306 aliqui
1431 2257 1562 2293 minus

241 2327 408 2366 propter
447 2318 659 2366 regionum
698 2318 1062 2367 propinquitatem,
1096 2327 1138 2354 ut
1172 2317 1400 2354 habitantes
1433 2318 1561 2352 Meso-

241 2375 464 2424 potamiam
509 2379 602 2426 (que
647 2385 704 2413 est
744 2389 837 2425 pars
876 2376 993 2424 Sirie)
1042 2385 1078 2412 et
1115 2375 1249 2421 Judei3
1298 2373 1421 2423 aliqui
1466 2387 1561 2410 vero

243 2434 409 2471 minime
447 2434 667 2481 variantur,
706 2443 748 2471 ut
787 2434 918 2471 incole
958 2434 1135 2471 eiusdem
1182 2432 1355 2481 regionis
1394 2441 1560 2480 propter

242 2492 515 2529 diversitatem
549 2492 653 2529 inter
684 2495 875 2529 Austrum
911 2502 948 2529 et
982 2492 1143 2529 Boriam
1176 2492 1237 2528 vel
1271 2491 1392 2528 alium
1427 2491 1558 2526 locum

243 2550 339 2587 eius.
384 2550 499 2587 Judei
532 2563 626 2588 vero
659 2560 855 2588 vocantur
887 2551 1117 2600 specialiter
1150 2550 1205 2586 illi
1240 2551 1287 2586 de
1320 2548 1427 2585 tribu
1459 2550 1561 2584 Juda

312 2684 337 2714 3.
353 2686 449 2714 Cod.:
466 2685 617 2719 sonorisi3
639 2685 678 2713 ib.
695 2693 732 2712 an
749 2685 970 2713 diversimodis
985 2685 1169 2720 legendum?
1233 2685 1262 2711 6.
1279 2683 1561 2711 Cod.:i1itrinsiea.

244 2729 284 2748 10.
306 2721 402 2749 Cod.:
424 2721 561 2756 quidem.
619 2729 661 2754 14.
683 2720 752 2755 Reg.
776 2721 915 2755 sequitur
936 2721 1054 2747 lacuna.
1111 2728 1158 2749 20.
1179 2728 1218 2746 21.
1240 2720 1271 2746 In
1294 2720 1379 2746 c‹›d.:
1401 2723 1427 2745 et
1450 2727 1559 2745 nomen

242 2756 326 2783 accio
346 2757 414 2790 (sic)
437 2756 561 2791 proprie
581 2760 810 2782 contraxerunt.
843 2755 899 2782 Hic
920 2756 1005 2782 locus
1025 2760 1191 2789 corruptus
1212 2759 1266 2780 est.
1347 2762 1388 2780 2⁴2.
1411 2754 1506 2780 Coti:
1528 2761 1562 2779 ac

243 2799 327 2818 voce.
401 2799 445 2826 27.
469 2790 563 2817 C0d.:
587 2790 777 2817 Galleorum.
850 2790 896 2817 30*
919 2790 1001 2817 cod:
1026 2791 1149 2817 format.

317 2884 367 2915 14.
394 2875 450 2906 IV.
479 2874 562 2914 Reg.
587 2883 637 2915 17,
659 2873 688 2913 3,
714 2872 762 2914 18,
781 2884 813 2916 (J.
914 2885 967 2906 22.
995 2875 1067 2905 Act.
1088 2874 1126 2913 ΙΙ,
1144 2872 1174 2905 6.
1251 2872 1291 2904 32
1314 2872 1365 2903 bis
1387 2872 1561 2903 inseritur.

243 2920 294 2953 Cf.
326 2923 397 2952 Λεῐ.
416 2921 456 2960 ΙΙ,
474 2930 507 2963 9,
531 2930 581 2951 ῐῐ.

1363 2974 1430 3017 17*

1587 924 1666 952 How
1687 924 1737 951 the
1757 924 1836 951 Jews

1586 967 1664 986 were
1686 960 1835 986 scattered

1614 995 1729 1021 abroad
1753 995 1811 1021 and

1641 1030 1715 1056 took
1735 1030 1784 1056 the

1596 1065 1746 1099 language
1767 1064 1825 1090 and

1609 1107 1698 1126 name
1718 1099 1753 1126 οῖ’
1769 1100 1818 1125 the

1604 1134 1726 1161 nations
1748 1134 1819 1160 with

1616 1169 1720 1196 whom
1742 1169 1811 1204 they

1667 1204 1757 1231 lived.

1610 1623 1678 1651 The
1699 1624 1823 1650 various

1584 1660 1752 1693 languages
1772 1660 1837 1685 that

1612 1702 1691 1721 uere
1714 1694 1816 1720 heard.
