1944 3323
243 787 368 814 Secular

211 821 352 849 business
373 823 399 849 is

178 856 292 889 lawful,
315 857 366 884 but
387 866 432 884 we

239 900 309 927 may
332 892 366 918 be

213 926 389 962 unlawfully

179 960 322 989 involved
345 961 373 988 in
396 961 428 989 it.

164 1363 243 1390 How
264 1364 354 1390 friars
375 1372 425 1390 are

190 1407 225 1425 so
245 1399 399 1426 involved.

204 2463 246 2491 So
267 2471 316 2489 are
337 2462 386 2489 the

177 2497 409 2531 possessioners

200 2533 269 2559 wlio
290 2532 341 2559 toil
364 2536 392 2559 at

180 2566 278 2594 court
298 2566 357 2593 aud
380 2571 407 2593 at

238 2601 343 2628 Rome.

735 271 958 302 JOllANNIS
977 271 1158 303 WYCLIF
1177 273 1430 305 SERMONUM
1461 259 1611 316 [SERMO
1629 271 1765 299 XXXVI-

459 376 734 412 christianum.
789 378 835 412 Et
876 378 951 412 hoc
991 379 1039 413 ad
1080 378 1185 414 hune
1220 378 1337 414 finem
1373 378 1622 426 experiencia
1655 381 1765 417 nosci

458 433 605 481 poterit
623 442 757 470 utrum
782 433 821 469 in
845 434 1037 481 religione
1060 435 1128 472 illa
1152 445 1284 484 posset
1299 445 1494 484 perpetuo
1517 450 1765 485 permanere.

458 494 499 527 In
522 491 835 528 confirmacione
859 501 992 529 autem
1016 501 1053 529 et
1066 493 1206 529 ceteris
1230 495 1492 531 sacramentis
1510 496 1766 544 sequentibus

457 551 507 585 ad
546 549 781 597 religionem
816 550 963 586 Christi
1003 551 1169 587 ulterius
1208 560 1265 588 est
1297 553 1519 600 professus3
1553 554 1766 602 precipuus

457 616 589 643 autem
635 616 807 655 punctus
852 607 964 644 istius
1009 608 1213 656 religionis
1269 619 1326 646 est
1373 610 1446 647 iste
1490 612 1597 659 quod
1643 613 1799 649 homoS

457 677 576 713 super
599 665 736 701 omnia
769 675 904 702 creata
927 666 1066 714 diligat
1090 668 1216 703 Deum
1250 681 1386 714 suum3
1421 681 1539 716 quem
1573 679 1765 716 punctum

458 722 666 759 manifeste
699 723 878 771 infringit
910 724 977 772 qui
1010 724 1193 772 implicat
1225 738 1265 762 se
1305 726 1481 774 negociis
1518 727 1766 764 secularibus

460 781 580 816 modo
620 780 746 825 dicto;
787 790 824 817 et
857 781 896 817 in
934 782 1009 818 ista
1049 783 1176 818 heresi
1208 783 1393 819 videntur
1427 784 1522 820 mihi
1556 786 1764 827 secularia,

457 838 697 886 temporalia
730 840 790 875 vel
824 842 1046 886 mundana3
1087 849 1123 876 et
1154 840 1210 876 sic
1250 841 1415 889 negocia
1448 842 1643 879 secularia
1675 853 1766 879 sunt

458 896 579 938 licita,
620 898 688 932 sed
729 896 769 933 in
808 896 1090 945 implicaeione
1129 897 1268 935 illicita
1306 907 1383 935 stat
1421 912 1631 936 venenum.
1685 903 1825 938 Neeio

457 956 655 990 contendo
702 954 807 991 circa
852 954 949 992 illud
993 955 1235 1004 principium
1267 957 1470 1004 Apostoli:
1522 959 1671 994 Euntes
1715 961 1764 995 ad

454 1011 589 1048 villam
636 1021 672 1048 et
717 1021 894 1049 ementes
938 1013 1151 1062 prandium
1192 1014 1352 1051 Christo
1399 1024 1435 1051 et
1474 1015 1554 1052 suis
1597 1016 1765 1064 negocia

455 1069 651 1106 secularia
696 1072 932 1108 exercebant
971 1072 1131 1108 Christo
1177 1073 1339 1108 sedente
1383 1075 1432 1109 ad
1478 1073 1627 1110 fontem
1674 1087 1765 1110 cum

457 1127 622 1164 muliere
656 1128 911 1165 Samaritana
942 1130 1029 1166 Joh.
1065 1131 1148 1175 ΙΨ),
1185 1143 1221 1177 9.

514 1185 734 1236 ssupposito
768 1195 900 1223 autem
937 1189 1044 1236 quod
1078 1188 1289 1236 negocium
1330 1189 1509 1225 seculare
1544 1189 1598 1225 ita
1631 1191 1764 1238 ample
1785 1192 1823 1224 15

453 1243 690 1289 ostenditur,
738 1244 840 1281 sicut
885 1254 942 1281 est
992 1245 1195 1282 fundabile
1247 1246 1420 1291 racione,
1473 1256 1509 1283 et
1554 1248 1764 1295 supposito

453 1303 560 1350 quod
584 1301 815 1350 implicacio
844 1303 883 1338 in
907 1303 991 1339 istis
1014 1303 1190 1351 negociis
1213 1303 1261 1339 sit
1286 1304 1515 1352 implicacio
1539 1306 1763 1353 culpabilis,

453 1360 555 1396 sicut
595 1359 833 1396 describitur
877 1364 971 1409 (qua
1016 1361 1292 1409 descripcione
1331 1362 1488 1398 videtur
1532 1376 1679 1410 papam
1726 1364 1764 1400 in

452 1417 577 1453 tercio
611 1418 881 1454 Decretalium
921 1431 1001 1455 non
1040 1419 1248 1455 meliorem
1286 1419 1346 1455 vel
1385 1419 1503 1456 aliam
1539 1421 1762 1465 invenisse),

453 1484 561 1523 patet
605 1476 809 1512 sentencia
854 1476 1033 1524 predicta
1078 1478 1125 1512 de
1169 1485 1276 1513 statu
1324 1477 1501 1519 ecclesie,
1547 1488 1583 1514 et
1632 1479 1762 1527 primo
1781 1491 1821 1512 20

453 1533 682 1581 incipiendo
723 1547 745 1570 a
784 1534 984 1571 fratribus.
1029 1534 1285 1571 Limitatores
1318 1535 1423 1571 enim
1458 1545 1594 1572 emunt
1628 1550 1649 1573 a
1681 1537 1761 1574 suis

452 1591 719 1627 confratribus
753 1591 903 1639 patrias
926 1593 973 1629 de
997 1592 1140 1641 quibus
1174 1592 1419 1629 excoriarent
1443 1595 1636 1641 populum
1671 1608 1760 1631 cum

451 1658 510 1685 tot
561 1648 770 1685 instanciis
819 1658 940 1698 atque
990 1650 1170 1695 fallaciis,
1224 1650 1324 1686 sicut
1377 1651 1524 1687 emitur
1582 1654 1652 1689 bos
1701 1654 1761 1689 vel

452 1719 588 1755 equuS,
614 1716 650 1743 et
684 1717 974 1755 consequenter
998 1710 1055 1755 (ut
1078 1711 1252 1756 oportet)
1278 1709 1507 1745 mendicant
1530 1709 1760 1757 instancius‚

450 1767 555 1801 nunc
579 1766 749 1801 tacendo
780 1766 931 1813 populo
964 1766 1229 1803 necessariam
1254 1766 1477 1812 veritatem,
1501 1780 1605 1804 nunc
1630 1769 1761 1804 multi-
1778 1772 1818 1803 25

451 1822 639 1870 plicando
677 1823 846 1860 ludicria
886 1832 1005 1872 atque
1046 1824 1254 1860 mendacia
1293 1836 1369 1872 que
1410 1826 1577 1861 credunt
1611 1828 1760 1874 populo

451 1881 703 1928 complacere
737 1890 774 1916 et
806 1894 910 1917 nunc
944 1881 1110 1918 dimissa
1142 1881 1424 1930 predicacione
1458 1892 1493 1918 et
1534 1883 1760 1921 intencione

451 1939 615 1974 honoris
649 1937 720 1974 Dei
762 1952 807 1975 ac
847 1940 984 1975 salutis
1025 1940 1163 1988 populi
1204 1940 1470 1977 mendicando
1514 1941 1683 1978 sollicite
1724 1951 1760 1979 et

451 1996 556 2032 circa
590 1996 667 2032 alia
699 1996 831 2033 studia
864 1997 1020 2033 inutilia
1055 1999 1271 2045 evagando,
1318 1998 1523 2046 Numquid
1559 1999 1759 2036 credimus

449 2055 547 2090 tales
581 2066 624 2090 ex
657 2054 934 2102 descripeione
974 2055 1154 2103 predicta
1193 2055 1369 2103 negociis
1408 2057 1654 2093 secularibus
1688 2058 1817 2094 ini-30

450 2111 616 2159 plicari?
649 2114 697 2148 Et
722 2112 824 2148 idem
861 2121 918 2149 est
952 2113 1143 2149 iudicium
1179 2114 1226 2149 de
1249 2121 1334 2149 toto
1367 2113 1507 2150 ordine
1541 2115 1607 2162 qui
1641 2115 1758 2152 istam

450 2169 676 2217 nequiciam
711 2171 944 2211 auctorizat,
980 2170 1033 2207 ita
1057 2172 1165 2219 quod
1194 2171 1349 2207 videtur
1381 2171 1584 2208 includere
1618 2186 1760 2221 repug-

448 2227 633 2263 nanciam
680 2229 788 2275 quod
834 2237 891 2263 tot
930 2228 1036 2275 globi
1075 2229 1242 2265 fratrum
1283 2228 1359 2265 sint
1399 2231 1615 2266 secundum
1664 2231 1759 2268 istos
1775 2257 1836 2288 μοι

449 2284 546 2320 ritus
576 2284 615 2320 in
645 2285 812 2322 ecclesia
845 2286 1052 2331 cumulati,
1085 2286 1160 2322 nisi
1194 2286 1338 2323 fuerint
1372 2288 1421 2322 ad
1454 2287 1617 2335 implica
1646 2285 1649 2341 Ι
1680 2289 1758 2325 cio·
1776 2282 1856 2344 2712*

448 2355 539 2378 nem
564 2342 603 2378 in
626 2343 800 2390 negociis
824 2343 1071 2380 secularibus
1093 2344 1335 2380 necessitati.
1374 2347 1430 2380 De
1453 2346 1759 2392 possessionatis
1776 2349 1815 2381 35

448 2409 580 2436 autem
632 2400 789 2437 videtur
840 2414 922 2438 esse
974 2401 1102 2438 maior
1153 2401 1370 2447 evidencia‚
1427 2415 1514 2439 cum
1573 2405 1758 2441 laborant

448 2457 630 2503 sollicite,
654 2471 759 2495 nunc
783 2460 831 2495 ad
848 2460 1067 2496 secularem
1092 2459 1244 2496 curiam
1270 2473 1342 2507 pro
1358 2461 1647 2508 temporalibus
1671 2475 1757 2510 per-

448 2524 569 2563 petuo
602 2515 865 2564 impetrandis
895 2530 940 2553 ac
973 2517 1053 2553 suis
1086 2517 1406 2565 possessionibus
1430 2519 1687 2555 defendendis
1721 2529 1756 2556 et

449 2586 554 2609 nunc
578 2575 625 2609 ad
654 2576 876 2610 Romanam
911 2574 1063 2611 curiam
1097 2588 1170 2623 pro
1205 2575 1380 2611 ecclesiis
1412 2576 1662 2623 suggestione
1686 2578 1755 2614 fal-

447 2630 603 2667 sissima
638 2631 917 2679 perquirendis
951 2641 987 2668 et
1010 2645 1114 2669 nunc
1138 2646 1210 2680 pro
1232 2632 1485 2670 vescibilibus
1517 2635 1653 2681 gulose
1685 2648 1813 2683 per40

514 2788 537 2815 5.
559 2788 653 2815 Coa:
676 2793 720 2815 est
740 2787 806 2814 ista.
915 2798 944 2826 9.
966 2793 993 2815 et
1014 2789 1073 2820 sic:
1102 2790 1212 2818 rectius
1232 2790 1394 2825 legendum
1416 2799 1482 2818 esse
1506 2790 1640 2818 videtur:
1668 2795 1695 2818 et
1716 2791 1751 2819 si.

444 2831 478 2849 11.
501 2822 594 2849 Cod.:
622 2822 694 2850 illud
717 2823 861 2857 primum.
953 2823 992 2851 18.
1015 2824 1109 2852 Cod.:
1131 2825 1314 2855 descibitur:
1343 2825 1383 2851 ib.
1406 2825 1500 2859 sicm3
1527 2825 1620 2852 adde:
1649 2834 1750 2861 supra.

443 2856 668 2918 {thzitghbljodst
696 2865 749 2884 nec
771 2858 993 2892 multiplicado.
1092 2859 1135 2894 37.
1158 2859 1252 2886 Cod.:
1281 2860 1486 2894 temporibus.
1584 2868 1633 2893 40.
1656 2860 1748 2887 Cod.:
