1944 3323
107 558 180 584 Five
200 556 324 585 ininries

126 592 204 618 {roni
228 592 300 618 salse

141 627 292 653 teachers:

98 670 117 688 ι.
138 662 224 688 ’Πῑυν
249 662 336 695 bring

89 698 152 723 into
173 697 343 728 sumnum-3

81 1089 105 1107 2.
124 1080 211 1109 Ther
233 1080 349 1106 devonr

116 1116 167 1142 the
189 1113 312 1150 people3

112 1545 135 1573 3.
157 1545 244 1580 They
267 1545 333 1571 take

85 1586 137 1607 too
159 1581 248 1607 much
272 1580 349 1606 nom

120 1616 168 1642 the
192 1616 314 1649 peopltq

104 1788 133 1812 4.
154 1778 241 1813 They
263 1777 342 1803 exalt

122 1813 265 1840 themselx
275 1822 324 1839 es:

108 2128 130 2155 5.
151 2127 237 2162 They
258 2126 347 2152 smne

130 2164 159 2189 in
182 2163 230 2189 the
251 2162 326 2188 face.

105 2531 171 2558 The
193 2530 283 2557 triars
304 2537 353 2555 are

145 2567 201 2592 hke
223 2566 316 2591 them.

663 268 886 300 JOHANNIS
908 267 1088 298 wvcmr
1107 266 1362 298 SERMONUM
1409 251 1561 309 [SERMO
1583 261 1678 290 xvn.

368 375 435 425 qui
475 388 612 411 eorum
653 374 813 422 plurimi
859 382 971 410 erant
1016 374 1126 409 tales.
1179 371 1396 420 Supposito
1441 384 1533 419 ergo
1573 372 1680 419 quod

369 443 481 470 erant
520 433 629 469 stulti
669 441 705 469 et
742 433 932 468 vecordes
971 432 1181 467 tolerando
1220 430 1580 478 pseudoapostolos
1615 429 1680 477 qui

368 501 459 528 sunt
501 493 548 528 de
591 491 697 527 facto
742 489 987 538 insipientes,
1033 491 1100 525 sed
1146 488 1342 537 numquid
1386 488 1426 524 in
1470 488 1545 524 hoc
1590 487 1681 523 estis

367 563 436 586 ros
475 549 549 597 ipsi
588 549 811 597 sapientes}
851 549 952 584 Cum
991 557 1124 584 autem
1164 547 1315 584 debetis
1350 558 1433 583 esse
1466 545 1679 594 sapientes,

370 608 498 645 facitis
539 620 607 644 vos
642 607 749 655 ipsos
782 606 1015 654 insipientes
1048 606 1181 642 taliter
1213 606 1444 650 tolerand03
1489 603 1715 640 sustinetiSS

369 667 464 702 enim
510 667 774 715 superborum
820 665 1255 713 pseudoapostolorum
1303 664 1372 699 has
1412 662 1588 711 quinque
1627 661 1683 697 in-

370 724 510 761 iurias:
559 724 714 772 Siquis
747 735 878 759 eorum
920 736 986 758 vos
1024 723 1059 758 in
1098 723 1320 758 servitutem
1359 720 1546 769 legalium
1587 719 1682 767 legis

368 782 510 819 veteris
542 782 687 832 redigit
715 790 880 830 propter
904 780 1163 817 devocionem
1187 779 1406 828 ypocritice
1436 779 1681 822 simulatam,

370 841 594 877 libertatem
640 839 788 876 Christi
841 839 1024 886 (vivendo
1081 838 1251 875 faciliter
1302 850 1374 885 pro
1431 836 1681 885 adquirenda

371 897 633 945 heatitudine)
679 898 940 942 dimittend03
987 906 1023 933 et
1067 896 1173 932 istud
1212 897 1260 932 de
1298 896 1403 932 facto
1442 904 1498 931 est
1539 906 1742 941 magnam

371 956 558 1001 stulticia,
598 969 688 992 cum
727 956 852 1003 vergit
886 957 935 992 ad
975 954 1161 992 iniuriam
1198 953 1269 991 Dei
1309 963 1345 990 et
1379 961 1682 997 nocumentum,

372 1015 488 1051 istam
525 1014 723 1051 insaniam
757 1013 922 1050 stulcius
956 1021 1226 1062 acceptantes

429 1074 612 1109 Secunda
646 1072 800 1109 insania
833 1071 1042 1109 tolerantis
1081 1071 1178 1107 istos
1210 1070 1574 1119 pseudoapostolos
1607 1076 1685 1104 stat

372 1131 409 1167 in
444 1131 518 1167 isto
552 1132 659 1179 quod
693 1140 858 1179 propter
892 1130 1151 1167 devocionem
1178 1128 1441 1178 ypocriticam
1467 1127 1684 1164 sustinent:

371 1190 413 1225 Si
449 1190 530 1238 quis
568 1202 707 1226 eorum
748 1190 909 1225 devorat
942 1201 1079 1225 eorum
1120 1187 1370 1224 substancias
1406 1195 1442 1223 et
1474 1185 1530 1222 sic
1563 1185 1683 1233 ipsos.
1708 1190 1742 1222 15

372 1247 436 1283 sie
482 1247 587 1283 enim
633 1246 965 1295 pseudoapostoli
1010 1259 1081 1295 per
1124 1248 1243 1283 verba
1289 1244 1539 1282 adulacionis
1579 1244 1686 1279 laute

374 1307 650 1342 consumendo
684 1318 823 1341 eorum
856 1304 1097 1353 temporalia
1130 1303 1238 1352 ipsos
1271 1303 1405 1340 taliter
1429 1304 1686 1345 devorarunt,

373 1366 448 1400 hoc
489 1373 559 1408 est,
601 1365 862 1400 comederunt
903 1376 1041 1399 eorum
1083 1362 1233 1399 cibaria
1271 1361 1311 1398 in
1350 1361 1430 1397 suis
1470 1359 1685 1396 domiciliis

373 1435 443 1470 per
476 1435 551 1471 que
583 1421 759 1458 viverent
792 1421 830 1457 in
865 1434 1035 1470 persona
1069 1420 1234 1470 propria
1274 1429 1311 1456 et
1350 1420 1405 1456 sic
1447 1431 1513 1455 eos
1551 1417 1686 1454 taliter

374 1482 628 1516 devorarunt.
1702 1492 1744 1513 20

431 1538 575 1574 Tereio
614 1539 733 1574 stulte
772 1538 1043 1574 sustinuerant
1077 1538 1165 1572 dnm
1200 1536 1282 1585 quis
1314 1535 1481 1571 istorum
1517 1534 1687 1582 pseudo—

374 1597 651 1644 apostolorum
692 1597 829 1645 accipz't
869 1609 1005 1632 eorum
1047 1594 1288 1643 temporalia
1328 1603 1364 1630 et
1403 1606 1473 1629 sua
1519 1591 1687 1640 propria

376 1654 581 1691 domicilia
626 1654 665 1690 in
711 1654 870 1690 cibariis
923 1663 959 1690 et
1011 1653 1196 1689 domibus
1241 1651 1503 1701 prodigaliter
1547 1662 1688 1686 consu-

377 1722 542 1749 mentes.

434 1772 480 1806 Ῑῖῑ
511 1779 654 1818 quarto
678 1771 797 1806 stulte
819 1770 1090 1806 sustinuerant
1115 1770 1203 1804 dum
1229 1768 1312 1817 quis
1335 1768 1493 1803 illorum
1519 1767 1689 1814 pseudo·
1707 1772 1745 1803 25

377 1830 652 1876 apostolorum
678 1829 940 1864 extollebatur
964 1829 1010 1864 de
1033 1827 1244 1863 nobilitate
1268 1826 1327 1861 sui
1360 1824 1515 1873 generis
1540 1823 1687 1859 iudaici

377 1897 413 1923 et
447 1886 619 1933 regionis
652 1899 720 1922 sue
755 1900 874 1935 quam
909 1899 1030 1934 supra
1064 1885 1230 1932 gentiles
1264 1893 1305 1919 ut
1330 1885 1477 1920 Grecos
1500 1883 1559 1919 vel
1590 1881 1689 1917 alios

377 1946 612 1981 habuerant.
647 1946 694 1979 Et
728 1945 803 1980 hoc
836 1953 892 1980 est
928 1957 1072 1991 magna
1095 1942 1282 1987 stulticia,
1316 1955 1404 1978 cum
1432 1942 1536 1989 apud
1563 1942 1687 1976 Deum

378 2016 449 2039 nee
489 2002 580 2038 talis
624 2002 779 2049 generis
824 2002 1012 2038 nobilitas
1057 2014 1127 2037 nec
1173 2001 1304 2036 futura
1345 1999 1581 2046 religiositas
1622 1998 1688 2033 sed

380 2060 537 2097 iusticia
571 2060 766 2107 presentis
798 2060 876 2097 vite
910 2069 977 2096 aut
1012 2059 1144 2108 operis
1177 2067 1267 2094 sunt
1302 2059 1516 2094 laudanda.
1708 2061 1748 2093 30

437 2118 587 2163 Quinto
619 2118 892 2155 sustinuerunt
925 2119 1043 2154 stulte
1067 2116 1263 2153 Corinthii
1289 2117 1377 2151 dum
1409 2116 1490 2164 quis
1522 2114 1689 2150 istorum

381 2177 811 2224 pseudoapostolorum
871 2177 905 2212 in
951 2176 1100 2225 sacient
1153 2188 1214 2211 eos
1271 2175 1474 2217 ceciderat,
1529 2173 1690 2220 quando

380 2237 483 2270 hona
522 2248 591 2270 sua
630 2234 684 2270 eis
724 2243 966 2281 negaverant
1005 2234 1065 2270 vel
1100 2246 1236 2269 eorum
1273 2233 1406 2268 fictam
1442 2230 1687 2267 sentenciam

379 2305 459 2328 non
493 2292 691 2332 foverant:
726 2294 775 2328 ad
799 2302 957 2328 tantum
993 2291 1096 2327 enim
1133 2299 1263 2338 potest
1287 2290 1470 2326 diabolus
1502 2289 1691 2325 seducere

380 2363 513 2386 servos
562 2350 709 2385 Christi
761 2352 868 2398 quod
920 2351 1084 2386 credant
1136 2349 1289 2384 nullum
1341 2360 1423 2384 esse
1468 2345 1689 2383 remedium
1709 2350 1748 2381 35

380 2409 680 2455 apponendum,
722 2408 791 2444 etsi
831 2409 984 2456 pseudo
1023 2406 1096 2443 ista
1138 2405 1456 2454 presumpserint
1497 2418 1542 2440 eo
1584 2404 1691 2451 quod

381 2465 525 2502 Christi
569 2466 720 2502 domini
756 2475 919 2514 perante
952 2466 1048 2501 false
1082 2465 1235 2500 fuerant
1275 2463 1468 2511 pullicati.

439 2525 514 2559 Sed
560 2525 779 2559 notandum
822 2523 894 2560 ista
935 2523 1111 2571 quinque
1150 2532 1314 2569 possunt
1356 2521 1528 2557 finaliter
1572 2518 1690 2555 hodie

382 2581 725 2629 pseudofratribus
769 2581 976 2629 applicari.
1028 2580 1231 2628 Numquid
1276 2589 1436 2616 sanctus
1475 2578 1690 2626 Apostolus

382 2639 570 2674 instinctu
616 2639 786 2686 Spiritus
833 2639 968 2675 Sancti
1023 2640 1164 2675 doctus
1211 2638 1321 2685 ipsos
1368 2635 1549 2673 meminit
1595 2636 1686 2670 dum
1704 2649 1749 2680 40

451 2774 475 2803 3.
496 2775 519 2802 5.
542 2774 635 2800 Cod.:
657 2774 848 2808 incipientes.
931 2781 972 2800 22.
995 2772 1090 2800 Cod.:
1112 2772 1141 2799 in
1165 2780 1227 2798 sua.
1310 2772 1357 2798 26.
1381 2771 1475 2798 Cod.:
1498 2769 1690 2796 extollebant.

382 2818 426 2843 2o.
450 2810 545 2837 (ζωὰς
569 2809 743 2842 religiosita.
818 2807 859 2834 32.
881 2808 975 2835 Cod.:
998 2808 1127 2834 cederat.
1202 2806 1248 2839 34.
1271 2806 1365 2834 Cod.:
1387 2806 1539 2832 foverunt.

452 2903 483 2935 7.
510 2893 549 2923 ll.
578 2893 658 2923 Cor.
688 2892 744 2931 XI,
773 2902 826 2923 20.
