1944 3323
136 248 276 278 smnio
300 236 378 295 mn]
624 250 799 283 Tnarm
828 250 952 282 mas.

134 373 226 397 vasa
270 359 354 396 sine
398 360 488 396 oleo
532 360 596 404 (de
636 358 780 407 quibus
821 357 969 394 dicitur
1009 356 1177 394 Matthei
1218 358 1357 401 XXV0,
1397 357 1451 403 3).

136 419 362 467 Lampades
394 426 530 455 nostre
565 417 709 453 mentis
748 425 839 453 sunt
881 416 1066 465 potencie
1106 429 1128 453 a
1169 414 1300 452 carnis
1340 425 1452 463 petu-

132 476 265 514 lancia
303 485 517 513 reservate.
563 477 641 512 Sed
681 475 711 512 si
753 475 854 512 desit
896 474 1063 512 devocio
1111 483 1148 511 et
1194 473 1296 519 finis,
1343 482 1451 509 recta

133 535 309 572 intencio
325 534 500 580 termini,
516 547 598 570 non
622 534 807 570 obstante
830 533 1093 570 observancia
1117 532 1212 569 boni
1237 533 1284 569 de
1307 544 1452 580 genere

100 595 342 642 5lampades
386 602 477 630 sunt
521 591 705 629 extincte.
759 594 807 628 Et
852 591 908 629 sic
954 599 1091 628 monet
1135 591 1356 639 Apostolus
1401 591 1451 626 ad

131 651 393 689 stabilitatem
427 651 573 700 operis,
608 652 657 688 ad
690 650 909 699 puritatem
944 649 1169 687 affectionis
1203 658 1239 686 et
1262 650 1312 686 ad
1336 648 1452 685 recti-

131 710 312 747 tudinem
354 709 594 746 intencionis
634 722 711 758 que
752 718 844 745 sunt
887 708 1128 755 necessaria,
1179 720 1269 744 cum
1315 720 1452 744 sumus

132 768 172 804 in
203 768 372 815 lubrico,
406 768 447 804 in
479 769 565 805 luto
599 777 635 804 et
669 767 709 804 in
742 768 878 804 humo.

191 828 376 864 Secunda
419 836 627 864 armatura
671 834 729 862 est
768 826 890 862 lorica
929 825 1076 861 iusticie
1119 837 1195 873 que
1241 833 1451 861 conservat

79 900 117 921 10
134 885 328 922 maiorem
354 894 512 934 partem
537 884 741 921 interioris
764 884 952 929 hominis,
978 883 1068 920 ideo
1093 882 1189 919 dicit
1212 884 1450 931 Apostolus:

132 945 252 991 State,
285 944 430 980 induite
463 944 625 980 loricam
659 943 814 979 iusticie.
862 942 974 979 Sicut
1015 941 1120 978 enim
1163 941 1290 979 lorica
1322 942 1451 978 ferrea

132 1002 309 1051 undique
343 1003 581 1039 cathenatur
615 1001 786 1047 circulis,
827 1001 884 1037 sic
923 1000 1083 1037 iusticia
1122 999 1162 1036 in
1203 1013 1275 1037 suo
1308 1013 1452 1048 genere

132 1061 309 1110 undique
343 1062 584 1097 cathenatur
616 1061 838 1096 secundum
872 1059 1020 1095 lineam
1054 1058 1390 1106 longitudinalem
1415 1067 1452 1095 et

131 1119 444 1165 latitudinalem‚
494 1119 717 1155 secundum
763 1117 970 1154 racionem
1016 1116 1155 1154 circuli
1202 1116 1348 1153 infiniti
1394 1118 1451 1163 (ut

79 1177 284 1214 15dictum
319 1186 376 1214 est
409 1179 457 1214 de
490 1176 622 1226 prima
654 1176 801 1213 virtute
836 1175 1061 1221 cardinali).
1109 1177 1158 1211 Et
1198 1184 1310 1223 patet
1343 1176 1451 1224 quod

42 1228 116 1290 [³0¹3
130 1249 211 1272 non
239 1231 244 1290 Ι
273 1235 420 1272 sufficit
453 1244 607 1272 rectum
640 1235 771 1272 facere
803 1234 884 1271 nisi
913 1233 1090 1271 intencio
1115 1233 1255 1270 circuli
1281 1233 1452 1270 circum-

54 1284 97 1317 47
132 1294 277 1343 cingat.

188 1352 333 1390 Tereia
365 1365 459 1389 vero
492 1360 699 1389 armatura
734 1360 791 1388 est
814 1352 978 1400 pedum,
1012 1350 1051 1386 id
1077 1359 1147 1396 est,
1182 1349 1449 1387 affeccionum

133 1411 335 1448 interioris
370 1410 546 1447 hominis
580 1409 787 1447 calciacio.
823 1411 915 1445 Ideo
950 1409 1046 1446 dicit
1069 1409 1308 1457 Apostolus:
1344 1409 1452 1445 State

75 1483 117 1504 20
133 1470 288 1506 calciati
319 1470 439 1519 pedes
477 1469 512 1505 in
548 1469 835 1519 prepeti-acione
874 1468 1069 1518 evangelii
1106 1468 1228 1517 pacis.
1275 1468 1335 1503 Ad
1376 1468 1450 1503 hoc

134 1537 268 1565 autem
309 1527 539 1576 obligantur
584 1527 903 1575 evangelizantes
949 1535 985 1562 et
1031 1525 1175 1573 singuli
1222 1525 1450 1566 christiani:

134 1586 454 1635 evangelizantes
479 1586 545 1634 qui
569 1599 650 1622 non
673 1585 953 1634 principaliter
989 1593 1156 1633 propter
1189 1584 1450 1621 affeccionem

133 1645 421 1694 temporalium
466 1645 527 1681 vel
572 1643 868 1680 iurisdiccionis
914 1652 982 1679 aut
1026 1643 1131 1680 fame
1173 1651 1322 1679 statum
1362 1655 1453 1690 pro-

132 1704 326 1740 nunciant
359 1703 622 1751 evangelium.
656 1703 775 1739 Tales
809 1701 912 1738 enim
950 1701 1017 1750 qui
1042 1714 1087 1738 ea
1110 1701 1341 1738 intencione
1365 1714 1453 1749 pre-

75 1766 114 1798 25
133 1762 268 1799 dicant
320 1774 392 1798 nec
447 1761 657 1798 excuciunt
710 1761 915 1809 pulverem
970 1761 1117 1808 pedum
1167 1772 1239 1796 nec
1286 1761 1451 1796 verbum

133 1821 407 1869 evangelicum
442 1820 602 1857 volante
634 1828 753 1856 vento
787 1818 973 1867 superbie
1007 1818 1047 1854 in
1080 1818 1284 1855 auditorio
1319 1826 1454 1854 manet

133 1879 268 1915 fixum.
314 1879 490 1927 Populus
523 1887 659 1915 autem
703 1877 1038 1925 evangelizandus
1079 1878 1196 1913 debet
1235 1888 1454 1925 preparare

132 1937 371 1974 affecciones
404 1950 497 1974 suas
532 1939 582 1974 ad
616 1936 865 1973 audiendum
901 1935 1150 1983 evangelium
1192 1935 1318 1983 pacis,
1362 1948 1452 1971 cum

133 2009 178 2032 eo
219 1996 295 2032 fine
336 1997 453 2032 debet
495 1994 824 2044 predicacionem
866 1994 1018 2034 audire,
1059 2003 1102 2030 ut
1142 2007 1217 2043 pax
1258 1995 1454 2030 habeatur

73 2058 115 2090 30
133 2067 221 2090 cum
248 2057 332 2090 Deo
367 2063 403 2091 et
436 2053 620 2099 homine3
655 2062 692 2089 et
725 2062 821 2089 tunc
854 2062 945 2089 sunt
979 2052 1218 2089 affecciones
1251 2051 1453 2088 interioris

132 2112 307 2149 hominis
361 2112 541 2159 calciate,
589 2111 682 2160 quia
736 2111 1006 2148 desiderando
1061 2112 1213 2147 mundo
1267 2110 1453 2159 patencia

132 2171 271 2207 fierent
304 2172 422 2207 nude.

190 2231 267 2266 Sed
308 2229 402 2278 quia
444 2229 542 2266 fides
582 2237 640 2265 est
678 2227 907 2265 necessaria
953 2227 1117 2264 cuilibet
1156 2226 1314 2272 viatori,
1362 2227 1453 2263 ideo

132 2297 277 2336 quarto
301 2287 502 2324 subnectit
524 2287 763 2336 Apostolus:
798 2287 840 2322 In
875 2287 1048 2322 omnibus
1079 2294 1272 2322 sumentes
1304 2294 1452 2322 scutum

73 2346 222 2396 35fidei
257 2347 293 2382 in
327 2359 398 2395 qno
435 2346 593 2396 possitis
632 2346 758 2381 omnia
797 2345 872 2381 tela
916 2344 1137 2393 nequissimi
1173 2345 1287 2394 ignea
1327 2344 1452 2380 extin-

130 2417 265 2455 guere.
301 2406 469 2441 Scutum
503 2414 637 2441 autem
674 2404 749 2440 hoc
784 2403 875 2439 fidei
910 2403 1029 2439 habet
1053 2415 1126 2450 pro
1151 2402 1235 2439 basi
1261 2401 1453 2438 articulos

130 2462 341 2499 Trinitatis
375 2472 412 2499 et
445 2462 546 2500 alios
580 2462 672 2499 fidei
707 2461 898 2498 articulos
931 2460 1118 2497 ordinate
1149 2461 1350 2509 depictos3
1385 2460 1453 2509 qui

132 2521 163 2557 si
196 2521 328 2558 nervis
362 2521 542 2558 caritatis
576 2521 654 2557 sint
693 2520 851 2556 fortiter
891 2519 1082 2567 colligati,
1123 2528 1291 2567 possunt
1331 2519 1454 2554 extin-

132 2592 253 2627 guere
287 2592 428 2616 omnes
462 2579 755 2628 temptaciones
780 2577 907 2614 hostis
931 2577 1101 2626 triplicis
1126 2590 1203 2626 que
1227 2586 1316 2614 sunt
1340 2576 1453 2625 quasi

72 2652 116 2683 40
133 2638 211 2674 tela
245 2637 359 2685 ignea
394 2637 585 2675 intentive
618 2636 875 2685 impellencia
910 2648 979 2684 per
1012 2645 1139 2672 artem
1181 2635 1331 2673 diaboli
1373 2635 1454 2683 agi-

205 2782 222 2812 ¹:
245 2772 340 2801 Cod.:
369 2772 492 2800 xxlxo.
578 2781 606 2808 9.
628 2773 661 2800 In
683 2781 797 2808 marg:
825 2780 849 2800 2.
938 2775 976 2800 ιδ.
999 2771 1031 2799 In
1054 2780 1167 2807 marg:
1189 2770 1214 2800 3.
1294 2770 1334 2798 35.
1357 2770 1452 2798 Cod.:

133 2816 286 2836 omnium.

211 2904 259 2924 11.
289 2892 378 2934 Eph.
397 2893 454 2933 Vl,
486 2902 534 2932 14.
639 2902 688 2934 ¹9·
716 2892 760 2923 ib.
785 2891 835 2924 15.
936 2891 988 2932 34.
1017 2891 1060 2923 ib.
1087 2890 1136 2922 16.

1659 256 1741 290 479

1481 838 1507 859 2.
1527 831 1594 859 The
1616 832 1730 859 breast-

1543 868 1621 902 platc
1642 867 1676 893 οῖ’

1486 902 1729 937 righteousncss.

1477 1355 1501 1383 3.
1522 1355 1589 1383 The
1610 1356 1736 1383 sandals

1497 1391 1598 1418 which
1619 1391 1715 1426 guard

1467 1426 1516 1453 thc-
1531 1426 1599 1460 feet,
1621 1428 1639 1454 i.
1656 1436 1680 1453 e.
1696 1426 1746 1453 the

1520 1462 1690 1488 affectisms.

1488 2243 1517 2268 ,4.
1539 2233 1607 2261 The
1627 2233 1723 2260 shield

1538 2269 1573 2296 of
1591 2269 1676 2296 saith.
