1944 3323
155 267 292 297 SERMO
314 253 439 313 xxm]
649 264 820 298 TERTm
851 262 974 295 mas.

157 378 309 415 lumine
348 377 455 414 venit
492 373 708 411 influenciu
748 375 798 411 ad
837 381 966 410 totam
1003 384 1162 420 speram
1199 369 1474 418 corporalium

156 450 237 474 non
266 444 443 481 econtra,
475 433 530 470 sic
559 433 600 469 in
629 432 745 469 bonis
775 431 1053 480 spiritualibus
1075 429 1182 466 venit
1205 430 1266 466 vel
1290 437 1478 465 causatur

157 504 265 532 totus
303 493 478 531 ambitus
518 504 657 528 eorum
694 504 715 527 a
748 499 862 539 patre
895 489 1093 526 luminum
1129 487 1196 536 qui
1230 496 1287 524 est
1320 487 1408 523 fons
1441 494 1478 522 et

158 553 272 601 origo
294 552 423 589 tocius
457 549 671 587 influencie
704 561 781 597 que
814 557 1002 585 causatur
1035 556 1072 583 et
1105 546 1145 582 in
1178 545 1343 582 homine
1376 544 1479 581 redit

126 610 411 649 5circulariter
444 610 494 646 ad
528 607 822 644 beatitudinem
858 614 1198 643 consummatam.

216 671 265 706 Et
287 677 397 717 patet
421 666 648 704 destruccio
682 678 865 703 errorum
900 664 939 701 in
972 664 1047 701 ista
1082 662 1263 707 materia,
1298 670 1340 698 ut
1372 669 1480 698 secta

160 727 377 776 Pelagiana
421 725 519 762 dicit
552 726 662 774 quod
707 725 830 761 homo
876 736 975 771 pure
1021 735 1064 759 ex
1103 721 1356 758 naturalibus
1395 719 1479 756 sine

160 788 254 823 data
285 784 422 834 gracia
455 793 592 833 posset
626 783 771 820 mereri
807 781 1117 826 beatitudinem,
1153 789 1190 817 et
1223 779 1278 816 sic
1311 778 1480 816 virtutes

160 853 281 894 atque
309 843 480 881 felicitas
510 855 591 878 non
622 842 923 887 descenderent,
955 839 994 876 id
1019 848 1089 885 est,
1114 851 1195 875 non
1219 846 1482 875 causarentur

106 917 145 940 10
160 902 344 952 graciose
383 915 405 939 a
443 910 557 950 patre
596 900 793 937 luminum
833 899 914 935 sive
948 901 1046 934 Deo.
1100 900 1189 934 Non
1228 896 1333 933 enim
1372 907 1483 944 yma-

103 995 107 998 .
160 962 380 1011 ginandum
430 969 488 997 est
531 959 726 1008 Spiritum
774 959 967 994 Sanctum
1016 956 1224 992 intendere
1264 956 1370 1004 quod
1411 955 1484 990 hec

162 1022 269 1057 dona
313 1032 390 1069 que
433 1026 524 1055 sunt
558 1018 773 1066 qualitates
819 1016 1068 1052 descendunt
1114 1027 1136 1051 a
1170 1016 1254 1050 Deo
1300 1012 1484 1049 localiter

161 1080 230 1116 sed
276 1086 507 1123 causantur,
554 1089 644 1113 cum
691 1075 800 1111 iuxta
843 1074 1028 1111 naturale
1073 1072 1317 1121 principium
1364 1082 1484 1108 omne

164 1145 373 1174 causatum
408 1137 459 1173 ad
492 1143 600 1171 extra
624 1134 667 1170 fit
690 1147 712 1171 a
745 1146 817 1170 suo
850 1132 1051 1182 principio
1081 1133 1191 1180 quod
1225 1140 1282 1167 est
1305 1129 1484 1167 efficiens

164 1204 201 1233 et
229 1191 234 1250 Ι
264 1195 353 1232 finis
386 1194 472 1243 ipse
504 1193 689 1242 superius
721 1191 763 1228 in
796 1200 954 1228 natura.

222 1254 407 1291 Secunda
446 1251 596 1289 heresis
630 1250 937 1287 Manicheorum
974 1262 1044 1297 per
1077 1250 1154 1285 hoc
1187 1248 1343 1285 tollitur
1377 1247 1486 1296 quod

164 1312 357 1362 quicquid
405 1324 477 1360 per
527 1324 567 1347 se
612 1318 750 1347 causat
802 1321 965 1346 causam
1011 1316 1151 1344 causat
1196 1306 1323 1343 eciam
1369 1318 1485 1342 suum

166 1380 390 1408 causatum.
444 1369 483 1406 Si
529 1382 622 1417 ergo
668 1377 797 1404 totum
844 1379 967 1415 genus
1012 1365 1284 1414 spiritualium
1330 1377 1401 1413 per
1447 1375 1487 1400 se

166 1438 354 1467 causatur
392 1441 415 1466 a
453 1430 553 1473 Deo,
593 1427 719 1464 eciam
760 1435 890 1462 totum
929 1438 1053 1473 genus
1095 1423 1368 1472 corporalium
1410 1434 1487 1471 que

109 1496 384 1525 2ocausantur
431 1499 454 1524 a
497 1485 774 1534 spiritualibus
820 1493 1008 1521 causatur
1050 1482 1178 1520 eciam
1232 1484 1280 1519 ab
1330 1483 1486 1518 eodem.

167 1548 392 1584 Posuerunt
424 1553 558 1582 autem
592 1542 793 1580 Manichei
828 1544 906 1578 duo
940 1541 1139 1590 principia
1179 1540 1331 1577 scilicet
1366 1541 1485 1576 deum

167 1606 320 1642 bonum
347 1613 384 1641 et
407 1605 526 1640 deum
552 1603 724 1639 malum:
751 1603 870 1638 deum
894 1602 1044 1637 bonum
1071 1601 1190 1636 deum
1215 1599 1486 1648 spiritualium

168 1673 206 1700 et
229 1664 348 1700 deum
383 1662 532 1698 malum
558 1663 677 1697 deum
711 1659 1000 1708 corporalium.
1035 1657 1198 1695 Seducti
1231 1667 1364 1695 autem
1398 1665 1490 1694 sunt

168 1721 223 1758 hii
256 1723 377 1758 ambo
401 1733 444 1757 ex
467 1732 602 1756 errore
626 1718 883 1767 philosophie
906 1726 943 1754 et
967 1716 1108 1765 logice.
1143 1716 1325 1763 Pelagius
1354 1724 1488 1752 autem

113 1784 151 1818 25
169 1779 326 1828 accepit
365 1791 484 1816 omne
524 1777 711 1815 accidens
747 1789 834 1813 esse
867 1788 952 1812 rem
987 1788 1057 1824 per
1096 1787 1136 1811 se
1170 1774 1417 1823 possibilem,
1453 1782 1490 1810 et

168 1838 224 1876 sic
263 1840 390 1874 Deum
432 1850 512 1874 non
554 1845 743 1885 oportere
783 1837 831 1871 de
877 1833 1115 1871 necessitate
1161 1834 1347 1870 absoluta
1395 1834 1489 1869 dare

169 1895 348 1946 graciam
388 1895 547 1945 spiritui
587 1896 637 1932 ad
677 1895 753 1930 hoc
792 1894 901 1942 quod
940 1894 990 1930 ad
1030 1891 1321 1929 beatitudinem
1356 1891 1488 1940 ipsum

169 1963 368 2004 acceptet.
414 1955 492 1991 Sed
536 1965 648 1990 error
698 1952 816 1989 huius
866 1951 997 1999 logice
1044 1952 1103 1996 (ut
1147 1950 1298 1987 dictum
1346 1960 1404 1987 est
1450 1949 1491 1985 in

172 2013 340 2051 materia
384 2014 431 2049 de
476 2011 709 2057 eukaristia)
749 2019 807 2047 est
847 2023 967 2047 causa
1007 2009 1155 2045 heresis
1195 2008 1490 2057 consequentis.

112 2071 406 2110 30Manicheus
451 2079 586 2107 autem
637 2069 792 2118 putavit
838 2081 922 2105 esse
968 2081 1157 2116 magnum
1203 2067 1490 2104 inconveniens

172 2133 298 2167 Deum
335 2131 486 2166 bonum
521 2141 687 2165 causare
720 2140 895 2176 corpora
918 2139 1118 2163 venenosa
1151 2134 1194 2162 ut
1217 2135 1422 2174 serpentes
1457 2128 1493 2163 et

171 2188 249 2226 alia
281 2187 424 2224 nociva
457 2186 623 2224 homini.
658 2189 761 2223 Nam
795 2199 842 2223 eo
875 2185 963 2234 ipso
993 2186 1101 2233 quod
1135 2184 1266 2232 opifex
1298 2192 1431 2232 potest
1455 2192 1493 2220 et

171 2247 245 2284 scit
285 2248 435 2282 bonum
476 2246 607 2282 facere
647 2254 685 2281 et
722 2244 817 2281 facit
858 2256 947 2280 cum
990 2244 1065 2280 hoc
1099 2243 1263 2289 malum,
1299 2244 1346 2279 de
1379 2250 1492 2279 tanto

172 2314 230 2342 est
268 2305 505 2352 culpandus.
551 2305 657 2339 Deus
695 2316 791 2351 ergo
833 2303 960 2339 bonus
1002 2314 1093 2338 cum
1134 2313 1293 2349 semper
1334 2301 1409 2337 scit
1454 2309 1493 2337 et

115 2369 156 2403 35
172 2372 303 2412 potest
326 2363 456 2399 facere
489 2363 639 2398 bonum
663 2361 848 2398 faciendo
882 2361 1032 2397 malum
1066 2360 1167 2396 foret
1191 2358 1494 2396 racionabiliter

171 2422 455 2470 increpandus.
501 2421 602 2457 Cum
643 2432 738 2468 ergo
777 2418 889 2456 accio
936 2417 1093 2467 opificis
1139 2417 1427 2454 denominatur
1472 2429 1494 2454 a

172 2494 244 2517 suo
295 2491 429 2530 opere,
480 2487 522 2514 ut
573 2479 696 2515 homo
749 2477 935 2515 faciendo
981 2478 1131 2513 bonum
1178 2476 1392 2522 benefacit,
1437 2475 1494 2512 sic

173 2541 279 2575 Deus
324 2537 509 2574 faciendo
554 2536 662 2573 mala
699 2549 823 2585 opera
863 2535 1068 2572 malefacit
1108 2536 1219 2584 quod
1253 2537 1338 2571 Deo
1385 2535 1493 2571 bono

174 2609 255 2634 non
287 2604 419 2644 potest
453 2603 701 2642 competere.

115 2669 161 2701 40
234 2656 282 2690 Et
311 2655 384 2690 hec
413 2653 676 2690 confirmacio
706 2652 972 2700 metaphisica
1001 2663 1072 2700 per
1095 2652 1171 2687 hoc
1201 2652 1310 2700 quod
1334 2650 1495 2688 bonitas

177 2722 215 2750 et
247 2712 409 2749 malicia
442 2711 482 2748 in
514 2712 658 2748 eodem
691 2710 872 2747 subiecto
905 2710 1056 2759 pariter
1094 2709 1370 2746 includuntur.
1417 2710 1496 2745 Sed

177 2771 335 2808 bonitas
369 2778 502 2819 potest
537 2782 620 2806 esse
654 2782 723 2818 per
756 2782 810 2815 se,
844 2777 887 2805 ut
920 2777 1031 2818 patet
1064 2768 1104 2804 in
1126 2770 1210 2804 Deo
1246 2769 1366 2813 bono,
1400 2779 1496 2815 ergo

72 1177 147 1209 Fol.

66 1222 148 1256 263²

250 2926 293 2953 19,
314 2925 360 2945 20.
383 2917 479 2944 God.:
501 2925 560 2951 que
580 2920 735 2943 causatur.
808 2923 859 2949 40.
881 2915 1099 2950 metaphisica3
1120 2915 1214 2943 adde:
1236 2920 1375 2951 apparet.

1321 2965 1358 2997 15

1685 258 1705 285 10

1714 258 1734 284 [0

1746 249 1762 285 υἸ

1524 663 1619 690 Error
1640 662 1675 690 of
1692 663 1742 690 the

1501 698 1672 733 Pelagfflns,
1695 698 1765 724 who

1513 742 1566 769 say
1589 741 1659 760 man
1682 741 1753 768 may

1540 769 1617 796 have
1638 768 1730 795 merit

1508 804 1639 831 without
1660 811 1760 839 grace,

1548 1249 1606 1277 and
1629 1249 1663 1277 of
1680 1249 1731 1277 the

1528 1285 1758 1319 Manichaeans,

1525 1321 1596 1348 who
1617 1320 1762 1348 attribute

1530 1356 1567 1384 all
1590 1360 1701 1383 matter
1720 1360 1751 1382 to

1525 1392 1575 1419 the
1595 1392 1654 1419 evil
1677 1390 1758 1418 God.

1540 1719 1618 1746 Both
1640 1727 1744 1746 errors

1535 1763 1650 1790 spi-ang
1669 1754 1750 1781 from

1605 1790 1681 1817 false

1546 1825 1744 1861 philosophy.
