1944 3323
169 265 304 294 SERMO
321 255 460 313 xxxin]
657 269 828 301 TERTIA
858 268 982 300 PARS.

168 375 298 412 forent
336 376 538 425 superflue
577 385 613 412 et
652 375 801 425 inique,
840 376 901 412 vel
941 375 1056 412 aliter
1095 387 1177 412 non
1217 383 1273 411 est
1314 375 1482 412 dicenda

168 446 292 482 quare
338 433 577 482 generaliter
621 435 726 482 leges
772 435 946 471 humane
990 442 1027 470 et
1073 432 1285 482 religiones
1331 432 1484 481 private

168 492 298 528 forent
330 493 544 541 superflue.

227 552 268 586 In
291 549 367 587 ista
401 550 562 599 argucia
596 549 846 598 blasphemie
879 549 1055 586 simiales
1088 549 1370 586 similitudines
1394 559 1484 586 sunt

135 609 388 656 5assumpte>
428 609 521 645 dum
563 621 634 657 per
672 609 805 645 locum
840 621 862 645 a
896 609 1085 645 mardosa
1125 607 1389 644 similitudine
1429 608 1484 645 sic

168 666 369 714 arguitur:
403 668 598 703 Auctores
640 666 730 703 fidei
771 666 971 715 scripture
1011 666 1208 715 paulatim
1242 666 1484 703 addiderunt

168 724 325 762 codices
358 725 408 761 ad
442 724 656 762 utilitatem
691 724 857 761 ecclesie
891 733 928 761 et
949 724 1139 762 veritates
1173 724 1282 772 prius
1316 726 1484 761 abscon-

168 782 270 820 ditas
304 782 565 831 explicarunt,
600 795 694 831 ergo
728 795 798 832 per
830 782 936 819 idern
970 782 1063 820 licet
1087 783 1334 829 doctoribus,
1369 783 1485 832 papis

167 849 204 877 et
248 840 336 877 aliis
381 840 594 889 regnicolis
639 843 743 890 leges
789 842 1060 890 superaddere
1108 840 1192 877 sine
1238 841 1327 878 fine.
1384 842 1484 890 Capi

112 910 151 932 10
166 911 343 948 namque
381 900 498 936 debet
542 908 583 937 ut
629 899 726 937 fides
765 899 881 945 (sicut
920 901 1038 936 docet
1069 899 1329 947 Augustinus)
1375 901 1484 948 quod

165 956 366 1006 scriptura
398 970 512 995 sacra
545 958 594 995 sit
626 967 668 994 ut
707 958 763 995 sic
796 957 997 994 infinitum
1033 956 1197 994 maioris
1231 957 1484 994 auctoritatis

165 1028 286 1064 quam
321 1025 412 1052 sunt
435 1025 478 1052 ut
500 1016 556 1053 sic
580 1017 684 1065 leges
718 1016 813 1062 alie;
848 1024 1140 1065 consequenter
1173 1015 1290 1052 etsie
1322 1028 1484 1053 necesse

163 1073 237 1110 fuit
270 1086 343 1122 pro
377 1074 571 1123 regimine
602 1074 769 1111 ecclesie
793 1083 829 1111 et
854 1087 875 1111 a
899 1075 1048 1111 Sancto
1073 1073 1226 1122 Spiritu
1250 1073 1481 1111 ordinatum

165 1133 273 1180 quod
312 1132 381 1168 tali
421 1141 604 1181 tempore
644 1141 681 1169 et
719 1132 789 1170 tali
832 1144 1019 1169 mensura
1064 1132 1142 1168 sint
1187 1132 1346 1169 codices
1392 1132 1483 1169 fidei

110 1191 146 1223 15
163 1189 361 1239 scripture
400 1190 534 1227 taliter
572 1190 794 1240 publicate3
840 1190 931 1227 ideo
975 1191 1041 1227 ille
1079 1190 1146 1239 qui
1191 1189 1340 1238 arguit:
1388 1204 1481 1239 ergo

164 1260 234 1297 per
273 1248 378 1285 idem
420 1250 566 1286 debent
604 1250 709 1298 leges
750 1258 787 1286 et
825 1249 975 1298 scripta
1013 1248 1230 1298 sequencia
1262 1250 1482 1285 secundum

163 1319 278 1343 suum
319 1307 502 1344 ordinem
537 1307 749 1356 publicari,
790 1307 828 1343 in
862 1320 955 1344 casu
990 1320 1070 1356 quo
1103 1308 1222 1343 stulte
1255 1307 1382 1344 credit
1415 1320 1483 1344 sue

163 1364 325 1413 argucie
363 1378 403 1402 se
440 1365 571 1414 ipsum
612 1365 766 1403 seducit
810 1375 852 1402 ut
896 1365 1048 1402 infideli
1093 1365 1287 1411 deteri0r3
1334 1365 1484 1414 scripta

163 1432 297 1460 autem
338 1423 553 1473 sequencia
593 1437 698 1461 nunc
737 1423 955 1472 proficiunt
989 1432 1026 1460 et
1058 1423 1287 1473 specialiter
1319 1423 1351 1460 si
1384 1437 1484 1472 pure

106 1495 147 1517 20
163 1481 325 1530 sapiunt
358 1483 486 1531 legem
521 1482 592 1519 Dei
634 1491 671 1519 et
704 1495 809 1519 nunc
850 1482 1032 1519 officiunt
1066 1483 1330 1528 retardantes,
1365 1491 1402 1519 et
1436 1495 1482 1519 eo

163 1540 390 1588 specialiter
405 1541 513 1589 quod
535 1541 782 1577 declinantes
805 1542 854 1578 ab
876 1540 1066 1589 operibus
1088 1540 1184 1589 legis
1201 1540 1272 1577 Dei
1290 1540 1481 1577 deficiunt

162 1611 183 1634 a
222 1598 417 1647 regimine
457 1598 630 1647 Spiritus
669 1599 820 1645 Sancti,
859 1598 961 1636 sicut
1005 1599 1239 1648 oppositum
1286 1598 1481 1647 contingit

1690 261 1765 296 265

1525 557 1612 594 Tney
1634 561 1673 586 t1¹⁷»
1696 564 1746 586 noi

1507 594 1697 621 understand
1720 595 1768 621 ilie

1559 629 1722 657 ditl‘erence

1571 664 1706 691 belween

1514 699 1691 733 explaining
1712 700 1761 727 old

1559 734 1634 761 lanx-s
1654 735 1712 761 and

1542 769 1685 803 b1·in,t,¹in,.,(⁷
1706 769 1733 796 in

1553 812 1619 831 new
1641 812 1725 831 ones.

161 1655 201 1692 in
241 1657 408 1694 ecclesia
446 1656 664 1705 primitiva.
711 1659 804 1694 Ideo
843 1657 1004 1693 videtur
1043 1657 1167 1694 michi
1200 1658 1309 1706 quod
1349 1666 1479 1694 stante
1495 1667 1770 1701 There-dremany

161 1715 375 1752 eternitate
412 1714 510 1763 legis
548 1715 634 1752 vive
671 1715 764 1752 novi
803 1715 1035 1752 testamenti
1081 1728 1163 1752 non
1208 1716 1366 1752 obesset
1411 1717 1479 1752 sed

104 1775 143 1807 25
161 1773 375 1821 proficeret
398 1775 506 1822 quod
540 1773 655 1810 multi
689 1773 847 1810 codices
881 1782 918 1810 et
942 1774 1066 1810 multe
1098 1773 1246 1822 scripte
1278 1774 1480 1811 sentencie

160 1831 239 1867 sint
292 1833 506 1877 destructe,
560 1831 616 1869 sic
660 1840 797 1869 tamen
842 1833 951 1881 quod
1001 1833 1231 1869 sacerdotes
1276 1831 1479 1868 imitantes

160 1889 364 1926 Christum
405 1890 445 1926 in
485 1890 664 1926 moribus
711 1889 985 1938 evangelizent
1030 1889 1248 1927 efficaciter
1291 1889 1480 1927 veritates

160 1947 410 1996 evangelicas
463 1948 633 1997 scriptas
686 1948 726 1984 in
777 1948 889 1985 libris
941 1948 1022 1985 suis
1081 1948 1354 1986 interioribus.
1419 1950 1479 1984 Ad

161 2014 357 2055 quantum
397 2015 531 2044 autem
571 2006 791 2043 terminum
832 2007 908 2043 hoc
947 2007 1049 2044 foret
1084 2007 1295 2056 expediens
1330 2015 1366 2043 et
1398 2019 1480 2044 non

102 2066 145 2099 30
160 2065 266 2102 ultra
297 2077 379 2101 non
413 2073 469 2102 est
501 2064 617 2101 nobis
651 2065 852 2102 discutere
884 2066 953 2102 sed
986 2065 1063 2102 illis
1097 2065 1164 2114 qui
1197 2074 1289 2102 sunt
1321 2067 1372 2102 ad
1405 2066 1480 2102 hoc

161 2135 182 2159 a
206 2122 357 2171 Spiritu
382 2124 531 2160 Sancto
561 2123 790 2172 specialiter
820 2122 1020 2160 illustrati.
1056 2125 1144 2161 Hoc
1175 2133 1312 2161 tamen
1341 2136 1480 2173 possu-

162 2193 248 2217 mus
299 2180 434 2218 statim
487 2194 730 2229 cognoscere
775 2183 884 2230 quod
935 2181 1154 2230 propositis
1206 2183 1360 2220 duabus
1407 2182 1479 2219 viis

160 2238 388 2287 disparibus
413 2241 604 2276 debemus
629 2239 786 2277 meliori
816 2239 1024 2276 intendere
1048 2248 1085 2277 et
1108 2240 1176 2287 sic,
1211 2253 1302 2278 cum
1337 2240 1479 2277 melius

160 2296 210 2333 sit
243 2296 403 2345 operari
443 2306 479 2334 et
513 2298 721 2346 predicare
754 2299 906 2347 populo
938 2298 1026 2335 viva
1058 2311 1155 2336 voce
1189 2312 1310 2348 quam
1346 2299 1479 2335 rnulti-

103 2357 141 2389 35
159 2354 310 2403 plicare
349 2364 407 2392 tot
446 2355 617 2403 codices,
659 2364 768 2393 muta
806 2356 941 2394 taliter
979 2357 1168 2395 invenire.
1217 2357 1479 2394 Dimittamus

160 2414 236 2450 hoc
279 2415 499 2450 secundum
545 2423 582 2451 et
626 2414 751 2463 priori
795 2414 1031 2463 diligencius
1074 2415 1296 2453 innitamur
1339 2424 1376 2453 et
1423 2415 1479 2453 sic

160 2470 398 2520 supplicatis
449 2472 652 2509 erroribus
705 2485 787 2510 non
844 2472 1161 2522 multiplicemus
1212 2473 1325 2522 signa
1382 2474 1479 2511 talia

160 2529 384 2566 inanimata
434 2531 502 2567 sed
554 2542 597 2567 ex
648 2529 890 2568 auctoritate
934 2531 1133 2580 scripture
1177 2545 1289 2569 sacre
1333 2532 1479 2569 talibus

161 2587 364 2624 erroribus
387 2587 484 2625 vivis
511 2588 675 2625 vocibus
708 2589 928 2626 obviemus.
963 2591 1078 2627 Unde
1113 2590 1304 2628 instinctu
1328 2591 1478 2628 diaboli

100 2658 144 2689 40
162 2646 374 2694 generacio
398 2647 581 2684 adultera
604 2647 734 2696 querit
757 2647 869 2696 signa
898 2647 1144 2695 huiusmodi,
1170 2648 1477 2698 multiplicando

204 2815 209 2819 ἱ
228 2789 257 2814 4.
279 2781 311 2808 In
334 2789 400 2808 mar
425 2791 447 2808 .:
468 2780 652 2816 Responsio.
714 2790 760 2810 20.
778 2782 872 2811 Cod.:
896 2784 1026 2818 sapiant.
1089 2784 1135 2818 34.
1153 2784 1248 2812 Cod.:
1270 2789 1297 2812 et
1319 2784 1476 2819 predicare

159 2819 257 2843 twice.
331 2815 376 2844 36.
426 2816 494 2843 od.:
516 2816 693 2845 invitamur.

229 2898 259 2931 9.
289 2887 339 2920 Cf.
358 2888 477 2928 Trial.‚
503 2898 580 2932 pag.
610 2889 684 2933 239.

1542 1702 1640 1729 books
1660 1701 1723 1728 that

1557 1737 1654 1771 might
1676 1737 1711 1763 be

1551 1771 1714 1807 destroyed

1518 1807 1649 1834 without
1669 1807 1743 1834 loss.

1548 2248 1715 2282 l'reacliing

1539 2283 1634 2310 better
1654 2283 1724 2309 than

1501 2318 1636 2354 copying
1658 2318 1765 2345 books.
