1944 3323
114 934 152 955 ¹0

114 1216 150 1248 15

114 2090 128 2121 3
135 2100 154 2119 ο

114 2378 153 2410 35

168 285 304 313 SERMO
327 275 448 331 xiix]
658 288 833 319 TERTlA
863 289 987 319 PARS.

170 397 274 432 mala
297 395 447 431 noticia
477 394 565 442 quis
589 394 827 442 peccaverit,
863 404 957 431 tunc
991 405 1048 431 cst
1082 396 1213 431 acrius
1247 397 1486 443 ai‘guenduS‚

168 454 224 490 sic
247 454 351 490 enim
378 453 561 489 Christus
585 462 772 500 arguerat
797 453 960 489 acucius
986 453 1213 501 phariseos;
1248 462 1285 490 et
1310 463 1487 490 moveret

169 514 216 549 ad
278 513 353 548 hoc
407 513 515 560 quod
569 511 737 559 quilibet
795 511 1016 559 spiritualis
1070 511 1200 548 viator
1258 520 1315 548 est
1373 512 1488 548 valde

168 570 318 618 fragilis
352 579 388 606 et
421 569 477 605 sic
511 582 628 617 egens
665 578 804 606 mutua
837 569 1110 606 vicissitudine
1135 569 1410 612 relevacionis,
1452 579 1488 606 et

168 642 238 676 per
270 628 458 664 iuvamen
492 628 570 664 tale
604 628 818 663 confratris
851 627 1009 664 acuitur
1048 637 1085 664 et
1125 628 1326 665 stabilitur
1362 627 1488 664 virtus

168 685 479 735 compacicntis:
534 687 626 722 Ideo
672 685 769 722 dicit
814 686 1034 734 Apostolus
1081 688 1189 734 quod
1235 686 1326 722 talis
1372 687 1488 722 debet

168 758 252 782 esse
285 745 534 781 considerans
565 757 606 780 se
628 744 766 793 ipsum,
801 757 845 780 ne
877 752 912 780 et
934 745 1014 793 ipse
1037 752 1256 794 temptetur.
1292 746 1340 780 Et
1363 743 1490 780 utitur

167 816 336 840 numero
377 802 569 850 singulari
608 803 658 838 ad
699 803 1062 839 demonstrandum
1103 802 1376 839 attencionem
1411 802 1489 838 sin—

167 862 346 909 gularem
382 862 432 898 ad
464 859 724 909 fragilitatem
759 860 967 909 propriam
1002 870 1039 897 et
1071 861 1250 897 debitum
1277 860 1489 897 ministerii

169 933 212 957 ex
250 919 385 957 officio
428 933 449 956 a
489 919 660 956 dacione
694 919 858 956 Domini
898 918 1178 956 ministrantis.
1226 921 1275 955 Et
1308 919 1364 956 sic
1404 928 1490 955 tota

168 978 408 1015 universitas
439 977 643 1014 viancium
678 979 795 1014 debet
829 987 911 1014 tam
946 977 986 1013 in
1009 977 1124 1014 bonis
1148 977 1342 1014 faciendis
1367 990 1488 1026 quam

168 1037 283 1074 malis
316 1035 537 1073 tolerandis
570 1044 713 1072 mutuo
746 1048 786 1072 se
819 1036 974 1081 iuvare3
1009 1035 1064 1072 sic
1099 1036 1204 1073 enim
1239 1044 1356 1084 agent
1389 1036 1490 1072 cele-

167 1095 249 1132 rius
283 1103 320 1131 et
352 1094 477 1132 levius
510 1095 754 1130 tolerabunt.

225 1156 306 1190 Nec
339 1152 509 1202 impedit
542 1153 676 1201 quoad
709 1151 784 1189 ista
817 1151 958 1188 localis
982 1152 1193 1198 distancia,
1221 1151 1314 1200 quia
1348 1165 1488 1188 omnes

168 1211 374 1248 christiani
408 1220 500 1248 sunt
533 1223 656 1246 unum
692 1223 839 1258 corpus
868 1210 907 1247 in
932 1210 1122 1247 Domino.
1157 1212 1251 1247 Ideo
1284 1209 1488 1258 subiungit

167 1270 405 1318 Apostolus:
440 1270 551 1306 Alter
581 1269 745 1305 alterius
777 1281 895 1305 (mera
914 1276 1073 1318 portate
1095 1276 1130 1305 et
1152 1269 1206 1305 sic
1228 1268 1489 1318 adimplebitis

168 1330 294 1379 legem
333 1329 491 1365 Christi.
539 1328 640 1363 Cum
687 1336 821 1363 autem
867 1328 925 1364 lex
972 1327 1119 1363 Christi
1165 1327 1215 1363 sit
1260 1327 1407 1363 caritas
1454 1336 1490 1363 et

169 1387 315 1423 caritas
355 1387 532 1423 fraterna
572 1385 783 1434 potissime
816 1398 856 1422 se
891 1385 1067 1422 extendit
1100 1387 1151 1422 ad
1184 1385 1319 1422 taliter
1352 1385 1489 1421 iuvan-

169 1447 262 1481 dum
304 1444 533 1493 proximum
578 1453 614 1480 et
654 1443 785 1492 ipsum
826 1444 865 1480 in
904 1444 1114 1491 penalibus
1148 1445 1488 1492 supportandum,

169 1512 279 1552 patet
312 1504 419 1552 quod
454 1504 504 1539 ad
537 1503 613 1538 hoc
646 1510 804 1538 tenetur
845 1502 987 1538 fidelis.
1035 1503 1135 1538 Cum
1176 1501 1283 1538 enim
1325 1513 1368 1537 ex
1412 1501 1490 1537 fide

169 1562 368 1610 scripture
414 1559 583 1597 ecclesia
629 1560 678 1596 sit
722 1573 846 1596 unum
886 1573 1033 1608 corpus
1075 1569 1111 1596 et
1150 1560 1267 1596 unius
1308 1559 1489 1608 corporis

169 1633 248 1657 una
280 1619 331 1656 sit
364 1618 476 1656 accio
511 1628 548 1655 et
581 1631 661 1655 una
695 1619 845 1667 passio,
886 1627 996 1666 patet
1036 1631 1106 1666 per
1146 1619 1280 1654 locum
1322 1630 1343 1654 a
1382 1617 1490 1654 suffi-

170 1679 298 1716 ciente
346 1677 610 1714 similitudine
657 1679 864 1726 quomodo
912 1676 1048 1713 omnia
1095 1678 1278 1713 membra
1323 1675 1490 1712 ecclesie

169 1738 315 1774 debent
349 1737 389 1772 in
421 1744 594 1784 utroque
629 1745 770 1772 mutuo
803 1748 843 1771 se
877 1735 1025 1771 iuvare.
1073 1737 1120 1771 Et
1155 1748 1244 1771 cum
1280 1734 1490 1782 plenitudo

170 1795 266 1843 legis
314 1795 364 1831 sit
412 1794 594 1834 dileccio,
650 1803 760 1842 patet
805 1795 913 1842 quod
959 1793 997 1829 in
1043 1793 1119 1829 ista
1165 1792 1386 1829 dileccione
1431 1793 1491 1828 lex

170 1853 333 1890 Domini
367 1861 425 1889 est
458 1852 637 1901 impleta.
674 1853 790 1889 Unde
824 1852 1053 1900 superiores
1087 1852 1296 1888 tardantes
1330 1852 1379 1887 ab
1413 1850 1490 1887 isto

169 1911 305 1948 officio
350 1912 547 1948 seducunt
588 1923 628 1947 se
667 1911 776 1959 ipsos
816 1919 852 1946 et
892 1911 1080 1947 fraudant
1122 1909 1350 1946 ecclesiam.
1398 1910 1490 1945 Ideo

171 1969 285 2006 dicit:
332 1971 433 2005 Nam
474 1970 508 2005 si
545 1969 629 2018 quis
665 1969 783 2005 aliter
818 1976 1022 2017 presumat
1059 1981 1100 2004 se
1138 1980 1219 2004 esse
1258 1968 1292 2003 in
1332 1967 1490 2003 ecclesia

171 2041 312 2079 magne
356 2027 559 2079 dignitatis
603 2035 637 2063 et
682 2027 822 2071 meriti,
867 2040 951 2063 cum
1001 2039 1051 2063 ex
1089 2039 1157 2062 sua
1196 2026 1363 2075 superba
1397 2037 1489 2075 pre-

170 2086 392 2136 szmzpcione
435 2093 584 2122 constat
629 2086 712 2122 Deo
756 2085 996 2121 contrarium
1043 2093 1077 2121 et
1120 2085 1174 2120 sic
1219 2084 1491 2132 presumendo

171 2145 293 2194 ipsum
340 2145 486 2180 seducit
537 2157 559 2180 a
605 2153 711 2180 statu
756 2143 903 2191 gracie,
951 2152 987 2179 et
1031 2142 1087 2179 sic
1133 2155 1172 2179 se
1218 2142 1312 2178 facit
1357 2143 1490 2190 quoad

171 2211 360 2252 quartum
407 2203 575 2250 gradum
631 2201 843 2238 existencie
897 2214 981 2238 esse
1035 2200 1172 2237 nichil.
1227 2202 1329 2237 Cum
1383 2199 1489 2236 enim

171 2270 338 2310 quartus
372 2262 518 2309 gradus
553 2260 766 2297 existencie
799 2259 967 2308 requirit
1001 2259 1179 2307 graciam
1205 2258 1488 2294 informantem

172 2329 208 2356 et
242 2332 312 2367 per
347 2331 596 2367 consequens
629 2318 795 2355 virtutes
836 2326 872 2354 et
912 2317 1196 2361 humilitatem,
1238 2325 1349 2364 patet
1383 2317 1491 2364 quod

171 2377 238 2426 qui
274 2377 424 2413 decidit
462 2378 510 2413 ab
553 2377 781 2413 humilitate
822 2385 858 2412 et
897 2375 1066 2411 caritate
1107 2375 1299 2420 fraterna,
1342 2373 1492 2410 decidit

172 2449 192 2472 a
227 2435 362 2483 gracia
395 2435 639 2471 informante
674 2444 710 2471 et
744 2433 839 2470 facit
873 2446 912 2469 se
936 2433 1067 2482 ipsum
1093 2432 1359 2481 spiritualiter
1384 2445 1490 2468 mor-

173 2503 285 2530 tuum
321 2502 357 2529 et
391 2493 446 2530 sic
480 2493 615 2538 nichil,
651 2502 686 2529 et
719 2505 789 2541 per
823 2504 1072 2540 consequens
1105 2503 1145 2527 se
1170 2491 1301 2539 ipsum
1327 2490 1490 2538 decipit,

173 2565 261 2588 cum
298 2553 517 2587 secundum
552 2551 713 2588 inanem
754 2549 984 2598 superbiam
1025 2550 1124 2586 falsa
1164 2557 1324 2597 reputat
1364 2550 1412 2584 de
1451 2560 1492 2584 se

172 2610 271 2658 ipso.
319 2611 367 2645 Et
406 2609 560 2646 utinam
600 2609 745 2657 prelati
785 2608 950 2645 ecclesie
990 2621 1010 2644 a
1052 2620 1157 2656 papa
1191 2619 1317 2656 usque
1351 2608 1398 2643 ad
1435 2605 1492 2642 in-

242 2765 261 2783 1.
283 2756 378 2783 Coa:
407 2756 608 2790 arguendum.
683 2754 707 2782 [3.
731 2755 825 2782 Coti:
854 2754 1089 2790 quantumlibet.
1170 2753 1193 2780 5.
1216 2753 1281 2780 (jod
1307 2763 1311 2780 :
1339 2752 1492 2779 stabilitur

171 2791 268 2818 twice.
342 2799 388 2826 2¹)-
412 2790 506 2818 Cod.:
535 2790 689 2826 superbia.

248 2873 295 2906 16.
331 2875 407 2906 Gal.
434 2875 492 2914 Vl,
519 2884 548 2906 2.
693 2873 746 2906 28.
779 2874 855 2905 Gai.
883 2874 939 2911 VI,
970 2873 998 2906 3.
1029 2873 1194 2915 Vulgate:
1229 2872 1323 2903 Nam
1358 2871 1387 2902 si
1419 2870 1492 2913 quis

171 2921 358 2953 existimat
383 2930 418 2953 se
444 2920 580 2964 aliquid
605 2930 689 2959 esse,
715 2929 792 2951 cum
818 2920 902 2952 nihil
927 2920 984 2959 sit,
1010 2919 1083 2961 ipse
1109 2928 1145 2951 se
1171 2917 1316 2950 seducit.

1505 1157 1554 1184 All
1578 1157 1732 1184 mcmbers
1750 1156 1785 1184 of

1511 1192 1560 1219 the
1581 1191 1704 1219 Church
1726 1200 1776 1219 are

1564 1227 1668 1254 bound
1690 1232 1720 1254 to

1533 1262 1650 1289 mutual
1673 1262 1752 1296 help.
