1944 3323
1660 244 1681 279 Εἴ)

1692 244 1708 279 υ.)

105 255 241 284 smnio
262 244 356 302 nu]
595 255 771 288 *suarm
798 255 923 287 PARs.
1630 257 1653 289 4

105 365 305 402 mendacii
339 377 420 401 non
453 372 510 400 est
534 363 711 399 medium
745 362 982 398 virtuosum.
1019 360 1237 406 Quomodo
1262 361 1419 407 (queso)

105 425 280 472 placeret
313 422 458 471 aliquis
490 421 649 458 veritati
682 420 931 457 contrarium
967 418 1143 455 faciens?

163 484 211 518 Et
244 490 353 530 patet
387 494 477 518 cum
511 481 587 516 hoc
622 478 900 527 multipliciter
933 477 1053 513 simul
1086 485 1123 513 et
1157 475 1280 512 semel
1314 476 1422 524 quod
1461 482 1566 519 Anger
1587 482 1691 520 dinc-15„

106 539 302 588 contingit
335 539 466 588 ipsum
507 537 746 575 menciendo
787 536 919 573 dicere
952 535 1178 581 veritatem,
1220 534 1288 571 sed
1329 533 1423 582 quia
1451 517 1705 579 ἧξζῗᾞᾞζᾏῖᾞζ

73 598 271 636 §affectus
311 597 486 634 hominis
530 597 751 633 secundum
798 594 900 632 iram
947 593 1219 631 communiter
1264 601 1423 641 pertur-
1439 583 1718 654 Ξῑξῇἓὲξῖἒᾨξιῃζὲἱ

105 658 235 703 batur,
270 656 361 692 ideo
395 657 513 692 docet
546 655 764 703 Apostolus
799 654 1006 702 quomodo
1041 650 1258 700 dispariter
1292 650 1350 687 ira
1383 662 1424 686 se
1475 639 1681 695 551131113'11‘01

106 716 225 752 habet
249 715 300 751 ad
333 712 611 758 mendacium3
647 711 842 760 contingit
876 711 981 748 enim
1017 710 1224 747 hominem
1248 708 1424 746 virtuose
1459 691 1692 762 pgffsfflsgfritxffie

106 773 237 819 irasci,
290 772 382 809 ideo
435 771 531 808 dicit
583 770 846 808 conformiter
899 771 949 806 ad
999 769 1203 805 Psalmum
1251 768 1337 813 IV0‚
1383 768 1424 802 5:
1524 761 1636 788 sinuer.

106 831 326 868 Irascimini
356 838 392 867 et
423 830 539 867 nolite
565 842 744 880 peccare.
780 830 881 866 Cum
916 827 1021 864 enim
1056 827 1106 863 sit
1138 826 1179 863 in
1210 833 1426 874 peccatore

51 907 90 928 10
107 890 251 938 duplex
274 888 397 936 racio,
432 889 584 926 scilicet
607 888 718 925 racio
741 900 819 936 qua
850 895 1038 923 naturam
1073 893 1281 930 consonat,
1316 884 1425 932 quod

107 957 165 985 est
197 947 400 985 laudabile
434 956 471 984 et
504 960 526 984 a
556 949 653 993 Deo,
688 954 798 995 patet
831 946 939 994 quod
972 943 1104 981 omnis
1137 944 1255 979 debet
1288 954 1427 990 quem-

107 1019 265 1056 cunque
310 1007 530 1042 secundum
576 1005 686 1041 illam
732 1003 938 1041 racionem
993 1004 1040 1038 de
1093 1010 1206 1038 tanto
1260 1000 1427 1048 diligere

107 1065 201 1113 quia
240 1064 444 1113 diligendo
484 1063 540 1100 sic
579 1072 767 1100 naturam
809 1060 968 1110 opificis
1007 1059 1138 1108 opifex
1170 1059 1236 1096 ille
1269 1058 1336 1107 qui
1370 1067 1428 1095 est

106 1125 213 1160 Deus
252 1122 445 1171 diligitur,
487 1131 524 1158 et
567 1134 657 1158 cum
699 1120 812 1158 odire
852 1128 888 1156 et
923 1118 1089 1167 diligere
1128 1117 1207 1154 sint
1239 1117 1280 1153 in
1313 1126 1427 1165 parte

52 1188 89 1221 15
106 1181 324 1227 contraria,
376 1189 487 1229 patet
539 1181 649 1229 quod
702 1177 916 1227 dupliciter
968 1175 1165 1224 contingit
1218 1174 1425 1212 hominem

105 1239 218 1277 odire
241 1239 364 1276 alium
388 1239 494 1275 licite
520 1247 557 1275 et
580 1237 732 1274 illicite.
767 1235 906 1274 Illicite
936 1236 1099 1284 quando
1129 1233 1215 1271 odit
1237 1243 1425 1271 naturam

105 1299 165 1335 vel
210 1298 342 1347 ipsum
391 1298 613 1334 secundum
666 1295 874 1333 racionem
921 1306 999 1342 qua
1044 1302 1102 1330 est
1141 1291 1214 1329 Dei
1260 1291 1426 1337 fabrica,

106 1370 200 1394 nam
235 1356 465 1405 quicunque
498 1355 620 1392 aliam
655 1363 882 1391 creaturam
917 1352 972 1389 sic
1005 1351 1137 1388 oderit
1169 1350 1254 1387 odit
1285 1353 1426 1396 Deum,

108 1416 216 1464 quod
263 1414 590 1463 inseparabiliter
635 1422 693 1450 est
740 1413 892 1449 malum
945 1409 1114 1459 peccati,
1168 1409 1280 1446 odire
1332 1422 1427 1446 vero

50 1490 91 1511 20
108 1474 262 1510 licitum
303 1482 340 1510 et
378 1473 627 1510 laudandum
675 1480 733 1508 est
778 1470 917 1507 odium
959 1482 1038 1517 quo
1079 1467 1166 1517 quis
1211 1468 1297 1504 odit
1336 1480 1427 1516 pec-

109 1541 241 1569 catum
277 1531 317 1568 in
349 1530 534 1580 proximo
567 1531 629 1567 vel
662 1542 702 1566 se
735 1529 836 1577 ipso.
872 1530 919 1564 Et
944 1527 1036 1564 talis
1060 1526 1119 1563 ira
1143 1526 1364 1575 precipitur
1388 1526 1427 1562 in

106 1591 303 1639 Apostolo
337 1599 375 1627 et
407 1589 633 1626 Psalmista.

165 1650 242 1685 Sed
282 1648 376 1697 quia
414 1647 577 1684 difficile
617 1646 773 1683 videtur
814 1645 1020 1682 racionem
1065 1652 1207 1680 nature
1253 1642 1427 1679 hominis
1449 1648 1473 1676 It
1493 1649 1518 1677 is
1540 1649 1667 1677 dii'ricult
1689 1654 1719 1676 to

107 1716 145 1744 et
177 1707 382 1744 racionem
417 1706 572 1755 peccati
606 1705 666 1741 sui
700 1717 722 1740 a
755 1716 795 1740 se
828 1703 997 1739 invicem
1034 1714 1133 1750 pure
1166 1701 1426 1749 distinguere,
1468 1685 1701 1746 disffffiffgtissffm

51 1765 199 1802 25ideo
233 1765 440 1813 subiungit
462 1764 703 1813 Apostolus:
739 1763 820 1805 Sol,
854 1761 998 1809 inquit,
1032 1774 1105 1796 non
1139 1760 1288 1796 occidat
1312 1772 1430 1808 super
1467 1755 1698 1816 {fbfhtffififffi

18 1818 349 1879 Folgiracundiam
391 1831 574 1860 vestram.
621 1820 829 1868 Contingit
875 1819 979 1856 enim
1021 1818 1122 1855 sicut
1152 1815 1156 1871 Ι
1186 1818 1335 1854 scimus
1380 1819 1428 1854 ab
1499 1798 1610 1864 uitiferi
1633 1802 1698 1864 [yx-⁹

13 1864 79 1907 ²39
109 1882 384 1930 experimento
436 1890 473 1918 et
526 1880 727 1928 scripture
774 1878 1008 1915 testimonio
1060 1877 1267 1913 hominem
1313 1876 1430 1912 irasci
1472 1864 1588 1894 ‘'¹³⁸³oe
1610 1864 1698 1894 spne.

110 1941 224 1977 alteri
259 1953 357 1989 pure
390 1948 556 1988 propter
589 1940 665 1975 hoc
689 1939 796 1986 quod
831 1946 971 1986 peccat
1007 1936 1045 1972 in
1070 1938 1212 1981 Deum,
1247 1935 1432 1971 faciendo

110 1999 183 2035 sibi
237 1999 425 2035 iniuriam
480 2011 599 2047 quem
656 1998 778 2033 homo
823 1997 912 2044 plus
960 1994 1090 2043 diligit
1134 2006 1255 2042 quam
1310 1993 1431 2030 aliam

53 2062 94 2094 '30
111 2065 359 2103 creaturam3
401 2065 438 2093 et
477 2069 548 2105 per
587 2067 838 2103 consequens
878 2063 921 2090 ut
961 2053 1017 2090 sic
1058 2061 1199 2101 peccat
1232 2052 1271 2088 in
1304 2061 1432 2088 totam

111 2115 338 2154 ecclesiam.
393 2113 601 2162 Contingit
653 2113 780 2150 eciam
833 2112 1004 2149 faciliter
1054 2111 1260 2148 hominem
1315 2110 1433 2146 irasci

111 2174 225 2210 alteri
265 2182 432 2223 propter
471 2172 696 2222 appetitum
740 2170 914 2208 vindicte
953 2170 1117 2219 proprie
1154 2169 1216 2206 vel
1263 2167 1433 2217 impedi-

112 2232 270 2269 cionem
321 2231 490 2269 alicuius
544 2230 689 2280 privati
741 2229 947 2266 commodi
993 2228 1243 2276 temporalis.
1298 2226 1433 2263 Primo

112 2292 235 2328 modo
268 2290 464 2336 Christus,
503 2290 591 2338 ipsa
629 2301 767 2337 ymmo
807 2287 995 2324 divinitas
1036 2286 1190 2323 homini
1226 2294 1283 2322 est
1316 2285 1432 2330 irata,

55 2354 94 2386 35
113 2362 203 2386 cum
246 2348 459 2386 Psalmista
497 2357 586 2385 orat
626 2347 786 2384 Psalmo
819 2348 905 2391 VIO,
942 2356 986 2382 2:
1031 2345 1198 2382 Domine
1242 2356 1360 2392 neque
1397 2343 1433 2378 in

101 2409 251 2457 surore
283 2415 347 2444 tuo
378 2407 572 2457 corripias
604 2418 675 2442 me.
709 2407 758 2441 Et
790 2404 867 2441 isto
901 2404 1024 2440 modo
1058 2402 1236 2440 creditur
1267 2404 1434 2450 Moysen
1482 2407 1549 2446 The
1571 2415 1627 2434 sun
1650 2408 1691 2434 (ot

113 2466 261 2503 iratum
278 2465 397 2503 fuisse
411 2463 606 2514 ydolatris
629 2463 670 2500 in
692 2462 940 2500 adoracione
955 2461 1069 2498 vituli
1089 2461 1432 2509 (Exod.XXX110),
1467 2443 1710 2513 Πὲἶξὶζοὲζῗξῗ)

115 2533 151 2560 et
197 2523 253 2560 sic
298 2523 494 2571 contingit
532 2524 581 2560 de
626 2521 714 2559 aliis
760 2520 991 2558 hominibus
1035 2519 1129 2557 licet
1173 2532 1280 2556 raro.
1319 2512 1724 2575 Tunc¹¹Q5312ss¹¹‡},2'¹sl²{,¹g¹1

115 2591 248 2619 autem
282 2582 342 2619 sol
376 2581 531 2619 iusticie
553 2581 614 2618 vel
646 2579 908 2628 splendencia
932 2577 1107 2616 racionis
1140 2577 1288 2615 occidit
1312 2589 1434 2625 supra
1473 2591 1569 2618 angm-
1590 2590 1628 2609 οη
1651 2566 1708 2608 iuli*

55 2640 367 2685 40i1·acundiam
392 2639 630 2689 passionati,
661 2639 824 2687 quando
848 2639 938 2686 plus
968 2645 1134 2685 propter
1156 2636 1433 2673 inordinatum
1473 2626 1542 2644 ’ΝΠ
1566 2621 1705 2644 πς”“ἠ”

116 2698 340 2747 appetitum
394 2698 571 2735 vindicte
619 2696 782 2745 proprie
827 2709 947 2745 quam
995 2704 1160 2744 propter
1208 2693 1432 2743 appetitum

115 2757 289 2793 vindicte
341 2757 483 2793 iniurie
538 2757 640 2793 facte
693 2755 822 2804 prime
882 2754 1038 2791 iusticie
1091 2753 1179 2801 quis
1234 2751 1433 2796 irascitur,

117 2905 127 2939 (
186 2869 227 2896 25.
248 2869 344 2937 §205³st
373 2877 433 2895 nou
456 2868 623 2903 subiungit.
733 2867 774 2898 35,
796 2866 842 2894 30.
864 2866 959 2894 (ζωὰς
988 2866 1119 2893 Domine
1149 2873 1183 2891 ne
1212 2873 1247 2891 ne
1274 2865 1303 2891 in
1333 2864 1435 2890 surore

131 2909 225 2931 recte:
247 2912 290 2931 ira
324 2909 384 2930 tua.
