1944 3323
143 271 279 301 sERMo
295 261 449 319 xxxix]
631 273 810 306 TERTIA
836 273 962 305 PARS.

143 380 355 427 virtuosas,
374 390 416 417 ut
440 389 561 430 patet,
578 380 764 417 videlicet
788 381 836 417 ab
862 379 1042 418 elacione
1066 380 1256 418 refrenati
1279 380 1460 417 tribuant

144 439 351 476 humiliter
390 448 516 476 totam
559 438 783 475 bonitatem
829 451 993 475 suorum
1040 452 1209 488 operum
1243 441 1328 475 Deo
1374 453 1458 476 suo.

203 499 280 535 Sed
335 507 444 535 sexta
495 496 805 534 circumstancia
859 497 1092 535 oracionem
1148 496 1370 534 bonificans
1424 507 1461 534 et

144 556 413 593 humilitatem
454 556 662 592 declarans
702 564 760 592 est
793 557 900 604 quod
942 555 1154 593 iniuriatus
1187 555 1228 592 in
1261 556 1367 593 facto
1399 556 1460 593 vel

109 620 125 652 5
143 616 265 651 verbo
289 627 362 651 non
387 623 552 651 econtra
577 615 717 650 reddat
740 614 883 650 malum
902 627 979 664 pro
1004 616 1105 651 malo
1130 615 1190 651 vel
1212 615 1458 651 maledictum

137 685 214 722 pro
237 673 440 709 maledicto
463 673 532 709 sed
554 685 573 709 e
595 673 793 709 contrario
816 673 1034 712 benedicat:
1065 675 1113 710 Et
1146 673 1255 710 illam
1280 673 1458 721 regulam

143 731 250 767 Petri
301 743 378 780 que
421 731 526 767 valet
571 743 711 768 omnes
762 731 919 779 regulas
971 731 1222 780 privatorum
1268 731 1457 768 ordinum

143 790 214 826 hee
255 791 331 826 due
370 789 449 826 filie
487 799 579 826 sunt
618 788 755 835 oblite,
797 802 886 826 cum
926 802 1007 826 non
1039 790 1116 826 sint
1155 790 1288 839 alique
1321 798 1458 838 gentes

143 848 204 884 vel
250 847 562 885 communitates
607 847 647 884 in
692 849 844 884 mundo
890 848 977 896 plus
1024 849 1084 884 vel
1130 847 1330 885 crudelius
1375 857 1458 885 tam

90 907 266 943 1overbo
318 919 439 955 quam
499 919 620 955 opere
672 915 867 955 quantum
920 906 1125 943 sufficiunt
1180 906 1458 952 vendicante53

142 966 211 1001 sed
250 964 289 1001 in
329 966 404 1001 hoc
445 964 638 1002 simulant
676 977 716 1001 se
759 973 939 1013 prestare
978 964 1231 1014 obsequium,
1273 967 1381 1014 quod
1421 964 1460 1001 in

143 1024 219 1060 hoc
243 1024 462 1060 defendunt
484 1036 578 1060 suos
610 1031 772 1060 sanctos
805 1023 980 1069 ordines,
1014 1025 1083 1060 sed
1116 1023 1299 1060 ordinem
1324 1031 1461 1061 sancte

143 1081 308 1118 ecclesie
347 1094 466 1130 quem
509 1081 692 1119 Christus
731 1080 905 1118 instituit
944 1094 990 1118 ac
1029 1095 1120 1118 suas
1166 1082 1324 1130 regulas
1369 1090 1461 1118 sunt

142 1140 269 1177 obliti.
305 1142 443 1176 Petrus
473 1139 579 1176 enim
605 1139 805 1177 convincit
835 1140 1014 1188 regulam
1046 1140 1164 1177 istam
1198 1153 1241 1177 ex
1270 1140 1460 1189 operibus

89 1201 125 1234 15
142 1198 304 1244 Christi,
339 1211 458 1247 quem
483 1200 675 1236 debemus
707 1207 917 1247 tamquam
950 1198 1338 1235 necessariissimum
1373 1212 1460 1247 pre—

141 1256 317 1305 positum
351 1256 521 1293 imitari:
561 1257 754 1304 Christus,
792 1256 935 1306 inquit,
970 1270 1112 1306 passus
1149 1265 1205 1294 est
1231 1270 1308 1307 pro
1341 1258 1460 1305 nobis,

141 1316 247 1351 nobis
286 1315 503 1364 relinquens
541 1316 776 1365 exemplum,
824 1323 863 1351 ut
905 1316 1119 1365 sequamini
1161 1316 1322 1366 vestigia
1367 1316 1460 1362 eius,

141 1374 205 1422 qui
241 1386 325 1410 cum
365 1374 678 1421 malediceretur,
719 1386 791 1409 non
832 1374 1095 1421 maledicebat,
1128 1387 1212 1410 cum
1242 1382 1460 1424 pateretur,

143 1444 214 1468 non
267 1433 574 1469 comminabatur
614 1434 648 1468 Ιἱι
684 1432 789 1468 Petri
836 1434 903 1479 110,
951 1442 1016 1478 21,
1066 1433 1131 1469 23.
1196 1434 1299 1469 Ecce
1352 1434 1459 1481 quod

86 1504 126 1526 20
144 1490 325 1527 Christus
364 1490 566 1527 infinitum
606 1502 799 1538 superans
840 1503 980 1527 omnes
1020 1491 1199 1540 privatos
1231 1491 1460 1540 prepositos

144 1561 262 1597 quem
317 1550 509 1586 debemus
561 1548 707 1597 singuli
760 1548 910 1586 imitari
963 1548 1003 1584 in
1055 1562 1096 1586 se
1141 1549 1311 1586 servavit
1356 1550 1460 1586 hanc

143 1608 322 1655 regulam
375 1616 411 1645 et
457 1607 584 1644 voluit
632 1607 761 1656 ipsam
813 1606 852 1644 in
903 1606 1069 1655 singulis
1124 1608 1206 1644 eius
1252 1607 1460 1656 discipulis

142 1666 359 1703 observari.
410 1668 457 1702 Et
496 1665 588 1702 hinc
621 1667 761 1702 Petrus
801 1665 1060 1702 immediatus
1100 1666 1248 1703 Christi
1287 1666 1461 1703 vicarius

141 1737 336 1773 superans
370 1725 442 1761 hos
475 1737 616 1761 omnes
649 1724 809 1761 ordines
834 1723 1061 1760 doctrinam
1086 1724 1202 1761 istam
1226 1724 1459 1773 ingeminat.

85 1787 124 1820 25
141 1784 223 1820 Nec
263 1782 428 1819 dubium
470 1782 566 1831 quin
611 1782 687 1819 ista
725 1783 861 1830 regula
907 1782 1108 1819 sufficeret
1148 1784 1236 1831 plus
1281 1783 1460 1831 privatos

141 1841 304 1878 ordines
333 1841 516 1889 regulare
546 1854 667 1890 quam
698 1853 838 1877 omnes
868 1853 936 1877 sue
964 1841 1120 1889 private
1143 1841 1208 1878 ille
1232 1841 1458 1878 adinvente.

140 1902 255 1936 Nunc
288 1899 393 1936 enim
428 1899 553 1947 magis
586 1899 808 1936 attenditur
841 1908 877 1935 et
910 1899 1110 1947 premium
1146 1909 1378 1948 expectatur
1411 1901 1458 1936 de

140 1958 401 1995 observancia
445 1957 599 2006 private
643 1958 778 2006 regule
823 1970 943 2006 quam
990 1958 1126 2006 regule
1165 1960 1256 1995 Jesu
1296 1958 1457 1995 Christi.

142 2018 220 2054 Sed
254 2016 350 2065 quid
384 2016 423 2053 in
457 2016 628 2065 collegio
661 2015 814 2052 infideli
849 2015 1150 2064 blasphemius?

1671 268 1748 316 327

1505 505 1533 533 6.
1554 506 1701 534 Returnin

1492 542 1573 576 good
1595 542 1643 569 for
1663 542 1707 569 evi
1725 563 1729 567 .

1480 738 1547 767 The
1568 739 1677 766 orders
1699 748 1749 767 arc

1530 774 1705 803 vindictive.

83 2079 126 2110 30
198 2077 344 2113 Forma
389 2084 522 2111 autem
568 2074 798 2112 vocacionis
850 2075 900 2111 ad
945 2074 1093 2111 Christi
1139 2075 1375 2122 religionem
1422 2079 1749 2115 etltisinblessing

142 2135 321 2182 regulam
367 2142 445 2170 stat
493 2133 533 2170 in
577 2133 668 2175 isto,
715 2140 754 2168 ut
799 2133 1054 2169 benedicendo
1094 2142 1131 2170 et
1169 2133 1458 2170 benefaciendo

141 2191 266 2228 eciam
302 2191 474 2229 inimicis
501 2192 771 2241 possideamus
803 2192 1067 2228 hereditatem.
1103 2193 1204 2229 Cum
1234 2191 1377 2240 triplex
1409 2192 1458 2229 sit

141 2251 279 2298 regula
319 2250 358 2286 in
397 2250 471 2287 ista
506 2249 686 2295 materia,
722 2249 854 2298 prima
888 2258 925 2286 et
958 2249 1096 2286 infima
1132 2259 1189 2287 est
1224 2251 1361 2299 regula
1394 2251 1455 2287 vel

142 2310 200 2345 lex
233 2308 396 2354 diaboli,
430 2317 472 2345 ut
504 2308 589 2357 ipse
623 2321 713 2345 curn
747 2307 935 2345 omnibus
970 2308 1161 2344 membris
1202 2309 1282 2345 suis
1315 2310 1457 2345 reddat

83 2367 379 2416 35regulariter
414 2368 563 2404 malum
598 2380 672 2415 pro
707 2368 834 2413 bono3
869 2368 1044 2403 secunda
1077 2367 1136 2403 lex
1162 2367 1300 2404 mundi
1334 2376 1391 2404 est
1415 2376 1457 2404 ut

141 2427 283 2463 reddat
306 2427 455 2462 bonurn
488 2438 561 2474 pro
591 2427 697 2462 bono
729 2434 765 2462 et
795 2425 945 2461 malum
977 2438 1050 2473 pro
1081 2426 1207 2472 malo3
1241 2427 1309 2462 sed
1333 2425 1457 2462 tercia

140 2485 200 2521 lex
245 2496 433 2533 suprema
480 2496 555 2532 que
601 2493 658 2520 est
705 2483 860 2520 celestis
901 2484 1093 2520 excedens
1133 2484 1235 2520 hanc
1281 2483 1455 2521 mediam

142 2552 199 2579 est
246 2543 306 2579 lex
351 2551 387 2579 et
421 2551 526 2578 secte
571 2555 639 2579 sue
685 2543 855 2579 reddens
901 2541 1137 2589 regulariter
1186 2544 1336 2579 bonum
1383 2555 1457 2591 pro

142 2601 263 2638 malo.
299 2600 409 2637 Licet
439 2609 572 2637 autem
598 2600 780 2637 Christus
810 2608 974 2636 econtra
1004 2601 1146 2637 reddat
1175 2601 1325 2638 malum
1357 2613 1458 2649 pene

208 2757 236 2780 4.
259 2747 353 2775 Cod.:
375 2747 562 2774 iniuritatus.
680 2746 707 2774 8.
730 2746 825 2774 Cod.:
847 2747 990 2782 obligate.
1107 2755 1134 2782 ς).
1156 2747 1252 2775 Cod.:
1275 2747 1392 2775 mundo
1413 2755 1455 2774 se.

139 2791 180 2810 10.
202 2783 297 2811 Cod.:
325 2782 546 2810 mendicantes,
624 2780 666 2809 33.
687 2782 721 2809 In
743 2790 857 2816 marg:
886 2790 905 2809 1.
987 2781 1029 2810 35.
1050 2782 1083 2810 In
1106 2791 1222 2818 marg:
1248 2790 1273 2810 2.
1354 2781 1401 2809 36.
1421 2781 1454 2809 In

138 2826 251 2853 marg:
279 2817 304 2845 3.
378 2816 422 2844 38.
445 2817 502 2853 lex,
525 2816 619 2844 adde:
642 2816 770 2845 Christi.

211 2912 240 2946 5.
268 2914 291 2946 Ι.
321 2914 409 2946 Petri
438 2913 492 2953 Ill,
517 2912 548 2945 8.

1498 2115 1561 2142 that
1581 2123 1627 2142 we
1648 2120 1731 2142 must

1510 2158 1635 2185 possess
1655 2158 1713 2177 our

1538 2185 1684 2220 heritage.
