<?xml version="1.0" encoding="UTF-8"?>
<!DOCTYPE html PUBLIC "-//W3C//DTD XHTML 1.0 Transitional//EN"
    "http://www.w3.org/TR/xhtml1/DTD/xhtml1-transitional.dtd">
<html xmlns="http://www.w3.org/1999/xhtml" xml:lang="en" lang="en">
 <head>
  <title>
</title>
<meta http-equiv="Content-Type" content="text/html;charset=utf-8" />
  <meta name='ocr-system' content='tesseract 3.04.00' />
  <meta name='ocr-capabilities' content='ocr_page ocr_carea ocr_par ocr_line ocrx_word'/>
</head>
<body>
  <div class='ocr_page' id='page_1' title='image "./iohanniswyclifse0703wycl_0227.png"; bbox 0 0 1944 3323; ppageno 0'>
   <div class='ocr_carea' id='block_1_1' title="bbox 215 226 1816 285">
    <p class='ocr_par' dir='ltr' id='par_1_1' title="bbox 215 226 1816 285">
     <span class='ocr_line' id='line_1_1' title="bbox 215 226 1816 285; baseline -0.001 -18"><span class='ocrx_word' id='word_1_1' title='bbox 215 239 351 267; x_wconf 81' lang='lat' dir='ltr'>SERMO</span> <span class='ocrx_word' id='word_1_2' title='bbox 372 226 500 285; x_wconf 62' lang='lat' dir='ltr'>xxvi]</span> <span class='ocrx_word' id='word_1_3' title='bbox 707 240 881 272; x_wconf 74' lang='lat' dir='ltr'>TERTIA</span> <span class='ocrx_word' id='word_1_4' title='bbox 907 240 1033 271; x_wconf 82' lang='lat' dir='ltr'>PARS.</span> <span class='ocrx_word' id='word_1_5' title='bbox 1741 229 1816 266; x_wconf 82' lang='lat'>205</span> 
     </span>
    </p>
   </div>
   <div class='ocr_carea' id='block_1_2' title="bbox 158 345 1837 2609">
    <p class='ocr_par' dir='ltr' id='par_1_2' title="bbox 212 345 1781 395">
     <span class='ocr_line' id='line_1_2' title="bbox 212 345 1781 395; baseline -0.004 -9"><span class='ocrx_word' id='word_1_6' title='bbox 212 349 450 386; x_wconf 80' lang='lat' dir='ltr'>lacrimatur</span> <span class='ocrx_word' id='word_1_7' title='bbox 493 360 565 384; x_wconf 89' lang='lat' dir='ltr'>nec</span> <span class='ocrx_word' id='word_1_8' title='bbox 606 360 753 395; x_wconf 82' lang='lat' dir='ltr'>corpus</span> <span class='ocrx_word' id='word_1_9' title='bbox 794 346 1049 383; x_wconf 84' lang='lat' dir='ltr'>fantasticum</span> <span class='ocrx_word' id='word_1_10' title='bbox 1098 345 1244 382; x_wconf 84' lang='lat' dir='ltr'>emittit</span> <span class='ocrx_word' id='word_1_11' title='bbox 1283 345 1532 393; x_wconf 71' lang='lat' dir='ltr'>sanguinem.</span> <span class='ocrx_word' id='word_1_12' title='bbox 1600 352 1781 390; x_wconf 63' lang='lat' dir='ltr'>&#39;1j11cybcar</span> 
     </span>
    </p>

    <p class='ocr_par' dir='ltr' id='par_1_3' title="bbox 214 392 1828 448">
     <span class='ocr_line' id='line_1_3' title="bbox 214 392 1828 448; baseline -0.003 -5"><span class='ocrx_word' id='word_1_13' title='bbox 214 410 261 443; x_wconf 84' lang='lat' dir='ltr'>Et</span> <span class='ocrx_word' id='word_1_14' title='bbox 302 407 355 443; x_wconf 90' lang='lat' dir='ltr'>hii</span> <span class='ocrx_word' id='word_1_15' title='bbox 395 416 474 443; x_wconf 89' lang='lat' dir='ltr'>tres</span> <span class='ocrx_word' id='word_1_16' title='bbox 513 418 592 442; x_wconf 86' lang='lat' dir='ltr'>non</span> <span class='ocrx_word' id='word_1_17' title='bbox 632 406 760 441; x_wconf 89' lang='lat' dir='ltr'>solum</span> <span class='ocrx_word' id='word_1_18' title='bbox 808 413 1006 441; x_wconf 82' lang='lat' dir='ltr'>testantur</span> <span class='ocrx_word' id='word_1_19' title='bbox 1045 403 1194 440; x_wconf 80' lang='lat' dir='ltr'>Christi</span> <span class='ocrx_word' id='word_1_20' title='bbox 1241 403 1532 440; x_wconf 82' lang='lat' dir='ltr'>humanitatem</span> <span class='ocrx_word' id='word_1_21' title='bbox 1551 392 1828 448; x_wconf 35' lang='lat' dir='ltr'>‹,niis¹1¹2ss⁴231¹ssf2t1⁷5</span> 
     </span>
    </p>

    <p class='ocr_par' dir='ltr' id='par_1_4' title="bbox 213 454 1820 519">
     <span class='ocr_line' id='line_1_4' title="bbox 213 454 1820 519; baseline -0.004 -17"><span class='ocrx_word' id='word_1_22' title='bbox 213 467 282 502; x_wconf 92' lang='lat' dir='ltr'>sed</span> <span class='ocrx_word' id='word_1_23' title='bbox 322 474 500 502; x_wconf 87' lang='lat' dir='ltr'>nostram</span> <span class='ocrx_word' id='word_1_24' title='bbox 544 463 872 511; x_wconf 87' lang='lat' dir='ltr'>redempcionem</span> <span class='ocrx_word' id='word_1_25' title='bbox 914 472 950 499; x_wconf 88' lang='lat' dir='ltr'>et</span> <span class='ocrx_word' id='word_1_26' title='bbox 991 462 1074 498; x_wconf 84' lang='lat' dir='ltr'>eius</span> <span class='ocrx_word' id='word_1_27' title='bbox 1120 461 1385 498; x_wconf 81' lang='lat' dir='ltr'>divinitatem.</span> <span class='ocrx_word' id='word_1_28' title='bbox 1432 464 1532 498; x_wconf 83' lang='lat' dir='ltr'>Nam</span> <span class='ocrx_word' id='word_1_29' title='bbox 1561 454 1820 519; x_wconf 35' lang='lat' dir='ltr'>¹22³5¹f¹fi¹[‘³[j’3³x1h?f{1v</span> 
     </span>
    </p>

    <p class='ocr_par' dir='ltr' id='par_1_5' title="bbox 180 515 1809 628">
     <span class='ocr_line' id='line_1_5' title="bbox 215 515 1809 572; baseline -0.004 -12"><span class='ocrx_word' id='word_1_30' title='bbox 215 537 284 572; x_wconf 84' lang='lat' dir='ltr'>per</span> <span class='ocrx_word' id='word_1_31' title='bbox 323 526 398 560; x_wconf 90' lang='lat' dir='ltr'>hoc</span> <span class='ocrx_word' id='word_1_32' title='bbox 432 523 539 571; x_wconf 86' lang='lat' dir='ltr'>quod</span> <span class='ocrx_word' id='word_1_33' title='bbox 572 521 708 558; x_wconf 87' lang='lat' dir='ltr'>anima</span> <span class='ocrx_word' id='word_1_34' title='bbox 742 521 947 558; x_wconf 87' lang='lat' dir='ltr'>descendit</span> <span class='ocrx_word' id='word_1_35' title='bbox 981 522 1029 557; x_wconf 90' lang='lat' dir='ltr'>ad</span> <span class='ocrx_word' id='word_1_36' title='bbox 1065 521 1212 557; x_wconf 83' lang='lat' dir='ltr'>inferos</span> <span class='ocrx_word' id='word_1_37' title='bbox 1247 520 1536 568; x_wconf 85' lang='lat' dir='ltr'>disrumpendo</span> <span class='ocrx_word' id='word_1_38' title='bbox 1622 515 1680 553; x_wconf 66' lang='lat' dir='ltr'>and</span> <span class='ocrx_word' id='word_1_39' title='bbox 1703 535 1760 565; x_wconf 77' lang='lat' dir='ltr'>our</span> <span class='ocrx_word' id='word_1_40' title='bbox 1802 523 1809 526; x_wconf 86' lang='lat'>&#39;</span> 
     </span>
     <span class='ocr_line' id='line_1_6' title="bbox 180 562 1794 628; baseline -0.004 -10"><span class='ocrx_word' id='word_1_41' title='bbox 180 583 389 618; x_wconf 79' lang='lat' dir='ltr'>Sclaustra</span> <span class='ocrx_word' id='word_1_42' title='bbox 419 580 582 626; x_wconf 83' lang='lat' dir='ltr'>diaboli,</span> <span class='ocrx_word' id='word_1_43' title='bbox 617 589 653 616; x_wconf 87' lang='lat' dir='ltr'>et</span> <span class='ocrx_word' id='word_1_44' title='bbox 677 593 746 628; x_wconf 80' lang='lat' dir='ltr'>per</span> <span class='ocrx_word' id='word_1_45' title='bbox 779 581 853 616; x_wconf 93' lang='lat' dir='ltr'>hoc</span> <span class='ocrx_word' id='word_1_46' title='bbox 882 581 988 627; x_wconf 88' lang='lat' dir='ltr'>quod</span> <span class='ocrx_word' id='word_1_47' title='bbox 1023 579 1184 626; x_wconf 77' lang='lat' dir='ltr'>sanguis</span> <span class='ocrx_word' id='word_1_48' title='bbox 1218 587 1255 614; x_wconf 89' lang='lat' dir='ltr'>et</span> <span class='ocrx_word' id='word_1_49' title='bbox 1279 591 1382 627; x_wconf 88' lang='lat' dir='ltr'>aqua</span> <span class='ocrx_word' id='word_1_50' title='bbox 1417 578 1535 614; x_wconf 83' lang='lat' dir='ltr'>simul</span> <span class='ocrx_word' id='word_1_51' title='bbox 1590 562 1794 596; x_wconf 58' lang='lat' dir='ltr'>redemptum.</span> 
     </span>
    </p>

    <p class='ocr_par' dir='ltr' id='par_1_6' title="bbox 215 637 1538 682">
     <span class='ocr_line' id='line_1_7' title="bbox 215 637 1538 682; baseline -0.004 -5"><span class='ocrx_word' id='word_1_52' title='bbox 215 640 392 677; x_wconf 88' lang='lat' dir='ltr'>exierunt</span> <span class='ocrx_word' id='word_1_53' title='bbox 432 640 479 675; x_wconf 87' lang='lat' dir='ltr'>de</span> <span class='ocrx_word' id='word_1_54' title='bbox 516 639 640 675; x_wconf 86' lang='lat' dir='ltr'>latere</span> <span class='ocrx_word' id='word_1_55' title='bbox 679 637 827 675; x_wconf 84' lang='lat' dir='ltr'>Christi</span> <span class='ocrx_word' id='word_1_56' title='bbox 868 637 947 674; x_wconf 86' lang='lat' dir='ltr'>iam</span> <span class='ocrx_word' id='word_1_57' title='bbox 990 637 1151 682; x_wconf 82' lang='lat' dir='ltr'>mortui,</span> <span class='ocrx_word' id='word_1_58' title='bbox 1196 646 1360 673; x_wconf 83' lang='lat' dir='ltr'>notatur</span> <span class='ocrx_word' id='word_1_59' title='bbox 1399 646 1538 673; x_wconf 89' lang='lat' dir='ltr'>nostra</span> 
     </span>
    </p>

    <p class='ocr_par' dir='ltr' id='par_1_7' title="bbox 214 696 1536 746">
     <span class='ocr_line' id='line_1_8' title="bbox 214 696 1536 746; baseline -0.002 -12"><span class='ocrx_word' id='word_1_60' title='bbox 214 697 460 746; x_wconf 86' lang='lat' dir='ltr'>redempcio,</span> <span class='ocrx_word' id='word_1_61' title='bbox 496 706 533 733; x_wconf 90' lang='lat' dir='ltr'>et</span> <span class='ocrx_word' id='word_1_62' title='bbox 567 709 658 733; x_wconf 87' lang='lat' dir='ltr'>curn</span> <span class='ocrx_word' id='word_1_63' title='bbox 691 696 822 732; x_wconf 86' lang='lat' dir='ltr'>nullus</span> <span class='ocrx_word' id='word_1_64' title='bbox 855 708 953 744; x_wconf 87' lang='lat' dir='ltr'>pure</span> <span class='ocrx_word' id='word_1_65' title='bbox 988 696 1109 732; x_wconf 89' lang='lat' dir='ltr'>homo</span> <span class='ocrx_word' id='word_1_66' title='bbox 1143 696 1262 731; x_wconf 88' lang='lat' dir='ltr'>habet</span> <span class='ocrx_word' id='word_1_67' title='bbox 1295 704 1536 743; x_wconf 86' lang='lat' dir='ltr'>potestatem</span> 
     </span>
    </p>

    <p class='ocr_par' dir='ltr' id='par_1_8' title="bbox 214 754 1538 803">
     <span class='ocr_line' id='line_1_9' title="bbox 214 754 1538 803; baseline -0.003 -10"><span class='ocrx_word' id='word_1_68' title='bbox 214 757 270 793; x_wconf 87' lang='lat' dir='ltr'>sic</span> <span class='ocrx_word' id='word_1_69' title='bbox 304 755 513 793; x_wconf 87' lang='lat' dir='ltr'>emittendi</span> <span class='ocrx_word' id='word_1_70' title='bbox 546 768 693 803; x_wconf 89' lang='lat' dir='ltr'>aquam</span> <span class='ocrx_word' id='word_1_71' title='bbox 728 763 764 791; x_wconf 92' lang='lat' dir='ltr'>et</span> <span class='ocrx_word' id='word_1_72' title='bbox 797 754 1033 802; x_wconf 76' lang='lat' dir='ltr'>sanguinem</span> <span class='ocrx_word' id='word_1_73' title='bbox 1070 755 1117 790; x_wconf 91' lang='lat' dir='ltr'>de</span> <span class='ocrx_word' id='word_1_74' title='bbox 1151 767 1222 790; x_wconf 90' lang='lat' dir='ltr'>suo</span> <span class='ocrx_word' id='word_1_75' title='bbox 1256 754 1392 798; x_wconf 79' lang='lat' dir='ltr'>latere,</span> <span class='ocrx_word' id='word_1_76' title='bbox 1428 762 1538 801; x_wconf 89' lang='lat' dir='ltr'>patet</span> 
     </span>
    </p>

    <p class='ocr_par' dir='ltr' id='par_1_9' title="bbox 162 811 1540 918">
     <span class='ocr_line' id='line_1_10' title="bbox 215 811 1539 860; baseline -0.003 -9"><span class='ocrx_word' id='word_1_77' title='bbox 215 814 364 851; x_wconf 84' lang='lat' dir='ltr'>Christi</span> <span class='ocrx_word' id='word_1_78' title='bbox 403 813 602 859; x_wconf 75' lang='lat' dir='ltr'>divinitas,</span> <span class='ocrx_word' id='word_1_79' title='bbox 645 822 682 849; x_wconf 89' lang='lat' dir='ltr'>et</span> <span class='ocrx_word' id='word_1_80' title='bbox 721 812 777 849; x_wconf 89' lang='lat' dir='ltr'>sic</span> <span class='ocrx_word' id='word_1_81' title='bbox 819 812 893 849; x_wconf 89' lang='lat' dir='ltr'>iste</span> <span class='ocrx_word' id='word_1_82' title='bbox 931 812 1075 860; x_wconf 81' lang='lat' dir='ltr'>triplex</span> <span class='ocrx_word' id='word_1_83' title='bbox 1108 811 1219 848; x_wconf 90' lang='lat' dir='ltr'>testis</span> <span class='ocrx_word' id='word_1_84' title='bbox 1253 812 1373 848; x_wconf 90' lang='lat' dir='ltr'>simul</span> <span class='ocrx_word' id='word_1_85' title='bbox 1407 811 1539 848; x_wconf 84' lang='lat' dir='ltr'>reddit</span> 
     </span>
     <span class='ocr_line' id='line_1_11' title="bbox 162 869 1540 918; baseline -0.001 -11"><span class='ocrx_word' id='word_1_86' title='bbox 162 872 492 909; x_wconf 83' lang='lat' dir='ltr'>10testim0nium</span> <span class='ocrx_word' id='word_1_87' title='bbox 533 873 582 908; x_wconf 87' lang='lat' dir='ltr'>ad</span> <span class='ocrx_word' id='word_1_88' title='bbox 622 873 693 908; x_wconf 91' lang='lat' dir='ltr'>hec</span> <span class='ocrx_word' id='word_1_89' title='bbox 740 870 829 907; x_wconf 89' lang='lat' dir='ltr'>tria.</span> <span class='ocrx_word' id='word_1_90' title='bbox 876 872 975 907; x_wconf 89' lang='lat' dir='ltr'>Cum</span> <span class='ocrx_word' id='word_1_91' title='bbox 1024 883 1119 918; x_wconf 81' lang='lat' dir='ltr'>ergo</span> <span class='ocrx_word' id='word_1_92' title='bbox 1165 870 1386 918; x_wconf 82' lang='lat' dir='ltr'>accipimus</span> <span class='ocrx_word' id='word_1_93' title='bbox 1431 869 1540 906; x_wconf 86' lang='lat' dir='ltr'>testi-</span> 
     </span>
    </p>

    <p class='ocr_par' dir='ltr' id='par_1_10' title="bbox 216 928 1538 978">
     <span class='ocr_line' id='line_1_12' title="bbox 216 928 1538 978; baseline -0.003 -10"><span class='ocrx_word' id='word_1_94' title='bbox 216 931 398 968; x_wconf 88' lang='lat' dir='ltr'>monium</span> <span class='ocrx_word' id='word_1_95' title='bbox 438 930 648 967; x_wconf 88' lang='lat' dir='ltr'>hominum</span> <span class='ocrx_word' id='word_1_96' title='bbox 690 929 757 978; x_wconf 85' lang='lat' dir='ltr'>qui</span> <span class='ocrx_word' id='word_1_97' title='bbox 799 938 965 977; x_wconf 76' lang='lat' dir='ltr'>possunt</span> <span class='ocrx_word' id='word_1_98' title='bbox 1005 928 1165 965; x_wconf 87' lang='lat' dir='ltr'>mentiri</span> <span class='ocrx_word' id='word_1_99' title='bbox 1200 930 1249 964; x_wconf 89' lang='lat' dir='ltr'>ad</span> <span class='ocrx_word' id='word_1_100' title='bbox 1282 929 1538 976; x_wconf 76' lang='lat' dir='ltr'>probandum</span> 
     </span>
    </p>

    <p class='ocr_par' dir='ltr' id='par_1_11' title="bbox 214 986 1540 1038">
     <span class='ocr_line' id='line_1_13' title="bbox 214 986 1540 1038; baseline -0.003 -12"><span class='ocrx_word' id='word_1_101' title='bbox 214 989 397 1038; x_wconf 79' lang='lat' dir='ltr'>legaliter</span> <span class='ocrx_word' id='word_1_102' title='bbox 412 989 518 1026; x_wconf 88' lang='lat' dir='ltr'>facta</span> <span class='ocrx_word' id='word_1_103' title='bbox 533 988 784 1031; x_wconf 78' lang='lat' dir='ltr'>abscondita,</span> <span class='ocrx_word' id='word_1_104' title='bbox 805 996 957 1036; x_wconf 87' lang='lat' dir='ltr'>quanto</span> <span class='ocrx_word' id='word_1_105' title='bbox 975 986 1100 1035; x_wconf 80' lang='lat' dir='ltr'>magis</span> <span class='ocrx_word' id='word_1_106' title='bbox 1118 987 1310 1022; x_wconf 87' lang='lat' dir='ltr'>debemus</span> <span class='ocrx_word' id='word_1_107' title='bbox 1328 995 1540 1035; x_wconf 81' lang='lat' dir='ltr'>acceptare</span> 
     </span>
    </p>

    <p class='ocr_par' dir='ltr' id='par_1_12' title="bbox 214 1044 1540 1097">
     <span class='ocr_line' id='line_1_14' title="bbox 214 1044 1540 1097; baseline -0.003 -13"><span class='ocrx_word' id='word_1_108' title='bbox 214 1061 288 1097; x_wconf 86' lang='lat' dir='ltr'>pro</span> <span class='ocrx_word' id='word_1_109' title='bbox 320 1046 487 1084; x_wconf 84' lang='lat' dir='ltr'>veritate</span> <span class='ocrx_word' id='word_1_110' title='bbox 521 1048 610 1095; x_wconf 87' lang='lat' dir='ltr'>plus</span> <span class='ocrx_word' id='word_1_111' title='bbox 644 1047 782 1095; x_wconf 86' lang='lat' dir='ltr'>patula</span> <span class='ocrx_word' id='word_1_112' title='bbox 817 1046 961 1094; x_wconf 85' lang='lat' dir='ltr'>duplex</span> <span class='ocrx_word' id='word_1_113' title='bbox 996 1045 1066 1081; x_wconf 91' lang='lat' dir='ltr'>Dei</span> <span class='ocrx_word' id='word_1_114' title='bbox 1100 1044 1378 1081; x_wconf 86' lang='lat' dir='ltr'>testimonium</span> <span class='ocrx_word' id='word_1_115' title='bbox 1413 1044 1540 1093; x_wconf 87' lang='lat' dir='ltr'>tripli-</span> 
     </span>
    </p>

    <p class='ocr_par' dir='ltr' id='par_1_13' title="bbox 162 1103 1542 1214">
     <span class='ocr_line' id='line_1_15' title="bbox 215 1103 1541 1152; baseline -0.003 -9"><span class='ocrx_word' id='word_1_116' title='bbox 215 1115 363 1143; x_wconf 87' lang='lat' dir='ltr'>catum.</span> <span class='ocrx_word' id='word_1_117' title='bbox 398 1108 499 1142; x_wconf 86' lang='lat' dir='ltr'>Nam</span> <span class='ocrx_word' id='word_1_118' title='bbox 534 1106 610 1141; x_wconf 88' lang='lat' dir='ltr'>hoc</span> <span class='ocrx_word' id='word_1_119' title='bbox 642 1104 785 1152; x_wconf 82' lang='lat' dir='ltr'>triplex</span> <span class='ocrx_word' id='word_1_120' title='bbox 808 1103 1086 1140; x_wconf 88' lang='lat' dir='ltr'>testimonium</span> <span class='ocrx_word' id='word_1_121' title='bbox 1120 1103 1160 1139; x_wconf 90' lang='lat' dir='ltr'>in</span> <span class='ocrx_word' id='word_1_122' title='bbox 1194 1112 1301 1140; x_wconf 90' lang='lat' dir='ltr'>terra</span> <span class='ocrx_word' id='word_1_123' title='bbox 1335 1116 1426 1139; x_wconf 86' lang='lat' dir='ltr'>cum</span> <span class='ocrx_word' id='word_1_124' title='bbox 1460 1116 1541 1139; x_wconf 89' lang='lat' dir='ltr'>non</span> 
     </span>
     <span class='ocr_line' id='line_1_16' title="bbox 162 1161 1542 1214; baseline -0.001 -15"><span class='ocrx_word' id='word_1_125' title='bbox 162 1167 198 1199; x_wconf 81' lang='lat'>15</span> <span class='ocrx_word' id='word_1_126' title='bbox 215 1164 341 1214; x_wconf 91' lang='lat' dir='ltr'>possit</span> <span class='ocrx_word' id='word_1_127' title='bbox 379 1163 435 1200; x_wconf 91' lang='lat' dir='ltr'>sic</span> <span class='ocrx_word' id='word_1_128' title='bbox 473 1162 694 1209; x_wconf 86' lang='lat' dir='ltr'>testificari,</span> <span class='ocrx_word' id='word_1_129' title='bbox 739 1162 816 1199; x_wconf 87' lang='lat' dir='ltr'>nisi</span> <span class='ocrx_word' id='word_1_130' title='bbox 863 1175 905 1199; x_wconf 86' lang='lat' dir='ltr'>ex</span> <span class='ocrx_word' id='word_1_131' title='bbox 945 1161 1080 1199; x_wconf 91' lang='lat' dir='ltr'>divino</span> <span class='ocrx_word' id='word_1_132' title='bbox 1119 1161 1264 1210; x_wconf 85' lang='lat' dir='ltr'>spiritu</span> <span class='ocrx_word' id='word_1_133' title='bbox 1304 1161 1542 1198; x_wconf 78' lang='lat' dir='ltr'>naturaliter</span> 
     </span>
    </p>

    <p class='ocr_par' dir='ltr' id='par_1_14' title="bbox 216 1220 1541 1271">
     <span class='ocr_line' id='line_1_17' title="bbox 216 1220 1541 1271; baseline -0.003 -12"><span class='ocrx_word' id='word_1_134' title='bbox 216 1231 436 1268; x_wconf 78' lang='lat' dir='ltr'>moveatur,</span> <span class='ocrx_word' id='word_1_135' title='bbox 478 1231 588 1271; x_wconf 86' lang='lat' dir='ltr'>patet</span> <span class='ocrx_word' id='word_1_136' title='bbox 622 1222 731 1270; x_wconf 88' lang='lat' dir='ltr'>quod</span> <span class='ocrx_word' id='word_1_137' title='bbox 771 1230 828 1258; x_wconf 90' lang='lat' dir='ltr'>est</span> <span class='ocrx_word' id='word_1_138' title='bbox 861 1220 932 1257; x_wconf 90' lang='lat' dir='ltr'>Dei</span> <span class='ocrx_word' id='word_1_139' title='bbox 965 1220 1263 1259; x_wconf 82' lang='lat' dir='ltr'>testimonium:</span> <span class='ocrx_word' id='word_1_140' title='bbox 1311 1220 1401 1256; x_wconf 90' lang='lat' dir='ltr'>ideo</span> <span class='ocrx_word' id='word_1_141' title='bbox 1446 1220 1541 1256; x_wconf 89' lang='lat' dir='ltr'>dicit</span> 
     </span>
    </p>

    <p class='ocr_par' dir='ltr' id='par_1_15' title="bbox 214 1278 1542 1329">
     <span class='ocr_line' id='line_1_18' title="bbox 214 1278 1542 1329; baseline -0.003 -11"><span class='ocrx_word' id='word_1_142' title='bbox 214 1281 416 1319; x_wconf 72' lang='lat' dir='ltr'>=Iohannes</span> <span class='ocrx_word' id='word_1_143' title='bbox 439 1289 634 1329; x_wconf 84' lang='lat' dir='ltr'>quantum</span> <span class='ocrx_word' id='word_1_144' title='bbox 659 1281 709 1316; x_wconf 88' lang='lat' dir='ltr'>ad</span> <span class='ocrx_word' id='word_1_145' title='bbox 733 1279 1010 1316; x_wconf 86' lang='lat' dir='ltr'>testimonium</span> <span class='ocrx_word' id='word_1_146' title='bbox 1034 1287 1116 1315; x_wconf 90' lang='lat' dir='ltr'>tam</span> <span class='ocrx_word' id='word_1_147' title='bbox 1149 1278 1370 1315; x_wconf 71' lang='lat' dir='ltr'>divinitatis</span> <span class='ocrx_word' id='word_1_148' title='bbox 1393 1278 1542 1314; x_wconf 89' lang='lat' dir='ltr'>Christi</span> 
     </span>
    </p>

    <p class='ocr_par' dir='ltr' id='par_1_16' title="bbox 217 1337 1540 1389">
     <span class='ocr_line' id='line_1_19' title="bbox 217 1337 1540 1389; baseline -0.003 -13"><span class='ocrx_word' id='word_1_149' title='bbox 217 1353 338 1389; x_wconf 88' lang='lat' dir='ltr'>quam</span> <span class='ocrx_word' id='word_1_150' title='bbox 364 1340 446 1376; x_wconf 83' lang='lat' dir='ltr'>eius</span> <span class='ocrx_word' id='word_1_151' title='bbox 471 1337 751 1375; x_wconf 83' lang='lat' dir='ltr'>humanitatis:</span> <span class='ocrx_word' id='word_1_152' title='bbox 783 1338 987 1382; x_wconf 74' lang='lat' dir='ltr'>Quoniam,</span> <span class='ocrx_word' id='word_1_153' title='bbox 1011 1337 1154 1386; x_wconf 89' lang='lat' dir='ltr'>inquit,</span> <span class='ocrx_word' id='word_1_154' title='bbox 1188 1338 1259 1373; x_wconf 83' lang='lat' dir='ltr'>lzoc</span> <span class='ocrx_word' id='word_1_155' title='bbox 1281 1338 1540 1373; x_wconf 72' lang='lat' dir='ltr'>testimonium</span> 
     </span>
    </p>

    <p class='ocr_par' dir='ltr' id='par_1_17' title="bbox 158 1396 1544 1505">
     <span class='ocr_line' id='line_1_20' title="bbox 216 1396 1544 1447; baseline -0.003 -13"><span class='ocrx_word' id='word_1_156' title='bbox 216 1399 304 1445; x_wconf 83' lang='lat' dir='ltr'>Dei,</span> <span class='ocrx_word' id='word_1_157' title='bbox 329 1399 430 1447; x_wconf 83' lang='lat' dir='ltr'>quod</span> <span class='ocrx_word' id='word_1_158' title='bbox 452 1398 578 1434; x_wconf 78' lang='lat' dir='ltr'>maius</span> <span class='ocrx_word' id='word_1_159' title='bbox 601 1404 669 1442; x_wconf 76' lang='lat' dir='ltr'>est,</span> <span class='ocrx_word' id='word_1_160' title='bbox 702 1397 880 1446; x_wconf 78' lang='lat' dir='ltr'>quoniam</span> <span class='ocrx_word' id='word_1_161' title='bbox 915 1396 1141 1446; x_wconf 76' lang='lat' dir='ltr'>testificatus</span> <span class='ocrx_word' id='word_1_162' title='bbox 1174 1403 1229 1432; x_wconf 82' lang='lat' dir='ltr'>est</span> <span class='ocrx_word' id='word_1_163' title='bbox 1263 1396 1309 1431; x_wconf 79' lang='lat' dir='ltr'>de</span> <span class='ocrx_word' id='word_1_164' title='bbox 1330 1396 1420 1446; x_wconf 78' lang='lat' dir='ltr'>filio</span> <span class='ocrx_word' id='word_1_165' title='bbox 1453 1408 1544 1437; x_wconf 79' lang='lat' dir='ltr'>suo,-</span> 
     </span>
     <span class='ocr_line' id='line_1_21' title="bbox 158 1453 1542 1505; baseline -0.002 -13"><span class='ocrx_word' id='word_1_166' title='bbox 158 1469 201 1492; x_wconf 87' lang='lat'>20</span> <span class='ocrx_word' id='word_1_167' title='bbox 218 1458 307 1503; x_wconf 86' lang='lat' dir='ltr'>hoc,</span> <span class='ocrx_word' id='word_1_168' title='bbox 341 1456 522 1505; x_wconf 86' lang='lat' dir='ltr'>inquam,</span> <span class='ocrx_word' id='word_1_169' title='bbox 556 1456 700 1504; x_wconf 88' lang='lat' dir='ltr'>duplex</span> <span class='ocrx_word' id='word_1_170' title='bbox 740 1454 1018 1491; x_wconf 90' lang='lat' dir='ltr'>testimonium</span> <span class='ocrx_word' id='word_1_171' title='bbox 1057 1453 1307 1502; x_wconf 85' lang='lat' dir='ltr'>triplicatum</span> <span class='ocrx_word' id='word_1_172' title='bbox 1342 1463 1399 1490; x_wconf 90' lang='lat' dir='ltr'>est</span> <span class='ocrx_word' id='word_1_173' title='bbox 1433 1454 1542 1490; x_wconf 90' lang='lat' dir='ltr'>testi-</span> 
     </span>
    </p>

    <p class='ocr_par' dir='ltr' id='par_1_18' title="bbox 218 1512 1540 1562">
     <span class='ocr_line' id='line_1_22' title="bbox 218 1512 1540 1562; baseline -0.004 -10"><span class='ocrx_word' id='word_1_174' title='bbox 218 1515 399 1552; x_wconf 88' lang='lat' dir='ltr'>monium</span> <span class='ocrx_word' id='word_1_175' title='bbox 416 1514 488 1551; x_wconf 89' lang='lat' dir='ltr'>Dei</span> <span class='ocrx_word' id='word_1_176' title='bbox 511 1518 569 1559; x_wconf 89' lang='lat' dir='ltr'>(ut</span> <span class='ocrx_word' id='word_1_177' title='bbox 592 1522 702 1562; x_wconf 84' lang='lat' dir='ltr'>patet</span> <span class='ocrx_word' id='word_1_178' title='bbox 727 1526 770 1550; x_wconf 89' lang='lat' dir='ltr'>ex</span> <span class='ocrx_word' id='word_1_179' title='bbox 793 1513 938 1559; x_wconf 86' lang='lat' dir='ltr'>dictis).</span> <span class='ocrx_word' id='word_1_180' title='bbox 973 1515 1021 1548; x_wconf 83' lang='lat' dir='ltr'>Et</span> <span class='ocrx_word' id='word_1_181' title='bbox 1039 1513 1116 1548; x_wconf 91' lang='lat' dir='ltr'>hoc</span> <span class='ocrx_word' id='word_1_182' title='bbox 1140 1512 1246 1549; x_wconf 90' lang='lat' dir='ltr'>idem</span> <span class='ocrx_word' id='word_1_183' title='bbox 1263 1512 1540 1549; x_wconf 89' lang='lat' dir='ltr'>testimonium</span> 
     </span>
    </p>

    <p class='ocr_par' dir='ltr' id='par_1_19' title="bbox 216 1571 1541 1620">
     <span class='ocr_line' id='line_1_23' title="bbox 216 1571 1541 1620; baseline -0.003 -10"><span class='ocrx_word' id='word_1_184' title='bbox 216 1582 387 1610; x_wconf 87' lang='lat' dir='ltr'>testatur</span> <span class='ocrx_word' id='word_1_185' title='bbox 420 1574 467 1609; x_wconf 90' lang='lat' dir='ltr'>de</span> <span class='ocrx_word' id='word_1_186' title='bbox 491 1572 563 1609; x_wconf 92' lang='lat' dir='ltr'>Dei</span> <span class='ocrx_word' id='word_1_187' title='bbox 597 1572 680 1608; x_wconf 89' lang='lat' dir='ltr'>filio</span> <span class='ocrx_word' id='word_1_188' title='bbox 714 1573 822 1620; x_wconf 87' lang='lat' dir='ltr'>quod</span> <span class='ocrx_word' id='word_1_189' title='bbox 856 1571 905 1607; x_wconf 87' lang='lat' dir='ltr'>sit</span> <span class='ocrx_word' id='word_1_190' title='bbox 927 1583 1043 1607; x_wconf 76' lang='lat' dir='ltr'>verus</span> <span class='ocrx_word' id='word_1_191' title='bbox 1069 1573 1174 1606; x_wconf 89' lang='lat' dir='ltr'>Deus</span> <span class='ocrx_word' id='word_1_192' title='bbox 1208 1579 1246 1607; x_wconf 88' lang='lat' dir='ltr'>et</span> <span class='ocrx_word' id='word_1_193' title='bbox 1269 1583 1384 1606; x_wconf 68' lang='lat' dir='ltr'>verus</span> <span class='ocrx_word' id='word_1_194' title='bbox 1418 1571 1541 1607; x_wconf 92' lang='lat' dir='ltr'>homo</span> 
     </span>
    </p>

    <p class='ocr_par' dir='ltr' id='par_1_20' title="bbox 217 1628 1543 1680">
     <span class='ocr_line' id='line_1_24' title="bbox 217 1628 1543 1680; baseline -0.003 -12"><span class='ocrx_word' id='word_1_195' title='bbox 217 1641 254 1669; x_wconf 92' lang='lat' dir='ltr'>et</span> <span class='ocrx_word' id='word_1_196' title='bbox 286 1645 357 1680; x_wconf 89' lang='lat' dir='ltr'>per</span> <span class='ocrx_word' id='word_1_197' title='bbox 390 1643 638 1679; x_wconf 85' lang='lat' dir='ltr'>consequens</span> <span class='ocrx_word' id='word_1_198' title='bbox 671 1630 831 1678; x_wconf 83' lang='lat' dir='ltr'>gemina</span> <span class='ocrx_word' id='word_1_199' title='bbox 864 1628 1146 1665; x_wconf 86' lang='lat' dir='ltr'>substancialis</span> <span class='ocrx_word' id='word_1_200' title='bbox 1179 1638 1335 1665; x_wconf 87' lang='lat' dir='ltr'>natura.</span> <span class='ocrx_word' id='word_1_201' title='bbox 1371 1631 1419 1664; x_wconf 85' lang='lat' dir='ltr'>Et</span> <span class='ocrx_word' id='word_1_202' title='bbox 1452 1628 1543 1664; x_wconf 91' lang='lat' dir='ltr'>ulti-</span> 
     </span>
    </p>

    <p class='ocr_par' dir='ltr' id='par_1_21' title="bbox 161 1687 1543 1797">
     <span class='ocr_line' id='line_1_25' title="bbox 218 1687 1543 1736; baseline -0.003 -10"><span class='ocrx_word' id='word_1_203' title='bbox 218 1703 324 1726; x_wconf 87' lang='lat' dir='ltr'>mam</span> <span class='ocrx_word' id='word_1_204' title='bbox 358 1689 562 1726; x_wconf 86' lang='lat' dir='ltr'>racionem</span> <span class='ocrx_word' id='word_1_205' title='bbox 595 1690 796 1725; x_wconf 85' lang='lat' dir='ltr'>Johannes</span> <span class='ocrx_word' id='word_1_206' title='bbox 830 1687 1015 1736; x_wconf 87' lang='lat' dir='ltr'>exprimit</span> <span class='ocrx_word' id='word_1_207' title='bbox 1048 1700 1118 1735; x_wconf 90' lang='lat' dir='ltr'>per</span> <span class='ocrx_word' id='word_1_208' title='bbox 1152 1688 1223 1723; x_wconf 88' lang='lat' dir='ltr'>hec</span> <span class='ocrx_word' id='word_1_209' title='bbox 1263 1689 1401 1723; x_wconf 65' lang='lat' dir='ltr'>verba:</span> <span class='ocrx_word' id='word_1_210' title='bbox 1455 1687 1543 1731; x_wconf 78' lang='lat' dir='ltr'>Qui,</span> 
     </span>
     <span class='ocr_line' id='line_1_26' title="bbox 161 1746 1540 1797; baseline -0.002 -14"><span class='ocrx_word' id='word_1_211' title='bbox 161 1748 361 1797; x_wconf 84' lang='lat' dir='ltr'>25inquit,</span> <span class='ocrx_word' id='word_1_212' title='bbox 396 1748 519 1784; x_wconf 79' lang='lat' dir='ltr'>credit</span> <span class='ocrx_word' id='word_1_213' title='bbox 551 1747 586 1783; x_wconf 82' lang='lat' dir='ltr'>in</span> <span class='ocrx_word' id='word_1_214' title='bbox 608 1747 740 1797; x_wconf 84' lang='lat' dir='ltr'>filium</span> <span class='ocrx_word' id='word_1_215' title='bbox 765 1747 853 1793; x_wconf 78' lang='lat' dir='ltr'>Dei,</span> <span class='ocrx_word' id='word_1_216' title='bbox 886 1747 999 1782; x_wconf 76' lang='lat' dir='ltr'>habet</span> <span class='ocrx_word' id='word_1_217' title='bbox 1030 1746 1289 1782; x_wconf 78' lang='lat' dir='ltr'>testimonium</span> <span class='ocrx_word' id='word_1_218' title='bbox 1314 1746 1391 1781; x_wconf 81' lang='lat' dir='ltr'>Dei</span> <span class='ocrx_word' id='word_1_219' title='bbox 1422 1746 1457 1781; x_wconf 81' lang='lat' dir='ltr'>in</span> <span class='ocrx_word' id='word_1_220' title='bbox 1490 1758 1540 1781; x_wconf 81' lang='lat' dir='ltr'>se.</span> 
     </span>
    </p>

    <p class='ocr_par' dir='ltr' id='par_1_22' title="bbox 218 1803 1542 1855">
     <span class='ocr_line' id='line_1_27' title="bbox 218 1803 1542 1855; baseline -0.003 -12"><span class='ocrx_word' id='word_1_221' title='bbox 218 1809 273 1843; x_wconf 88' lang='lat' dir='ltr'>Ex</span> <span class='ocrx_word' id='word_1_222' title='bbox 311 1819 390 1855; x_wconf 88' lang='lat' dir='ltr'>quo</span> <span class='ocrx_word' id='word_1_223' title='bbox 423 1814 531 1842; x_wconf 87' lang='lat' dir='ltr'>textu</span> <span class='ocrx_word' id='word_1_224' title='bbox 571 1805 705 1841; x_wconf 89' lang='lat' dir='ltr'>multis</span> <span class='ocrx_word' id='word_1_225' title='bbox 744 1804 901 1841; x_wconf 88' lang='lat' dir='ltr'>videtur</span> <span class='ocrx_word' id='word_1_226' title='bbox 934 1805 1041 1853; x_wconf 88' lang='lat' dir='ltr'>quod</span> <span class='ocrx_word' id='word_1_227' title='bbox 1082 1803 1192 1840; x_wconf 82' lang='lat' dir='ltr'>racio</span> <span class='ocrx_word' id='word_1_228' title='bbox 1234 1803 1310 1840; x_wconf 91' lang='lat' dir='ltr'>ista</span> <span class='ocrx_word' id='word_1_229' title='bbox 1346 1803 1542 1839; x_wconf 87' lang='lat' dir='ltr'>innuitur:</span> 
     </span>
    </p>

    <p class='ocr_par' dir='ltr' id='par_1_23' title="bbox 219 1862 1543 1911">
     <span class='ocr_line' id='line_1_28' title="bbox 219 1862 1543 1911; baseline -0.003 -10"><span class='ocrx_word' id='word_1_230' title='bbox 219 1865 361 1902; x_wconf 89' lang='lat' dir='ltr'>Omnis</span> <span class='ocrx_word' id='word_1_231' title='bbox 384 1865 507 1901; x_wconf 90' lang='lat' dir='ltr'>homo</span> <span class='ocrx_word' id='word_1_232' title='bbox 530 1872 689 1900; x_wconf 88' lang='lat' dir='ltr'>tenetur</span> <span class='ocrx_word' id='word_1_233' title='bbox 713 1864 875 1900; x_wconf 88' lang='lat' dir='ltr'>credere</span> <span class='ocrx_word' id='word_1_234' title='bbox 898 1862 997 1898; x_wconf 87' lang='lat' dir='ltr'>illud</span> <span class='ocrx_word' id='word_1_235' title='bbox 1019 1864 1128 1911; x_wconf 89' lang='lat' dir='ltr'>quod</span> <span class='ocrx_word' id='word_1_236' title='bbox 1154 1862 1257 1898; x_wconf 87' lang='lat' dir='ltr'>cedit</span> <span class='ocrx_word' id='word_1_237' title='bbox 1278 1864 1327 1898; x_wconf 90' lang='lat' dir='ltr'>ad</span> <span class='ocrx_word' id='word_1_238' title='bbox 1347 1863 1543 1898; x_wconf 87' lang='lat' dir='ltr'>honorem</span> 
     </span>
    </p>

    <p class='ocr_par' dir='ltr' id='par_1_24' title="bbox 220 1920 1546 1972">
     <span class='ocr_line' id='line_1_29' title="bbox 220 1920 1546 1972; baseline -0.004 -12"><span class='ocrx_word' id='word_1_239' title='bbox 220 1923 347 1972; x_wconf 87' lang='lat' dir='ltr'>patris</span> <span class='ocrx_word' id='word_1_240' title='bbox 386 1923 447 1959; x_wconf 92' lang='lat' dir='ltr'>sui</span> <span class='ocrx_word' id='word_1_241' title='bbox 489 1931 525 1959; x_wconf 89' lang='lat' dir='ltr'>et</span> <span class='ocrx_word' id='word_1_242' title='bbox 565 1922 649 1959; x_wconf 87' lang='lat' dir='ltr'>eius</span> <span class='ocrx_word' id='word_1_243' title='bbox 687 1921 916 1967; x_wconf 74' lang='lat' dir='ltr'>utilitatem,</span> <span class='ocrx_word' id='word_1_244' title='bbox 958 1922 1026 1957; x_wconf 89' lang='lat' dir='ltr'>sed</span> <span class='ocrx_word' id='word_1_245' title='bbox 1066 1920 1197 1957; x_wconf 89' lang='lat' dir='ltr'>omnis</span> <span class='ocrx_word' id='word_1_246' title='bbox 1232 1921 1354 1957; x_wconf 88' lang='lat' dir='ltr'>homo</span> <span class='ocrx_word' id='word_1_247' title='bbox 1388 1929 1546 1956; x_wconf 90' lang='lat' dir='ltr'>tenetur</span> 
     </span>
    </p>

    <p class='ocr_par' dir='ltr' id='par_1_25' title="bbox 164 1979 1546 2086">
     <span class='ocr_line' id='line_1_30' title="bbox 223 1979 1545 2028; baseline -0.004 -9"><span class='ocrx_word' id='word_1_248' title='bbox 223 1994 305 2019; x_wconf 90' lang='lat' dir='ltr'>esse</span> <span class='ocrx_word' id='word_1_249' title='bbox 340 1981 443 2018; x_wconf 85' lang='lat' dir='ltr'>filius</span> <span class='ocrx_word' id='word_1_250' title='bbox 475 1980 699 2026; x_wconf 69' lang='lat' dir='ltr'>Trinitatis,</span> <span class='ocrx_word' id='word_1_251' title='bbox 735 1993 829 2028; x_wconf 81' lang='lat' dir='ltr'>ergo</span> <span class='ocrx_word' id='word_1_252' title='bbox 863 1979 993 2016; x_wconf 89' lang='lat' dir='ltr'>omnis</span> <span class='ocrx_word' id='word_1_253' title='bbox 1028 1980 1150 2016; x_wconf 91' lang='lat' dir='ltr'>homo</span> <span class='ocrx_word' id='word_1_254' title='bbox 1190 1988 1349 2015; x_wconf 86' lang='lat' dir='ltr'>tenetur</span> <span class='ocrx_word' id='word_1_255' title='bbox 1383 1980 1545 2015; x_wconf 91' lang='lat' dir='ltr'>credere</span> 
     </span>
     <span class='ocr_line' id='line_1_31' title="bbox 164 2037 1546 2086; baseline -0.004 -9"><span class='ocrx_word' id='word_1_256' title='bbox 164 2039 424 2086; x_wconf 81' lang='lat' dir='ltr'>30Trinitati,</span> <span class='ocrx_word' id='word_1_257' title='bbox 470 2040 538 2076; x_wconf 90' lang='lat' dir='ltr'>sed</span> <span class='ocrx_word' id='word_1_258' title='bbox 583 2048 668 2075; x_wconf 87' lang='lat' dir='ltr'>tota</span> <span class='ocrx_word' id='word_1_259' title='bbox 699 2038 877 2075; x_wconf 85' lang='lat' dir='ltr'>Trinitas</span> <span class='ocrx_word' id='word_1_260' title='bbox 923 2047 1093 2074; x_wconf 87' lang='lat' dir='ltr'>testatur</span> <span class='ocrx_word' id='word_1_261' title='bbox 1137 2037 1412 2085; x_wconf 85' lang='lat' dir='ltr'>supradictam</span> <span class='ocrx_word' id='word_1_262' title='bbox 1458 2049 1546 2073; x_wconf 89' lang='lat' dir='ltr'>sen-</span> 
     </span>
    </p>

    <p class='ocr_par' dir='ltr' id='par_1_26' title="bbox 222 2096 1546 2146">
     <span class='ocr_line' id='line_1_32' title="bbox 222 2096 1546 2146; baseline -0.003 -11"><span class='ocrx_word' id='word_1_263' title='bbox 222 2098 396 2135; x_wconf 89' lang='lat' dir='ltr'>tenciam</span> <span class='ocrx_word' id='word_1_264' title='bbox 432 2099 490 2144; x_wconf 87' lang='lat' dir='ltr'>(ut</span> <span class='ocrx_word' id='word_1_265' title='bbox 514 2097 624 2146; x_wconf 87' lang='lat' dir='ltr'>prius</span> <span class='ocrx_word' id='word_1_266' title='bbox 659 2096 914 2144; x_wconf 80' lang='lat' dir='ltr'>ostenditur),</span> <span class='ocrx_word' id='word_1_267' title='bbox 949 2109 1043 2144; x_wconf 83' lang='lat' dir='ltr'>ergo</span> <span class='ocrx_word' id='word_1_268' title='bbox 1077 2096 1208 2132; x_wconf 90' lang='lat' dir='ltr'>omnis</span> <span class='ocrx_word' id='word_1_269' title='bbox 1243 2097 1365 2132; x_wconf 85' lang='lat' dir='ltr'>homo</span> <span class='ocrx_word' id='word_1_270' title='bbox 1389 2104 1546 2131; x_wconf 88' lang='lat' dir='ltr'>tenetur</span> 
     </span>
    </p>

    <p class='ocr_par' dir='ltr' id='par_1_27' title="bbox 223 2153 1545 2203">
     <span class='ocr_line' id='line_1_33' title="bbox 223 2153 1545 2203; baseline -0.004 -9"><span class='ocrx_word' id='word_1_271' title='bbox 223 2158 325 2194; x_wconf 90' lang='lat' dir='ltr'>hanc</span> <span class='ocrx_word' id='word_1_272' title='bbox 371 2157 546 2193; x_wconf 87' lang='lat' dir='ltr'>credere.</span> <span class='ocrx_word' id='word_1_273' title='bbox 594 2158 673 2192; x_wconf 91' lang='lat' dir='ltr'>Nec</span> <span class='ocrx_word' id='word_1_274' title='bbox 713 2154 879 2191; x_wconf 88' lang='lat' dir='ltr'>dubium</span> <span class='ocrx_word' id='word_1_275' title='bbox 920 2154 1017 2203; x_wconf 89' lang='lat' dir='ltr'>quin</span> <span class='ocrx_word' id='word_1_276' title='bbox 1064 2154 1141 2190; x_wconf 89' lang='lat' dir='ltr'>ista</span> <span class='ocrx_word' id='word_1_277' title='bbox 1186 2153 1390 2190; x_wconf 87' lang='lat' dir='ltr'>sentencia</span> <span class='ocrx_word' id='word_1_278' title='bbox 1435 2153 1545 2190; x_wconf 90' lang='lat' dir='ltr'>omni</span> 
     </span>
    </p>

    <p class='ocr_par' dir='ltr' id='par_1_28' title="bbox 223 2211 1837 2260">
     <span class='ocr_line' id='line_1_34' title="bbox 223 2211 1837 2260; baseline -0.006 -9"><span class='ocrx_word' id='word_1_279' title='bbox 223 2214 378 2251; x_wconf 89' lang='lat' dir='ltr'>homini</span> <span class='ocrx_word' id='word_1_280' title='bbox 417 2213 521 2251; x_wconf 89' lang='lat' dir='ltr'>cedit</span> <span class='ocrx_word' id='word_1_281' title='bbox 560 2215 610 2251; x_wconf 87' lang='lat' dir='ltr'>ad</span> <span class='ocrx_word' id='word_1_282' title='bbox 650 2215 816 2250; x_wconf 88' lang='lat' dir='ltr'>modum</span> <span class='ocrx_word' id='word_1_283' title='bbox 857 2222 894 2249; x_wconf 89' lang='lat' dir='ltr'>et</span> <span class='ocrx_word' id='word_1_284' title='bbox 927 2214 1138 2249; x_wconf 90' lang='lat' dir='ltr'>honorem.</span> <span class='ocrx_word' id='word_1_285' title='bbox 1182 2212 1259 2258; x_wconf 90' lang='lat' dir='ltr'>Qui</span> <span class='ocrx_word' id='word_1_286' title='bbox 1293 2225 1387 2260; x_wconf 82' lang='lat' dir='ltr'>ergo</span> <span class='ocrx_word' id='word_1_287' title='bbox 1421 2211 1691 2254; x_wconf 71' lang='lat' dir='ltr'>creditchhQ</span> <span class='ocrx_word' id='word_1_288' title='bbox 1707 2215 1837 2253; x_wconf 69' lang='lat' dir='ltr'>belicxjes</span> 
     </span>
    </p>

    <p class='ocr_par' dir='ltr' id='par_1_29' title="bbox 167 2251 1834 2378">
     <span class='ocr_line' id='line_1_35' title="bbox 224 2251 1827 2312; baseline 0.002 -3"><span class='ocrx_word' id='word_1_289' title='bbox 224 2273 264 2309; x_wconf 92' lang='lat' dir='ltr'>in</span> <span class='ocrx_word' id='word_1_290' title='bbox 296 2272 439 2309; x_wconf 90' lang='lat' dir='ltr'>Filium</span> <span class='ocrx_word' id='word_1_291' title='bbox 475 2271 547 2308; x_wconf 88' lang='lat' dir='ltr'>Dei</span> <span class='ocrx_word' id='word_1_292' title='bbox 586 2272 664 2308; x_wconf 83' lang='lat' dir='ltr'>fide</span> <span class='ocrx_word' id='word_1_293' title='bbox 703 2271 870 2308; x_wconf 87' lang='lat' dir='ltr'>caritate</span> <span class='ocrx_word' id='word_1_294' title='bbox 912 2271 1099 2311; x_wconf 79' lang='lat' dir='ltr'>formata,</span> <span class='ocrx_word' id='word_1_295' title='bbox 1140 2272 1258 2307; x_wconf 87' lang='lat' dir='ltr'>habet</span> <span class='ocrx_word' id='word_1_296' title='bbox 1291 2270 1331 2306; x_wconf 91' lang='lat' dir='ltr'>in</span> <span class='ocrx_word' id='word_1_297' title='bbox 1365 2283 1404 2306; x_wconf 92' lang='lat' dir='ltr'>se</span> <span class='ocrx_word' id='word_1_298' title='bbox 1438 2269 1546 2306; x_wconf 87' lang='lat' dir='ltr'>testi·</span> <span class='ocrx_word' id='word_1_299' title='bbox 1574 2251 1827 2312; x_wconf 40' lang='lat' dir='ltr'>hilinixsitiieissdn</span> 
     </span>
     <span class='ocr_line' id='line_1_36' title="bbox 167 2321 1834 2378; baseline -0.002 -11"><span class='ocrx_word' id='word_1_300' title='bbox 167 2335 206 2368; x_wconf 83' lang='lat'>35</span> <span class='ocrx_word' id='word_1_301' title='bbox 227 2330 408 2367; x_wconf 89' lang='lat' dir='ltr'>monium</span> <span class='ocrx_word' id='word_1_302' title='bbox 441 2330 663 2375; x_wconf 86' lang='lat' dir='ltr'>Trinitatis,</span> <span class='ocrx_word' id='word_1_303' title='bbox 699 2343 835 2378; x_wconf 86' lang='lat' dir='ltr'>ymmo</span> <span class='ocrx_word' id='word_1_304' title='bbox 870 2342 960 2366; x_wconf 89' lang='lat' dir='ltr'>cum</span> <span class='ocrx_word' id='word_1_305' title='bbox 995 2329 1171 2378; x_wconf 84' lang='lat' dir='ltr'>quelibet</span> <span class='ocrx_word' id='word_1_306' title='bbox 1205 2337 1391 2365; x_wconf 85' lang='lat' dir='ltr'>creatura</span> <span class='ocrx_word' id='word_1_307' title='bbox 1424 2328 1473 2364; x_wconf 91' lang='lat' dir='ltr'>sit</span> <span class='ocrx_word' id='word_1_308' title='bbox 1507 2328 1547 2364; x_wconf 89' lang='lat' dir='ltr'>in</span> <span class='ocrx_word' id='word_1_309' title='bbox 1562 2321 1655 2347; x_wconf 40' lang='grc' dir='ltr'>Πρω-ς</span> <span class='ocrx_word' id='word_1_310' title='bbox 1677 2329 1715 2347; x_wconf 81' lang='lat'>¹¹0</span> <span class='ocrx_word' id='word_1_311' title='bbox 1736 2321 1834 2347; x_wconf 73' lang='lat' dir='ltr'>other.</span> 
     </span>
    </p>

    <p class='ocr_par' dir='ltr' id='par_1_30' title="bbox 226 2386 1546 2437">
     <span class='ocr_line' id='line_1_37' title="bbox 226 2386 1546 2437; baseline -0.002 -12"><span class='ocrx_word' id='word_1_312' title='bbox 226 2391 324 2435; x_wconf 88' lang='lat' dir='ltr'>Deo,</span> <span class='ocrx_word' id='word_1_313' title='bbox 357 2390 476 2425; x_wconf 88' lang='lat' dir='ltr'>habet</span> <span class='ocrx_word' id='word_1_314' title='bbox 505 2388 545 2424; x_wconf 86' lang='lat' dir='ltr'>in</span> <span class='ocrx_word' id='word_1_315' title='bbox 574 2401 615 2425; x_wconf 88' lang='lat' dir='ltr'>se</span> <span class='ocrx_word' id='word_1_316' title='bbox 639 2388 747 2425; x_wconf 88' lang='lat' dir='ltr'>aliud</span> <span class='ocrx_word' id='word_1_317' title='bbox 772 2388 914 2436; x_wconf 87' lang='lat' dir='ltr'>triplex</span> <span class='ocrx_word' id='word_1_318' title='bbox 938 2387 1214 2424; x_wconf 87' lang='lat' dir='ltr'>testimonium</span> <span class='ocrx_word' id='word_1_319' title='bbox 1240 2389 1348 2435; x_wconf 89' lang='lat' dir='ltr'>quod</span> <span class='ocrx_word' id='word_1_320' title='bbox 1373 2396 1429 2422; x_wconf 87' lang='lat' dir='ltr'>est</span> <span class='ocrx_word' id='word_1_321' title='bbox 1453 2386 1546 2437; x_wconf 77' lang='lat' dir='ltr'>Dei:</span> 
     </span>
    </p>

    <p class='ocr_par' dir='ltr' id='par_1_31' title="bbox 227 2445 1547 2496">
     <span class='ocr_line' id='line_1_38' title="bbox 227 2445 1547 2496; baseline -0.003 -12"><span class='ocrx_word' id='word_1_322' title='bbox 227 2457 263 2484; x_wconf 87' lang='lat' dir='ltr'>et</span> <span class='ocrx_word' id='word_1_323' title='bbox 303 2456 412 2496; x_wconf 87' lang='lat' dir='ltr'>patet</span> <span class='ocrx_word' id='word_1_324' title='bbox 454 2448 561 2495; x_wconf 86' lang='lat' dir='ltr'>quod</span> <span class='ocrx_word' id='word_1_325' title='bbox 601 2459 683 2483; x_wconf 93' lang='lat' dir='ltr'>non</span> <span class='ocrx_word' id='word_1_326' title='bbox 722 2456 883 2495; x_wconf 88' lang='lat' dir='ltr'>oportet</span> <span class='ocrx_word' id='word_1_327' title='bbox 923 2446 1081 2482; x_wconf 83' lang='lat' dir='ltr'>fidelem</span> <span class='ocrx_word' id='word_1_328' title='bbox 1123 2445 1386 2494; x_wconf 78' lang='lat' dir='ltr'>preeminere,</span> <span class='ocrx_word' id='word_1_329' title='bbox 1428 2453 1547 2481; x_wconf 86' lang='lat' dir='ltr'>testes</span> 
     </span>
    </p>

    <p class='ocr_par' dir='ltr' id='par_1_32' title="bbox 227 2503 1546 2553">
     <span class='ocr_line' id='line_1_39' title="bbox 227 2503 1546 2553; baseline -0.002 -12"><span class='ocrx_word' id='word_1_330' title='bbox 227 2506 350 2542; x_wconf 89' lang='lat' dir='ltr'>citare</span> <span class='ocrx_word' id='word_1_331' title='bbox 368 2505 429 2541; x_wconf 71' lang='lat' dir='ltr'>vel</span> <span class='ocrx_word' id='word_1_332' title='bbox 447 2504 675 2541; x_wconf 86' lang='lat' dir='ltr'>examinare</span> <span class='ocrx_word' id='word_1_333' title='bbox 694 2506 743 2541; x_wconf 87' lang='lat' dir='ltr'>ad</span> <span class='ocrx_word' id='word_1_334' title='bbox 762 2504 1051 2553; x_wconf 89' lang='lat' dir='ltr'>probacionem</span> <span class='ocrx_word' id='word_1_335' title='bbox 1077 2503 1193 2540; x_wconf 89' lang='lat' dir='ltr'>huius</span> <span class='ocrx_word' id='word_1_336' title='bbox 1216 2503 1430 2548; x_wconf 82' lang='lat' dir='ltr'>sentencie,</span> <span class='ocrx_word' id='word_1_337' title='bbox 1456 2515 1546 2539; x_wconf 87' lang='lat' dir='ltr'>cum</span> 
     </span>
    </p>

    <p class='ocr_par' dir='ltr' id='par_1_33' title="bbox 227 2561 1547 2609">
     <span class='ocr_line' id='line_1_40' title="bbox 227 2561 1547 2609; baseline -0.003 -9"><span class='ocrx_word' id='word_1_338' title='bbox 227 2565 373 2600; x_wconf 86' lang='lat' dir='ltr'>habeat</span> <span class='ocrx_word' id='word_1_339' title='bbox 412 2572 494 2599; x_wconf 90' lang='lat' dir='ltr'>tam</span> <span class='ocrx_word' id='word_1_340' title='bbox 526 2562 638 2599; x_wconf 76' lang='lat' dir='ltr'>vivax</span> <span class='ocrx_word' id='word_1_341' title='bbox 668 2571 705 2599; x_wconf 89' lang='lat' dir='ltr'>et</span> <span class='ocrx_word' id='word_1_342' title='bbox 739 2563 877 2599; x_wconf 87' lang='lat' dir='ltr'>efficax</span> <span class='ocrx_word' id='word_1_343' title='bbox 911 2561 1187 2599; x_wconf 87' lang='lat' dir='ltr'>testimonium</span> <span class='ocrx_word' id='word_1_344' title='bbox 1221 2562 1259 2598; x_wconf 90' lang='lat' dir='ltr'>in</span> <span class='ocrx_word' id='word_1_345' title='bbox 1294 2574 1334 2598; x_wconf 91' lang='lat' dir='ltr'>se</span> <span class='ocrx_word' id='word_1_346' title='bbox 1368 2561 1469 2609; x_wconf 75' lang='lat' dir='ltr'>ipso,</span> <span class='ocrx_word' id='word_1_347' title='bbox 1511 2570 1547 2597; x_wconf 91' lang='lat' dir='ltr'>et</span> 
     </span>
    </p>
   </div>
   <div class='ocr_carea' id='block_1_3' title="bbox 167 2619 1545 2669">
    <p class='ocr_par' dir='ltr' id='par_1_34' title="bbox 167 2619 1545 2669">
     <span class='ocr_line' id='line_1_41' title="bbox 167 2619 1545 2669; baseline -0.002 -11"><span class='ocrx_word' id='word_1_348' title='bbox 167 2638 211 2668; x_wconf 88' lang='lat'>40</span> <span class='ocrx_word' id='word_1_349' title='bbox 227 2622 283 2659; x_wconf 90' lang='lat' dir='ltr'>sic</span> <span class='ocrx_word' id='word_1_350' title='bbox 313 2622 389 2658; x_wconf 90' lang='lat' dir='ltr'>ista</span> <span class='ocrx_word' id='word_1_351' title='bbox 417 2620 655 2658; x_wconf 87' lang='lat' dir='ltr'>testificacio</span> <span class='ocrx_word' id='word_1_352' title='bbox 685 2621 837 2658; x_wconf 89' lang='lat' dir='ltr'>excedit</span> <span class='ocrx_word' id='word_1_353' title='bbox 869 2633 1008 2658; x_wconf 87' lang='lat' dir='ltr'>omnes</span> <span class='ocrx_word' id='word_1_354' title='bbox 1047 2620 1314 2669; x_wconf 88' lang='lat' dir='ltr'>probaciones</span> <span class='ocrx_word' id='word_1_355' title='bbox 1347 2619 1545 2668; x_wconf 86' lang='lat' dir='ltr'>politicas.</span> 
     </span>
    </p>
   </div>
   <div class='ocr_carea' id='block_1_4' title="bbox 228 2754 1546 2828">
    <p class='ocr_par' dir='ltr' id='par_1_35' title="bbox 228 2754 1546 2828">
     <span class='ocr_line' id='line_1_42' title="bbox 297 2754 1546 2796; baseline -0.003 -13"><span class='ocrx_word' id='word_1_356' title='bbox 297 2766 326 2790; x_wconf 65' lang='lat'>4.</span> <span class='ocrx_word' id='word_1_357' title='bbox 347 2757 442 2796; x_wconf 63' lang='lat' dir='ltr'>C0dx³</span> <span class='ocrx_word' id='word_1_358' title='bbox 465 2756 668 2791; x_wconf 75' lang='lat' dir='ltr'>disrupendo.</span> <span class='ocrx_word' id='word_1_359' title='bbox 754 2755 782 2783; x_wconf 79' lang='lat'>8.</span> <span class='ocrx_word' id='word_1_360' title='bbox 805 2755 900 2795; x_wconf 52' lang='lat' dir='ltr'>Cod3:</span> <span class='ocrx_word' id='word_1_361' title='bbox 921 2755 1095 2783; x_wconf 81' lang='lat' dir='ltr'>omittendi.</span> <span class='ocrx_word' id='word_1_362' title='bbox 1188 2763 1235 2789; x_wconf 81' lang='lat'>24.</span> <span class='ocrx_word' id='word_1_363' title='bbox 1257 2754 1353 2793; x_wconf 74' lang='lat' dir='ltr'>Cod.:</span> <span class='ocrx_word' id='word_1_364' title='bbox 1377 2762 1430 2789; x_wconf 72' lang='lat' dir='ltr'>per</span> <span class='ocrx_word' id='word_1_365' title='bbox 1451 2754 1546 2780; x_wconf 74' lang='lat' dir='ltr'>deest.</span> 
     </span>
     <span class='ocr_line' id='line_1_43' title="bbox 228 2789 1364 2828; baseline -0.004 -9"><span class='ocrx_word' id='word_1_366' title='bbox 228 2799 272 2828; x_wconf 83' lang='lat'>27.</span> <span class='ocrx_word' id='word_1_367' title='bbox 294 2792 389 2819; x_wconf 85' lang='lat' dir='ltr'>Cod.:</span> <span class='ocrx_word' id='word_1_368' title='bbox 411 2791 485 2819; x_wconf 81' lang='lat' dir='ltr'>111ud</span> <span class='ocrx_word' id='word_1_369' title='bbox 508 2791 601 2818; x_wconf 82' lang='lat' dir='ltr'>deest.</span> <span class='ocrx_word' id='word_1_370' title='bbox 675 2789 718 2818; x_wconf 85' lang='lat'>32.</span> <span class='ocrx_word' id='word_1_371' title='bbox 740 2790 818 2818; x_wconf 86' lang='lat' dir='ltr'>hanc</span> <span class='ocrx_word' id='word_1_372' title='bbox 839 2795 936 2818; x_wconf 75' lang='lat' dir='ltr'>twme.</span> <span class='ocrx_word' id='word_1_373' title='bbox 1010 2799 1061 2825; x_wconf 76' lang='lat'>40.</span> <span class='ocrx_word' id='word_1_374' title='bbox 1084 2790 1182 2818; x_wconf 80' lang='lat' dir='ltr'>Cod.:</span> <span class='ocrx_word' id='word_1_375' title='bbox 1205 2790 1364 2824; x_wconf 79' lang='lat' dir='ltr'>poletlcas.</span> 
     </span>
    </p>
   </div>
   <div class='ocr_carea' id='block_1_5' title="bbox 304 2874 943 2920">
    <p class='ocr_par' dir='ltr' id='par_1_36' title="bbox 304 2874 943 2920">
     <span class='ocr_line' id='line_1_44' title="bbox 304 2874 943 2920; baseline -0.002 -11"><span class='ocrx_word' id='word_1_376' title='bbox 304 2876 355 2910; x_wconf 90' lang='lat'>18.</span> <span class='ocrx_word' id='word_1_377' title='bbox 383 2877 406 2909; x_wconf 85' lang='lat' dir='ltr'>l.</span> <span class='ocrx_word' id='word_1_378' title='bbox 434 2875 513 2909; x_wconf 88' lang='lat' dir='ltr'>Joh.</span> <span class='ocrx_word' id='word_1_379' title='bbox 537 2876 577 2917; x_wconf 89' lang='lat' dir='ltr'>V,</span> <span class='ocrx_word' id='word_1_380' title='bbox 605 2886 636 2920; x_wconf 82' lang='lat'>9.</span> <span class='ocrx_word' id='word_1_381' title='bbox 735 2885 788 2917; x_wconf 86' lang='lat'>24.</span> <span class='ocrx_word' id='word_1_382' title='bbox 815 2874 860 2907; x_wconf 87' lang='lat' dir='ltr'>ib.</span> <span class='ocrx_word' id='word_1_383' title='bbox 893 2885 943 2908; x_wconf 88' lang='lat'>10.</span> 
     </span>
    </p>
   </div>
  </div>
 </body>
</html>
