1944 3323
154 282 227 315 114
730 279 953 311 JOHANle
973 279 1155 312 wvciff
1174 280 1430 314 sfflzMONUM
1498 268 1650 326 [SERMO
1672 278 1738 308 xv.

145 391 189 419 St.
211 392 281 430 Pau]
305 392 415 431 pariit—d
431 384 502 419 hiis
517 385 581 433 qui
600 397 745 421 mecum
767 393 854 421 sunt
876 386 1191 423 nzz'nistraverunt
1212 400 1346 423 manus
1369 388 1447 424 isle.
1474 391 1554 424 Nec
1570 388 1736 425 dubium

195 426 367 462 ¹¹¹⁵¹¹v¹¹¹g'
432 441 527 490 quin
559 443 775 490 Apostolus
814 444 901 490 plus
940 443 1108 491 profecit
1148 444 1311 481 ecclesie
1351 458 1422 492 pro
1456 454 1637 494 tempore
1669 459 1738 483 sue

428 499 620 537 viacionis
653 513 773 548 quam
812 500 962 536 faciunt
994 513 1133 537 omnes
1166 502 1319 548 fratres,
1362 502 1455 550 quia
1495 516 1518 539 a
1556 512 1738 552 ternpore

432 571 510 606 quo
543 557 846 594 subintroducte
878 567 968 594 sunt
1001 568 1105 595 secte
1139 559 1311 596 decrevit
1344 560 1562 597 christiana
1586 561 1736 609 religio,

430 615 666 663 frigescebat
704 616 923 652 multorum
963 616 1107 653 caritas
1141 626 1178 653 et
1211 618 1518 654 communitates
1559 618 1772 655 fidelium5

141 683 226 713 Evils
247 684 403 719 produced
431 686 500 721 per
538 672 773 709 Antichristi
815 673 1017 710 versucias
1061 676 1334 721 decreverunt,
1381 688 1426 712 ac
1464 676 1495 712 si
1534 677 1738 712 inmundus

169 720 207 756 by
227 720 276 747 the
297 724 385 746 sects.
428 732 587 781 spiritus
609 730 725 776 (sicut
746 730 786 767 in
808 732 893 779 lege
914 731 1051 777 veteri)
1067 733 1230 769 exiverit
1253 735 1303 769 ad
1326 741 1482 781 tempus
1505 735 1551 769 ab
1574 735 1737 781 homine,

430 798 467 826 et
499 789 635 826 videns
669 790 777 837 quod
808 802 889 825 non
922 798 1116 838 quantum
1156 791 1308 838 appetit
1346 799 1502 828 tantum
1541 801 1659 828 nocet
1698 792 1738 827 in

429 846 610 895 gentibus
645 876 653 883 .
679 875 687 883 .
713 875 720 883 .
753 847 826 882 sihi
861 847 952 896 ipsi:
990 848 1184 884 Revertar
1221 849 1256 884 in
1297 850 1449 885 domum
1483 862 1605 885 meam
1639 851 1738 885 unde

429 905 545 951 exivi,
570 912 604 941 et
626 905 817 941 inveniens
839 917 921 941 eam
945 904 1085 941 ritibus
1117 905 1270 943 noviter
1303 906 1526 943 adinventis
1559 915 1736 943 ornatam
1758 922 1795 944 ιο

429 970 463 998 et
508 963 632 1012 scopis
679 963 901 998 mundatam
954 963 1223 1000 tradicionum
1275 976 1550 1012 novarumque
1603 967 1737 1013 quoad

429 1020 569 1056 mundi
591 1020 876 1068 apparenciam
899 1022 1157 1057 emundatam
1176 1022 1335 1057 assumit
1357 1021 1431 1058 sibi
1446 1022 1735 1059 Antichristum

427 1087 469 1114 ut
502 1078 584 1115 eius
617 1077 880 1126 principalem
913 1078 1105 1115 vicarium
1147 1092 1193 1116 ac
1231 1079 1530 1116 universitatem
1570 1093 1734 1117 suorum

428 1135 671 1184 complicum
705 1143 739 1172 et
758 1136 864 1185 fiunt
895 1137 1099 1172 novissima
1133 1138 1295 1174 hominis
1317 1139 1425 1174 nudo
1448 1137 1610 1174 nomine
1633 1138 1735 1174 chri-

427 1194 547 1231 stiani
564 1194 700 1243 peiora
719 1194 930 1243 prioribus.
956 1196 1003 1230 Et
1026 1194 1082 1230 sic
1106 1195 1281 1231 creditur
1305 1200 1361 1241 (ut
1384 1195 1424 1232 in
1447 1196 1531 1243 lege
1555 1195 1733 1245 antiqua)
1756 1202 1791 1234 15

427 1254 536 1301 quod
578 1251 789 1299 generacio
826 1251 990 1288 nomine
1030 1252 1341 1290 christianorum
1380 1253 1430 1290 sit
1471 1253 1643 1301 pessima
1684 1255 1734 1290 ad

427 1312 535 1359 quod
566 1308 839 1346 indubitanter
876 1309 1011 1346 iuvant
1049 1310 1238 1358 precipue
1276 1311 1348 1347 iste
1387 1320 1505 1357 secte,
1545 1324 1635 1348 cum
1675 1312 1734 1348 lex

427 1367 575 1405 Christi
614 1368 731 1403 debet
769 1367 916 1403 servari
954 1367 994 1403 in
1032 1380 1103 1404 sua
1135 1368 1327 1405 facilitate
1359 1382 1405 1405 ac
1437 1369 1620 1405 libertate
1653 1369 1731 1417 pri-

427 1438 553 1471 meva,
586 1426 654 1461 sed
687 1437 793 1461 nunc
826 1437 896 1472 per
924 1425 1069 1461 fastum
1105 1434 1141 1462 et
1164 1435 1349 1474 questum
1372 1426 1607 1463 Antichristi
1629 1427 1732 1464 ultra

427 1483 619 1520 duriciem
654 1491 691 1520 et
723 1482 1055 1523 illibertacionem
1088 1483 1184 1531 legis
1216 1484 1359 1521 veteris
1393 1493 1450 1521 est
1482 1493 1658 1532 gravata.
1750 1499 1792 1521 20

200 1722 359 1752 Thirteen·
482 1715 632 1752 Indm'te
663 1728 729 1751 vos
760 1715 856 1751 sicut
888 1714 997 1751 electi
1027 1712 1117 1752 Dei.
1151 1716 1213 1751 Ad
1246 1715 1330 1752 Col.
1365 1716 1449 1761 1110,
1481 1725 1540 1753 12.

156 1765 395 1821 ,κὲἓῇᾓῖἳᾎῐῇκ
483 1773 642 1810 Dictum
678 1782 734 1809 est
767 1775 960 1810 Sermone
992 1774 1080 1808 XIIO
1115 1772 1230 1808 huius
1270 1774 1316 1809 de
1354 1773 1491 1821 viginti
1530 1774 1703 1811 vestibus
1729 1754 1831 1832 lgg‘olfi

189 1829 356 1857 Christian.
424 1831 658 1868 necessariis
690 1830 846 1867 viatori.
880 1832 928 1866 Et
961 1843 1100 1866 omnes
1132 1830 1219 1866 illas
1253 1830 1422 1878 precipit
1445 1833 1662 1879 Apostolus
1694 1846 1734 1869 in

425 1889 594 1937 epistola
625 1888 701 1925 ista
733 1888 917 1924 ordinate
949 1888 1126 1934 induere,
1151 1889 1258 1936 quod
1291 1897 1348 1924 est
1371 1888 1490 1925 hodie
1522 1901 1568 1927 eo
1601 1903 1734 1927 neces-
1752 1893 1790 1925 25

424 1946 550 1983 sarius
589 1959 668 1994 quo
707 1945 899 1982 interiora
937 1945 1156 1994 spiritualis
1195 1946 1369 1982 hominis
1407 1955 1449 1982 ut
1487 1947 1631 1984 caritas
1675 1961 1734 1984 re-

423 2004 639 2052 frigescunt
678 2008 734 2048 (ut
767 2003 912 2040 dicitur
944 2003 1110 2040 Matthei
1143 2005 1315 2051 XXIVO).
1362 2004 1464 2049 Quia
1502 2014 1634 2042 autem
1675 2005 1733 2042 in-

424 2063 615 2098 dumenta
647 2063 921 2098 membrorum
955 2061 1100 2098 Christi
1133 2070 1252 2110 atque
1285 2061 1434 2098 diaboli
1472 2072 1563 2099 sunt
1595 2063 1733 2099 condi-

424 2120 548 2156 cionis
581 2119 764 2167 opposite
796 2128 839 2155 ut
861 2118 1025 2156 virtutes
1049 2128 1085 2155 et
1107 2119 1220 2165 vicia,
1254 2119 1345 2156 ideo
1378 2119 1474 2156 dicit
1496 2122 1731 2169 Apostolus:

423 2178 573 2213 Induite
609 2190 676 2213 vos
712 2178 811 2213 sicut
849 2177 958 2213 electi
986 2177 1071 2213 Dei.
1117 2179 1206 2213 Non
1246 2177 1351 2214 enim
1392 2178 1534 2214 melius
1566 2188 1732 2226 possunt
1749 2181 1791 2214 30

424 2234 595 2271 discerni
634 2237 815 2271 membra
853 2235 999 2272 Christi
1039 2248 1061 2271 a
1101 2235 1290 2271 membris
1330 2235 1479 2272 diaboli
1524 2249 1642 2284 quam
1690 2249 1733 2272 ex

422 2293 614 2329 varietate
654 2292 883 2329 huiusmodi
927 2292 1163 2329 indumenti.
1214 2294 1396 2329 Membra
1440 2293 1545 2329 enim
1586 2294 1732 2330 Christi

423 2350 593 2386 induunt
631 2350 1178 2387 uniformitatem'virtutum
1219 2359 1255 2387 et
1295 2351 1405 2398 pacis
1444 2353 1511 2387 sed
1553 2353 1732 2387 membra

423 2407 571 2444 diaboli
599 2408 832 2444 varietatem
866 2421 1033 2456 operum
1065 2408 1272 2445 viciorum.
1307 2411 1408 2444 Nam
1440 2408 1532 2445 licet
1555 2410 1733 2457 quando-

423 2478 498 2513 que
530 2465 677 2502 faciant
700 2479 823 2514 opera
857 2467 961 2503 bona
994 2467 1041 2502 de
1073 2478 1215 2513 genere
1238 2465 1397 2514 (quibus
1431 2466 1534 2502 enim
1559 2466 1732 2502 vestibus
1750 2469 1788 2502 35

422 2523 553 2560 anime
582 2525 880 2571 stragulantur)‚
910 2533 1045 2561 tamen
1068 2523 1203 2560 omnia
1226 2523 1293 2560 illa
1316 2523 1355 2560 in
1378 2523 1454 2561 isto
1479 2524 1612 2560 colore
1638 2537 1732 2561 con—

490 2644 515 2672 3.
535 2645 568 2673 In
589 2653 703 2680 marg:
724 2645 813 2672 Nota.
921 2645 945 2673 5.
962 2645 1054 2673 Cod.:
1076 2645 1252 2679 frigeficbat.
1366 2653 1393 2680 ς),
1417 2645 1573 2674 flentibus:
1596 2645 1732 2680 sequitur

421 2680 791 2742 19:1301133511fffissfficxlflde:
813 2680 901 2715 dicit3
923 2680 962 2708 ib.
984 2680 1078 2708 Cod.:
1099 2680 1276 2708 Revertatis.
1351 2688 1388 2707 12.
1411 2666 1504 2707 &oda
1527 2679 1726 2707 emundatum.

490 2796 521 2831 6.
549 2797 669 2829 Matth.
698 2798 770 2835 XII,
796 2797 943 2838 43—45.
1058 2808 1108 2829 21.
1138 2797 1188 2829 Cf.
1209 2796 1369 2840 Wyclif's
1397 2797 1576 2835 Sermons‚
1603 2796 1656 2828 ed.
1684 2796 1729 2838 by

422 2844 567 2883 Arnold,
594 2844 633 2883 11,
666 2854 742 2885 pag.
771 2843 961 2885 255—257.
1003 2844 1181 2875 Dominica
1216 2845 1336 2885 quinta
1370 2850 1451 2885 post
1477 2843 1623 2874 Octava<
1653 2843 1729 2885 Epi-

422 2889 581 2933 phaniae.
679 2900 730 2932 27.
757 2890 876 2921 Manli.
904 2890 1028 2928 XXIV,
1052 2900 1100 2920 12.
