1944 3323
123 220 201 256 218

131 693 180 719 All
203 692 284 719 trutli
307 692 332 719 is
353 691 382 718 in

127 728 176 754 the
197 728 314 762 gospeh
338 727 389 753 but

163 771 248 789 some
269 765 302 795 (e.
324 770 351 795 g.

138 797 377 828 matlieiuutical)

121 833 192 868 only
213 831 385 867 implicitun

140 1795 287 1829 Ignorant
309 1803 377 1821 men

136 1830 224 1865 fancy
246 1830 329 1856 there
352 1829 377 1856 is

121 1873 136 1891 u
160 1864 386 1891 contradiction

121 1899 209 1925 when
226 1899 311 1925 word
318 1908 330 1925 s
345 1908 395 1926 arc

687 234 910 266 JOHANNIS
931 235 1112 268 WYCLIF
1130 236 1384 271 SERMONUM
1416 225 1568 284 [SERMO
1583 237 1722 266 XXVII!-

411 342 537 376 Deum
573 341 773 377 honorare
798 355 918 390 quam
953 355 1084 391 regem
1110 344 1251 381 timere
1276 354 1313 381 et
1337 355 1514 392 econtra,
1538 360 1724 396 verump-

409 407 543 434 tamen
568 398 658 435 licet
674 399 891 448 unicuique
915 400 970 436 rei
987 414 1105 449 quam
1124 402 1311 439 timemus
1335 412 1371 440 et
1394 404 1722 452 honorificamus,

410 457 601 493 debemus
654 458 1011 505 proporcionalem
1072 469 1108 496 et
1162 473 1383 509 congruum
1445 462 1632 499 timorem
1687 473 1724 500 et

410 517 604 552 honorem
645 515 833 563 tribuere,
876 525 912 553 et
951 517 1044 565 quia
1085 518 1165 566 regi
1205 520 1397 556 debemus
1430 521 1613 569 explicite
1649 522 1723 567 (in-

412 583 469 610 est
514 574 619 610 facto
670 587 790 622 supra
842 575 957 623 alios)
1012 576 1205 613 honorem
1257 577 1446 625 tribuere,
1492 579 1582 616 ideo
1627 579 1723 617 dicit

413 633 571 667 Petrus:
606 633 754 682 Regem
788 633 987 669 honorate.

469 690 516 725 Et
550 689 589 726 in
622 690 699 726 isto
733 691 870 727 labore
902 691 942 727 in
976 691 1179 741 equivocis
1214 693 1328 729 multi
1367 694 1503 731 stolidi
1537 708 1580 731 ex
1612 695 1723 743 igno-

411 748 545 784 rancia
590 748 718 796 logice
766 751 1024 786 seducuntur.
1069 750 1213 788 Ydiote
1258 751 1419 800 quidem
1464 766 1546 790 non
1591 755 1721 790 solum

410 807 596 854 ignorant
647 806 1001 855 equivocacionem
1054 809 1245 845 latentem
1304 809 1343 845 in
1399 811 1608 858 generibus
1665 815 1723 857 (ut

410 864 555 900 dicitur
578 866 666 901 VH0
691 866 958 912 Phisicorum)
992 868 1059 903 sed
1093 867 1332 916 ampliorem
1367 868 1721 917 equivocacionem

410 924 449 960 in
503 923 723 971 analogicis
777 924 1031 973 explicatam,
1086 934 1128 961 ut
1180 927 1239 962 lex
1293 927 1522 975 evangelica
1567 927 1607 963 in
1651 940 1722 964 sua

410 981 597 1029 analogia
631 981 727 1018 dicit
762 983 983 1031 quamlibet
1015 983 1239 1028 veritatem,
1277 986 1398 1021 modo
1433 998 1511 1033 quo
1544 985 1723 1034 loquitur

409 1039 666 1087 Augustinus,
702 1054 853 1088 ponens
886 1041 925 1077 in
959 1042 1157 1089 scriptura
1190 1055 1317 1088 sacra,
1351 1056 1488 1090 ymmo
1523 1043 1649 1080 eciam
1684 1043 1724 1079 in

411 1097 629 1145 evangelio,
689 1111 772 1135 esse
833 1100 1054 1148 quamlibet
1103 1101 1326 1137 veritatem.
1387 1102 1464 1138 Sed
1527 1110 1723 1138 noverunt

410 1156 643 1205 philosophi
678 1159 785 1205 quod
821 1158 1034 1206 dupliciter
1066 1168 1199 1207 potest
1231 1159 1379 1195 veritas
1419 1172 1503 1196 esse
1536 1159 1575 1195 in
1608 1172 1724 1196 evan-

410 1215 526 1263 gelio,
573 1214 724 1251 scilicet
773 1216 956 1264 explicite
1007 1217 1066 1253 vel
1120 1216 1335 1265 implicite3
1391 1217 1574 1265 explicite
1623 1217 1725 1254 sicut

410 1273 554 1310 veritas
589 1273 708 1320 signis
741 1274 950 1322 adequatis
984 1284 1020 1311 et
1053 1275 1227 1323 propriis
1259 1275 1298 1311 in
1332 1275 1536 1324 evangelio
1570 1288 1725 1324 expres-

413 1341 511 1377 sata,
546 1340 587 1367 ut
612 1331 687 1368 ista
719 1332 887 1369 veritas:
921 1334 962 1368 In
991 1334 1183 1383 principio
1216 1341 1301 1369 erat
1324 1334 1496 1381 verbum,
1529 1333 1723 1382 implicite

413 1399 547 1427 autem
586 1389 730 1426 veritas
770 1403 846 1439 que
886 1390 924 1426 in
966 1391 1169 1439 evangelio
1209 1391 1428 1428 includitur
1468 1400 1504 1428 et
1542 1404 1623 1428 non
1668 1391 1724 1427 sic

413 1448 534 1496 signis
574 1448 749 1496 propriis
788 1458 1039 1497 expressatur
1078 1458 1119 1485 ut
1159 1449 1232 1486 ista
1271 1449 1416 1486 veritas
1456 1449 1724 1497 geometrica:

413 1506 553 1543 Omnis
599 1506 820 1553 triangulus
865 1508 984 1543 habet
1028 1516 1108 1543 tres
1152 1508 1319 1555 angulos
1364 1509 1525 1556 equales
1570 1509 1725 1544 duobus

414 1565 531 1601 rectis
571 1577 661 1601 cum
702 1564 776 1601 sibi
815 1565 1013 1601 similibus
1054 1565 1092 1601 in
1132 1565 1338 1613 evangelio
1378 1566 1454 1602 isto
1487 1565 1723 1602 includitur:

419 1624 556 1659 Omnia
596 1636 671 1672 per
710 1624 833 1672 ipsum
862 1625 977 1672 facta
1022 1631 1119 1660 sunt.
1175 1625 1251 1660 Sed
1291 1636 1373 1660 non
1419 1623 1584 1660 dubium
1630 1622 1725 1672 quin

413 1681 606 1729 implicite
655 1690 691 1717 et
735 1695 816 1718 non
861 1681 1044 1730 explicite
1095 1682 1144 1717 sit
1187 1681 1332 1718 veritas
1376 1681 1451 1718 ista
1496 1681 1724 1729 evangelica

413 1741 672 1777 nominanda.

474 1800 585 1835 Unde
620 1799 658 1834 in
688 1798 764 1834 ista
797 1798 981 1845 analogia
1015 1797 1207 1846 equivoca
1232 1798 1416 1834 laborant
1441 1797 1553 1833 multi
1576 1797 1722 1845 ydiote‚

411 1858 697 1893 contendentes
731 1869 774 1892 ex
806 1856 1039 1904 ignorancia
1072 1855 1200 1903 logice
1233 1855 1415 1892 homines
1448 1855 1723 1892 contradicere

122 1934 238 1961 usedin
256 1934 394 1961 differem
410 1915 483 1951 sibi
517 1915 625 1962 ipsis,
660 1924 701 1951 ut
736 1916 977 1963 quandoque
1011 1913 1156 1950 dicitur
1189 1915 1248 1949 lex
1281 1915 1455 1950 humana
1488 1925 1724 1962 quecunque

199 1977 313 1996 sellses.

408 1973 553 2009 veritas
599 1975 646 2009 de
692 1986 795 2009 novo
834 1972 1064 2008 humanitus
1104 1972 1359 2019 promulgata
1399 1980 1435 2007 et
1480 1972 1723 2019 quandoque

411 2031 556 2067 dicitur
573 2032 631 2067 lex
648 2033 823 2067 humana
839 2032 1044 2067 decretum
1066 2029 1239 2066 hominis
1262 2029 1473 2078 culpabile,
1491 2028 1722 2065 humanitus

411 2091 478 2125 sed
512 2103 592 2125 non
623 2089 812 2125 divinitus
845 2088 1124 2134 adinventum3
1159 2088 1260 2124 sicut
1293 2096 1425 2124 autem
1462 2088 1569 2139 leges
1600 2087 1724 2136 inique

414 2150 477 2194 (de
510 2147 654 2195 quibus
687 2147 864 2196 loquitur
886 2146 1041 2191 Ysaias)
1075 2155 1112 2182 et
1145 2146 1200 2183 sic
1233 2145 1537 2193 intelligendum
1572 2153 1629 2181 est
1662 2157 1723 2181 ec-

414 2205 532 2242 clesia
579 2207 704 2242 Deum
763 2206 991 2253 alloquens:
1054 2205 1107 2240 Tu
1157 2205 1263 2240 solus
1305 2211 1473 2250 sanctus,
1517 2211 1556 2239 tn
1599 2202 1722 2239 solum

413 2265 617 2308 Dominus,
647 2273 683 2300 et
708 2276 797 2300 cum
822 2264 897 2300 hoc
925 2263 1009 2299 sine
1032 2261 1305 2311 repugnancia
1330 2263 1553 2298 concedens
1577 2261 1724 2297 multos

413 2322 596 2358 homines
630 2334 714 2358 esse
746 2330 905 2358 sanctos
939 2330 975 2357 et
1009 2320 1209 2357 dominos.

470 2382 517 2415 Et
541 2380 595 2416 sic
621 2379 859 2428 equivocant
884 2379 1066 2415 homines
1090 2378 1129 2414 in
1154 2377 1470 2423 mendicacione,
1494 2386 1536 2413 ut
1559 2376 1722 2425 quidam

413 2447 555 2474 vocant
598 2438 941 2474 mendicacionem
982 2436 1217 2472 innuitivam
1257 2436 1317 2472 vel
1349 2435 1631 2472 insinuativam
1663 2435 1724 2471 vel

481 2583 509 2605 <t-
533 2573 627 2600 Cod.:
652 2578 683 2600 ut
703 2573 784 2607 quia.
888 2571 926 2599 13.
948 2572 979 2599 In
1003 2579 1116 2607 marg:
1138 2570 1343 2608 Augustinus.
1445 2569 1486 2596 16.
1506 2569 1539 2596 In
1561 2576 1673 2603 marg:
1696 2577 1722 2602 ις

411 2608 491 2635 Nota
512 2608 670 2643 quomodo
692 2608 794 2635 omnis
815 2607 926 2633 veritas
950 2611 995 2633 est
1015 2606 1044 2633 in
1066 2606 1232 2640 evangelio.
1377 2612 1415 2640 17.
1438 2603 1533 2631 Cod.:
1562 2603 1721 2639 adequata.

413 2642 452 2670 18.
474 2643 505 2669 In
528 2651 642 2676 marg:
664 2651 689 2669 2.
762 2650 808 2669 20.
832 2642 927 2669 Cod.:
949 2641 1084 2676 propriis
1106 2645 1133 2667 et
1154 2644 1358 2675 expressatur.

487 2737 536 2758 10.
572 2727 624 2757 Cf.
660 2726 797 2757 Aristol.
834 2724 1028 2767 Metaphys.
1059 2725 1130 2765 Vll,
1163 2736 1186 2756 1.
1228 2724 1319 2766 Opp.
1353 2731 1440 2754 tom.
1466 2721 1519 2761 111,
1554 2721 1618 2752 510
1652 2721 1719 2761 (ed.

412 2774 518 2804 Acad.
553 2772 658 2816 Bon).
694 2777 698 2778 ’
808 2772 857 2804 13.
893 2773 926 2803 S.
960 2771 1159 2811 Augustini,
1192 2771 1321 2802 Contra
1355 2770 1536 2806 Faustum,
1569 2767 1656 2807 XlIl,
1692 2767 1721 2799 5.

412 2820 503 2862 Opp.
531 2827 613 2851 torn.
634 2819 723 2858 Vlll,
743 2817 817 2858 254⁴
848 2818 899 2850 Cf.
929 2818 977 2848 De
1007 2816 1184 2859 Baptismo
1212 2823 1332 2848 contra
1352 2814 1563 2854 Donatistas,
1590 2813 1643 2854 IX,
1663 2813 1720 2856 98.

416 2865 466 2904 18.
490 2866 569 2900 Joh.
597 2867 621 2906 I,
645 2877 671 2898 1.
768 2863 820 2896 31.
850 2866 891 2897 ls.
917 2864 959 2903 X,
986 2874 1014 2896 1.

1741 583 1756 615 5

1743 883 1782 904 10

1744 1161 1780 1194 15

1741 1460 1782 1482 20

1742 1741 1781 1772 25

1739 2032 1781 2065 30

1740 2322 1780 2355 35
