1944 3323
169 290 305 320 senno
322 278 474 336 xxxix]
659 287 830 320 TERTIA
863 287 985 318 PARS.

171 409 263 437 runt
301 411 442 448 pacem
482 399 550 434 sed
589 408 670 433 non
703 407 790 432 eam
828 406 918 430 cum
951 391 1164 429 sufficienti
1198 389 1394 427 violencia
1427 391 1487 426 vel

172 457 385 506 diligencia
419 463 729 505 persequuntur,
772 452 884 489 cuius
917 450 1254 500 impedimentum
1289 457 1345 485 est
1379 448 1486 496 quod

173 530 253 553 non
287 516 515 553 conformat
547 525 587 550 se
621 512 753 549 debite
787 510 863 559 legi
896 509 1057 547 Christi.
1105 508 1179 545 Hic
1219 515 1353 544 autem
1395 518 1487 542 caro

173 574 406 624 concupiscit
436 573 626 608 adversus
664 570 843 620 spiritum
884 576 918 605 et
957 575 1113 604 econtra
1156 569 1215 612 (ut
1254 564 1401 602 dicitur
1440 565 1490 601 ad

140 633 261 670 5Gal.
286 634 353 678 VO,
385 633 466 679 17),
506 629 596 666 ideo
635 641 730 665 vera
771 640 847 676 pax
886 626 1018 675 primo
1060 623 1419 673 comprehenditur
1452 622 1492 658 in

174 691 317 739 patria,
352 690 444 726 licet
468 688 531 724 hic
556 700 647 724 cum
671 699 817 734 magna
840 684 1036 722 violencia
1061 682 1244 732 corporis
1269 681 1317 718 sit
1341 690 1491 718 secuta.

174 751 289 786 Unde
341 746 469 784 sancti
513 746 580 795 qui
631 745 741 781 illam
798 756 939 792 pacem
988 742 1028 778 in
1071 741 1134 778 via
1178 739 1408 789 percipiunt
1453 739 1493 775 in

174 806 386 845 celestibus
432 812 740 845 conversantur:
788 815 880 839 nam
927 801 1028 837 oculi
1071 799 1290 836 dileccionis
1334 797 1495 834 Domini

175 866 403 916 diriguntur
434 864 486 899 ad
517 863 650 905 iustos,
690 870 727 897 et
766 860 878 897 audit
911 872 978 896 eos
1013 858 1196 895 celeriter
1229 858 1363 906 quoad
1397 855 1494 904 ipsis

120 938 158 958 10
174 924 301 969 utilia,
342 923 410 960 sed
450 922 577 958 vultus
609 919 893 970 indignacionis
925 917 1085 953 Domini
1114 929 1232 966 super
1264 915 1495 958 maliczhsos,

175 992 218 1020 ut
258 983 401 1031 perdat
440 978 679 1016 memoriam
721 990 860 1014 eorum
902 978 949 1012 de
989 976 1108 1012 turba
1146 974 1386 1019 vivencium,
1428 971 1494 1009 ubi

177 1041 270 1078 iusti
304 1039 534 1076 scribuntur
566 1036 708 1083 (Exodi
741 1037 896 1079 XX110>.

235 1101 283 1135 Et
322 1107 418 1134 nota
459 1096 522 1132 hic
561 1096 670 1144 quod
711 1094 816 1130 intus
859 1094 930 1129 hec
969 1101 1061 1128 octo
1102 1104 1178 1140 que
1217 1098 1356 1126 narrat
1390 1089 1496 1125 Psal-

179 1158 297 1194 mista
329 1168 400 1205 per
433 1154 616 1192 ordinem
653 1161 710 1189 est
745 1151 930 1188 miranda
962 1150 1190 1199 proprietas
1221 1147 1341 1197 primi
1365 1148 1415 1184 ad
1439 1159 1497 1182 se-

125 1218 159 1249 ιε’)
179 1217 354 1252 cundum
389 1223 426 1250 et
459 1212 660 1250 subtilitas
695 1208 975 1247 commixionis
1010 1210 1144 1256 quoad
1177 1206 1359 1244 ordinem
1396 1204 1498 1242 chri-

178 1274 370 1317 stianum,
412 1281 448 1308 et
487 1284 577 1307 cum
618 1269 749 1306 omnis
783 1267 925 1316 religio
958 1266 1216 1303 securitatem
1252 1263 1406 1313 appetit
1441 1272 1499 1307 gut

180 1341 290 1381 patet
329 1330 456 1367 eciam
498 1331 545 1365 de
585 1326 845 1376 religionibus
884 1325 1051 1374 privatis
1086 1338 1162 1373 que
1194 1332 1362 1373 propter
1396 1323 1500 1358 hunc

182 1391 300 1427 finem
354 1389 599 1436 conglobant
652 1395 689 1423 et
742 1393 985 1434 perpetuant
1032 1383 1107 1420 sibi
1152 1382 1333 1419 redditus
1379 1389 1500 1429 atque

181 1447 401 1495 ecclesias),
452 1445 626 1482 mendici
672 1452 804 1481 autem
856 1451 1023 1491 propter
1070 1443 1193 1478 talem
1242 1438 1499 1477 securitatem

124 1519 165 1541 20
180 1507 393 1544 vecordem
429 1504 567 1541 dicunt
591 1515 631 1540 se
657 1503 851 1539 mundum
876 1500 1104 1548 relinquere
1129 1509 1165 1537 et
1189 1498 1265 1536 sibi
1289 1496 1501 1535 consocios

182 1565 249 1614 qui
283 1566 331 1600 de
363 1564 470 1600 facto
503 1562 756 1610 superfluunt
790 1571 1047 1607 congregare,
1081 1558 1240 1606 utrique
1270 1566 1403 1593 autem
1427 1555 1499 1592 sibi

183 1623 371 1660 edificant
404 1620 625 1669 irreligiose
659 1621 802 1655 domos
841 1616 1065 1666 superfluas
1105 1626 1315 1665 tamquam
1356 1623 1501 1658 castra,

183 1683 251 1719 sed
284 1693 374 1718 cum
409 1679 486 1715 illis
518 1677 711 1715 securitas
745 1676 878 1725 primo
912 1676 1030 1711 debet
1069 1687 1153 1711 esse
1192 1676 1241 1711 ab
1282 1673 1503 1709 extrinseco

183 1739 397 1788 adquisita,
422 1746 533 1786 patet
556 1737 719 1773 illorum
742 1733 1030 1783 irregularitas,
1057 1746 1148 1770 cum
1167 1741 1338 1782 querant
1361 1742 1502 1780 pacem

127 1799 223 1835 25in
255 1798 404 1843 seculo,
438 1795 506 1832 ubi
538 1808 621 1832 non
653 1794 803 1842 poterit
835 1791 1018 1829 inveniri.

242 1858 289 1892 Et
322 1864 433 1903 patet
466 1867 510 1890 ex
544 1853 620 1890 fide
653 1852 852 1901 scripture
885 1859 1082 1899 quantum
1119 1848 1312 1886 mundani
1346 1857 1383 1884 et
1416 1860 1504 1895 spe-

184 1914 338 1952 cialiter
371 1913 435 1949 isti
475 1911 620 1960 privati
660 1911 823 1948 ordines
865 1917 957 1945 sunt
997 1907 1166 1945 adversi.
1214 1908 1364 1944 Omnes
1398 1905 1503 1942 enim

185 1975 376 2010 debemus
400 1983 541 2020 pacem
566 1970 605 2006 in
629 1969 789 2007 Christo
823 1967 1048 2016 inquirere3
1082 1967 1166 2015 ipse
1200 1975 1334 2003 autem
1369 1963 1506 2001 docuit

186 2030 496 2080 inquisicionem
532 2029 649 2065 istam
685 2028 724 2064 in
757 2025 986 2063 humilitate
1020 2034 1057 2061 et
1089 2024 1304 2061 virtutibus
1338 2023 1426 2060 aliis
1456 2023 1504 2059 ad

130 2089 290 2126 ‘fiointra
324 2088 520 2136 incipere:
555 2086 733 2135 religiosi
767 2095 901 2122 autem
928 2092 1170 2120 revertentes
1194 2084 1299 2119 hunc
1323 2081 1506 2118 ordinem

187 2160 329 2196 pacem
371 2146 520 2183 Christi
560 2158 641 2182 non
686 2143 894 2181 inveniunt
940 2144 1009 2179 sed
1055 2140 1425 2190 perturbacionem,
1472 2148 1508 2175 et

189 2206 263 2254 ipsi
304 2214 394 2241 sunt
434 2204 502 2253 qui
542 2203 668 2251 magis
708 2203 946 2251 perturbant
992 2200 1218 2243 ecclesiam,
1264 2208 1306 2235 ut
1352 2198 1424 2234 fuit
1470 2198 1509 2234 in

189 2274 373 2312 tempore
413 2261 561 2300 Christi
603 2263 650 2298 de
689 2260 967 2298 sacerdotibus
1006 2258 1074 2308 qui
1118 2271 1200 2295 non
1244 2267 1401 2294 tantum
1443 2257 1509 2292 de-

190 2330 432 2370 generarunt
465 2333 487 2357 a
511 2321 648 2368 regula
671 2319 769 2368 legis
793 2318 878 2359 Dei,
913 2327 956 2354 ut
988 2317 1140 2354 faciunt
1172 2316 1300 2353 nostri
1334 2314 1509 2363 religiosi

135 2380 172 2412 35
191 2393 292 2429 quos
326 2379 510 2415 homines
543 2387 733 2426 reputant
766 2376 1008 2414 sancciores.
1055 2377 1157 2411 Nam
1198 2375 1344 2422 inequa
1378 2372 1510 2409 distri-

192 2438 310 2475 bucio
344 2436 629 2485 temporalium
667 2445 876 2484 tamquam
911 2434 1065 2482 lapides
1100 2445 1330 2469 ceresorum
1367 2430 1510 2468 deiecti

193 2497 232 2533 in
276 2508 423 2544 pueros
469 2496 684 2531 conturbat
729 2492 940 2531 ecclesiam
988 2491 1240 2528 militantem.
1299 2491 1376 2526 Sed
1423 2489 1511 2538 quis

194 2555 412 2602 conglobat
443 2554 505 2590 vel
539 2552 644 2601 rapit
677 2552 832 2589 avidius
856 2552 928 2587 hec
951 2549 1192 2598 temporalia
1216 2562 1338 2598 quam
1361 2548 1513 2585 faciunt

196 2613 269 2650 iste
303 2613 433 2649 secte?
467 2611 651 2648 Christus
685 2620 817 2647 autem
854 2608 1059 2645 (Johannis
1092 2609 1213 2645 X1V0.
1250 2611 1316 2655 27)
1350 2605 1513 2654 reliquit

136 2683 179 2714 40
197 2671 237 2708 in
278 2670 471 2719 religione
512 2682 581 2706 sua
621 2679 657 2705 et
697 2669 777 2705 suis
818 2666 1025 2715 discipulis
1064 2666 1248 2703 ordinem
1289 2677 1358 2702 sue
1402 2664 1513 2713 pacis

265 2795 288 2823 5.
312 2793 405 2822 Cod.:
434 2793 502 2820 Gal.
522 2793 590 2820 IV0.
723 2801 751 2828 9.
774 2792 869 2819 Cod.:
898 2791 1000 2827 quoad
1022 2791 1070 2818 ad.
1203 2797 1242 2817 12.
1263 2789 1352 2817 Recte
1374 2787 1512 2816 xxxmo.

195 2841 242 2870 30.
264 2840 359 2869 Cod.:
383 2837 467 2868 reli‘o.
540 2838 586 2873 34.
609 2839 704 2867 Cod.:
726 2838 850 2866 faciant.
924 2837 970 2866 36.
992 2837 1087 2865 Cod.:
1110 2844 1297 2865 seresorum.

265 2923 297 2956 8.
325 2925 348 2957 1.
374 2924 465 2956 Petri
493 2924 548 2964 111,
573 2933 621 2956 12.

1554 1094 1622 1121 The
1642 1093 1750 1120 orders

1566 1129 1637 1156 seek
1658 1128 1734 1155 false

1522 1164 1654 1199 worldly
1676 1171 1776 1198 peace.

1554 1853 1760 1880 Disturbance

1525 1889 1622 1916 ariscs
1642 1888 1722 1914 from
1744 1888 1774 1914 th

1548 1923 1700 1951 scramble
1720 1922 1768 1949 sor

1582 1958 1733 1993 tempor-al

1600 1993 1714 2028 things.
