1944 3323
173 276 309 306 sERMo
332 264 428 322 xxi]
665 276 839 308 TERTlA
866 275 990 307 PARS.
1708 267 1781 313 167

234 388 287 422 Ex
328 385 473 434 quibus
512 384 669 421 videtur
709 382 845 419 multis
886 383 992 431 quod
1038 383 1126 430 plus
1166 390 1394 429 suspectum
1438 390 1495 417 est
1518 389 1777 418 lindowmcntas

175 444 342 481 clericos
376 443 507 480 dotari
542 441 834 490 temporalibus
869 453 989 489 quam
1025 440 1258 477 cohabitare
1293 452 1383 476 cum
1419 439 1496 475 for-
1511 425 1785 496 fffluscdsspaiccjgffleffi

174 502 356 548 nicariis3
390 503 459 538 sed
492 501 598 537 istud
633 509 842 548 peccatum
879 508 936 535 est
969 508 1050 535 tam
1086 499 1221 547 patule
1245 498 1495 534 defensatum
1542 504 1557 521 '⁶¹
1578 496 1758 523 concubine.

175 562 282 609 quod
317 562 465 597 nedum
499 572 579 595 non
614 558 865 595 erubescitur
897 559 964 594 sed
999 560 1107 606 quod
1143 566 1200 593 cst
1224 556 1495 593 honorificum

140 623 220 656 bac
261 618 516 656 meritorium
558 616 705 654 clerico
746 625 992 665 reputatum.
1040 618 1117 652 Ista
1157 624 1291 651 autem
1341 614 1494 650 delecio

175 677 400 714 occasionis
434 675 713 724 multipliciter
753 676 859 711 decet
890 682 1055 719 sanctos,
1096 687 1187 710 cum
1228 673 1367 709 mundi
1407 685 1496 721 pre-

175 745 332 772 servant
366 747 406 771 se
440 747 461 771 a
494 735 708 771 volutabro
742 742 1001 781 peccatorum
1036 745 1109 769 nec
1143 732 1333 768 incedunt
1366 743 1492 779 prope

175 793 397 839 Caribdim,
432 794 672 841 temptando
697 794 839 833 Deum,
874 793 941 828 sed
967 799 1199 839 preservant
1224 803 1265 826 se
1289 803 1310 826 a
1334 790 1495 825 sedante

175 853 336 900 pulvere
370 861 411 888 ut
445 851 653 900 speculum
689 852 898 895 mundum,
934 859 975 885 ut
1009 849 1212 897 copiosius
1236 849 1372 884 lumen
1396 847 1496 884 reci-

120 925 157 946 10
175 911 286 959 piant
319 923 341 947 a
373 911 456 947 sole
488 908 658 946 iusticie.

232 971 281 1005 Et
320 981 362 1006 ex
402 968 486 1005 istis
524 968 693 1004 infertur
732 968 839 1015 quod
882 975 1048 1014 peccata
1089 965 1247 1001 minora
1284 977 1364 1001 non
1404 973 1495 1000 sunt
1558 971 1655 999 Other
1675 971 1739 998 sin>

175 1027 360 1064 fidelibus
392 1026 655 1071 nominanda,
690 1035 732 1061 ut
765 1025 968 1074 turpitudo
1003 1036 1079 1072 que
1113 1032 1171 1060 est
1203 1023 1244 1059 in
1277 1023 1424 1059 osculis
1458 1031 1495 1059 et
1527 1006 1639 1069 Stffi’fflg
1661 1007 1770 1070 {ip-tat?

174 1085 424 1134 amplexibus
465 1084 692 1129 mulierum,
733 1083 970 1132 =stultiloquia
1012 1082 1053 1118 in
1091 1081 1221 1118 verbis
1261 1081 1418 1117 blandis
1459 1090 1496 1117 et
1522 1077 1778 1139 sffiessffffiffigf

174 1143 391 1181 incitativis
425 1145 475 1180 ad
508 1142 705 1179 luxuriam
731 1151 768 1178 et
791 1141 1027 1187 vindictam,
1063 1150 1099 1176 et
1123 1139 1249 1177 tercio
1272 1140 1496 1176 scurrilitas
1586 1151 1616 1174 to
1637 1147 1706 1175 evil.
1756 1133 1762 1139 ⁸

119 1207 155 1238 ¹5
175 1216 251 1251 que
295 1211 373 1239 stat
418 1201 457 1238 in
502 1201 632 1238 verbis
678 1199 892 1248 superfluis
937 1208 974 1236 et
1019 1199 1262 1244 inhonestis3
1308 1211 1378 1247 que
1421 1211 1494 1233 nou

170 1261 365 1311 pertinent
396 1261 448 1296 ad
479 1260 657 1305 salutem,
690 1260 759 1295 sed
792 1257 932 1307 pocius
967 1257 1196 1294 distrahunt
1230 1266 1266 1293 et
1299 1256 1495 1293 inclinant

176 1321 227 1356 ad
272 1318 420 1367 turpia.
468 1319 545 1354 Sed
589 1318 717 1368 magis
760 1317 991 1368 graciarum
1031 1316 1135 1352 accio
1179 1315 1411 1352 nominetur
1455 1314 1496 1351 in

173 1377 299 1423 vobis,
345 1390 394 1413 ne
437 1376 522 1413 sitis
567 1376 607 1412 in
646 1375 732 1413 istis
778 1388 842 1412 sex
887 1374 1009 1412 deviis
1055 1376 1288 1411 oberrantes
1332 1386 1406 1410 nec
1451 1385 1495 1409 ex

175 1435 451 1473 taciturnitate
475 1434 725 1483 dampnabili
750 1442 1031 1470 mutescentes.
1067 1435 1168 1469 Nam
1193 1444 1352 1480 semper
1377 1433 1494 1468 debet

118 1509 158 1530 20
175 1494 334 1531 animus
373 1493 480 1530 circa
519 1492 745 1542 spiritualia
786 1492 990 1540 occupari,
1027 1501 1063 1527 et
1101 1491 1133 1527 si
1173 1490 1261 1539 quis
1300 1489 1493 1539 loquitur,

176 1553 355 1589 redoleat
388 1552 428 1588 in
460 1551 548 1600 ipso
583 1550 851 1588 ministerium
886 1549 1119 1586 Salvatoris.

235 1610 357 1647 Racio
392 1619 527 1647 autem
560 1610 651 1657 fuge
686 1609 801 1645 huius
834 1608 991 1657 peccati
1023 1607 1193 1656 triplicis
1228 1606 1412 1655 capitalis
1437 1615 1495 1643 est
1546 1614 1617 1643 Sins
1638 1614 1703 1641 lead
1726 1618 1756 1641 to

177 1682 315 1705 eorum
350 1668 590 1713 mortalitas,
625 1680 714 1704 cum
750 1667 790 1703 in
823 1676 996 1703 mortem
1031 1666 1147 1702 istam
1182 1665 1379 1702 inducunt
1413 1674 1449 1701 et
1473 1649 1787 1712 agis-essffiffssssvleolfss.

176 1726 424 1764 beatitudine
459 1727 720 1772 exheredant3
753 1725 845 1762 ideo
879 1725 976 1761 dicit
998 1725 1217 1774 Apostolus
1241 1725 1349 1773 quod
1373 1723 1495 1759 onmis
1576 1721 1719 1754 heritage.
1769 1717 1777 1721 '

118 1786 395 1835 25f0rnicc1t0r
426 1792 492 1821 aut
526 1785 747 1821 immundus
778 1791 845 1820 aut
876 1796 1022 1819 avarus
1054 1784 1155 1832 quod
1187 1790 1242 1819 est
1272 1782 1493 1832 ydolorum

174 1844 342 1881 servitus
375 1856 447 1879 uon
480 1844 593 1880 habet
625 1843 877 1879 hereditatem
918 1842 953 1877 in
994 1854 1117 1892 regno
1156 1840 1304 1877 Christi
1341 1847 1375 1876 et
1407 1840 1493 1876 Dei.

176 1905 254 1939 Ista
278 1901 384 1939 enim
409 1910 576 1951 peccata
599 1901 691 1938 licet
715 1901 792 1937 sint
815 1899 1058 1948 corporalia,
1083 1899 1335 1947 originantur
1358 1907 1495 1935 tamen

176 1974 198 1997 a
236 1960 412 2009 peccatis
451 1959 749 2009 spiritualibus:
794 1971 868 1995 nec
908 1967 1148 1995 excusantur
1187 1970 1231 1994 ex
1270 1958 1347 1994 hoc
1387 1958 1495 2005 quod

100 2061 109 2067 ,
176 2028 268 2056 sunt
301 2018 534 2056 communia
573 2027 610 2055 et
649 2031 670 2055 a
708 2018 861 2066 populo
902 2016 1155 2066 parvipensa.
1202 2015 1319 2052 Dicta
1359 2024 1493 2052 autem

79 2060 161 2139 ἕξις
176 2077 376 2114 hereditas
405 2073 409 2131 Ι
440 2086 497 2114 est
529 2076 731 2113 infinitum
767 2075 900 2112 carior
932 2088 1054 2124 quam
1096 2074 1299 2111 hereditas
1338 2083 1495 2122 tempo-

125 2118 142 2150 7
175 2136 282 2181 ralis,
318 2149 407 2172 cum
442 2134 595 2184 quietat
628 2134 876 2171 beatitudine
909 2142 1105 2182 perpetua
1137 2142 1219 2170 tam
1254 2145 1392 2169 sensus
1425 2133 1495 2168 ho-

176 2194 295 2231 minis
328 2207 449 2243 quam
484 2193 610 2230 eciam
645 2193 913 2239 intellectum3
948 2205 1086 2229 sensus
1109 2192 1331 2228 secundum
1355 2191 1495 2228 huma-

175 2252 343 2289 nitatem
369 2251 517 2289 Christi
542 2260 578 2288 et
600 2251 847 2288 intellectum
872 2252 1093 2288 secundum
1119 2249 1201 2286 eius
1227 2248 1492 2286 divinitatem.

176 2313 268 2348 Ideo
293 2310 390 2347 dicit
413 2311 631 2359 Apostolus
655 2311 763 2358 quod
787 2310 919 2346 nullus
953 2309 1043 2346 talis
1076 2321 1202 2357 usque
1235 2309 1286 2345 ad
1319 2317 1493 2344 mortem

119 2374 159 2407 35
176 2371 297 2406 habet
344 2368 607 2405 hereditatem
654 2367 780 2417 patris
823 2367 951 2404 nostri
995 2366 1216 2416 spiritualis
1263 2366 1411 2403 Christi
1457 2375 1495 2402 et

178 2427 263 2473 Dei,
311 2436 348 2464 et
393 2439 483 2463 cum
527 2439 609 2463 non
656 2435 788 2475 potest
834 2426 910 2463 nisi
961 2425 1078 2462 titulo
1131 2424 1370 2473 adopcionis
1415 2423 1494 2473 spi-

178 2485 332 2523 ritualis
367 2484 437 2521 filii
471 2486 521 2522 ad
554 2485 819 2522 hereditatem
854 2485 972 2521 istam
1006 2484 1215 2532 attingere,
1250 2492 1361 2532 patet
1385 2484 1493 2532 quod

178 2544 227 2580 sit
262 2556 399 2592 expers
432 2543 549 2579 huius
582 2543 817 2580 hereditatis
850 2544 911 2580 vel
944 2543 1068 2591 regni.

235 2604 284 2638 Et
316 2601 493 2638 inculcat
524 2602 742 2649 Apostolus
766 2603 875 2649 quod
898 2613 1040 2638 avarus
1065 2609 1102 2637 et
1123 2601 1494 2649 quomodocunque
1526 2605 1593 2634 The
1614 2606 1719 2633 sinner
1740 2606 1764 2633 is

116 2675 160 2706 40
176 2673 349 2710 peccans
375 2659 600 2696 mortaliter
624 2659 673 2696 sit
695 2660 893 2708 ydolatra,
929 2672 1019 2696 cum
1043 2659 1117 2695 sibi
1141 2658 1325 2695 instituat
1348 2658 1493 2695 falsum
1550 2649 1587 2668 ³¹¹
1608 2641 1748 2675 ¹d⁰¹²¹¹⁶¹³

245 2795 314 2823 1.1n
330 2803 443 2834 marg:
467 2793 643 2832 Conclusio.
700 2793 724 2821 5.
740 2793 900 2832 Coela-Ita
916 2798 1028 2821 autem.
1087 2802 1120 2821 11.
1136 2794 1168 2820 In
1185 2802 1297 2828 marg:
1315 2792 1492 2820 Conclusio.

176 2838 218 2865 19.
234 2830 328 2858 Cod.:
351 2834 578 2857 inmtescencla.
636 2836 679 2863 27.
697 2828 791 2855 (joaz
807 2837 904 2856 eclam
920 2829 1012 2855 enim.
1070 2828 1115 2863 39.
1132 2829 1163 2855 ln
1182 2837 1295 2862 marga
1313 2827 1492 2855 Conclusio.

248 2913 278 2946 ὁ.
306 2913 393 2956 Eph.
415 2914 456 2953 V,
484 2913 512 2945 3.
615 2914 756 2954 13—17.
784 2912 828 2944 1b,
852 2924 884 2954 4.
984 2923 1035 2954 24·
1063 2911 1106 2944 ib.
1139 2912 1167 2944 5.
