1944 3323
118 230 191 265 190

112 919 153 946 So
174 919 247 946 with
270 918 377 958 regard

128 959 158 980 to
179 962 236 980 our
255 962 362 989 saymg

146 989 222 1020 (that
241 989 299 1015 law
321 989 346 1016 is

113 1024 194 1058 God)
212 1024 311 1051 which
328 1025 384 1051 has

125 1060 197 1086 been
220 1059 371 1086 attacked.

146 1557 223 1584 This
244 1558 348 1584 felloxv

124 1593 233 1619 should
256 1598 305 1627 get
326 1601 365 1627 up

112 1628 160 1654 the
181 1628 327 1654 ele-ments
348 1628 381 1654 01·

130 1670 286 1696 grammar
307 1662 364 1689 and

204 1698 292 1733 logie.

695 228 917 260 JOHANNIS
936 227 1119 260 WYCLIF
1138 228 1394 262 SERMONUM
1426 215 1576 273 [SERMO
1597 226 1708 255 XXIV-

397 334 491 370 facti
544 342 635 370 sunt
686 346 754 381 per
785 334 962 369 Verbum
1009 333 1100 380 Dei;
1153 343 1189 370 et
1236 335 1312 371 isto
1358 336 1480 372 modo
1525 335 1708 372 inficiunt

397 392 646 440 evangelium
680 391 882 439 Apostoli:
922 391 991 427 Ex·
1022 392 1104 441 ipso
1144 400 1179 428 et
1211 405 1286 442 per
1318 393 1441 442 ipsum
1481 401 1517 429 et
1556 394 1591 429 in
1625 394 1707 443 ipso

396 458 483 486 sunt
505 451 630 487 omnia
654 450 730 494 (Ad
755 451 868 485 Rom.
894 451 962 495 110)
994 462 1083 485 cum
1109 450 1243 486 multis
1267 450 1474 498 scripturis
1497 451 1706 488 similibus.

398 511 478 545 Nec
523 508 682 552 mirum,
735 519 825 543 cum
870 506 1005 554 ydiote
1052 507 1180 555 ignari
1224 508 1453 556 ignobiliter
1498 509 1709 558 proprium

396 566 537 602 nidum
570 564 766 602 inficiunt.
801 565 1012 601 Sentencia
1051 565 1156 602 enim
1188 566 1426 603 venerabilis
1458 567 1637 604 Anselmi
1669 567 1709 604 in

397 624 532 660 libello
572 636 643 660 suo
683 625 739 658 De
771 622 948 659 Veritate
987 624 1096 672 quod
1140 625 1263 661 omnis
1306 625 1451 661 veritas
1495 633 1550 661 est
1588 625 1706 661 Deus.

399 684 484 730 Ipse
507 691 643 718 tamen
660 680 951 717 Lincolniensis
976 694 1066 717 cum
1090 681 1176 718 aliis
1200 682 1348 719 sanctis
1372 695 1465 731 sepe
1487 682 1709 720 sentenciat

399 742 507 788 quod
547 739 721 788 quelibet
761 747 946 775 creatura
984 740 1104 776 habet
1143 740 1350 788 propriam
1382 740 1606 787 veritatem,
1640 737 1708 777 ubi

399 807 509 846 patet
532 798 640 846 quod
663 796 738 844 ipsi
769 809 879 833 more
903 796 1100 845 scripture
1124 798 1375 846 equivocam,
1400 807 1437 835 et
1459 799 1573 835 valde
1597 800 1709 835 decet

400 858 586 893 doctores
619 856 669 892 ad
702 856 1010 891 memorandum
1044 855 1162 892 istam
1196 856 1550 904 equivocacionem
1584 856 1708 905 scrip-

399 924 487 950 ture
526 913 856 962 equivocaciones
889 913 988 949 tales
1021 915 1264 963 quandoque
1303 913 1489 951 inserere.
1537 916 1708 959 Quando

400 985 494 1021 ergo
549 971 694 1008 dicitur
744 972 852 1019 quod
911 970 1040 1007 omnis
1094 972 1153 1008 lex
1211 981 1267 1008 est
1316 974 1421 1008 Deus
1471 973 1710 1009 abstractive

398 1032 617 1067 secundum
660 1028 1027 1065 consideracionem
1069 1042 1270 1066 summam
1311 1031 1358 1066 de
1395 1031 1480 1078 lege
1519 1030 1710 1067 intellecti

400 1093 456 1135 (ut
488 1089 701 1125 Anselmus
734 1087 921 1135 intelligit
948 1087 1187 1134 veritatem),
1222 1087 1315 1136 quia
1347 1088 1388 1124 in
1412 1088 1572 1125 Psalmo
1598 1118 1605 1125 .
1633 1118 1639 1125 .
1667 1118 1674 1125 .

399 1148 485 1184 Lex
528 1155 591 1182 tua
636 1147 793 1192 veritas,
838 1154 875 1181 et
908 1147 1069 1194 quando
1114 1145 1260 1182 dicitur
1300 1147 1408 1194 quod
1453 1147 1574 1183 multe
1619 1155 1710 1183 sunt

398 1207 503 1253 leges
547 1204 673 1241 eciam
720 1203 867 1252 inique,
913 1203 1190 1251 anologizatur
1229 1203 1419 1252 equivoce
1463 1204 1503 1240 in
1547 1204 1709 1241 nomine

399 1263 507 1312 legis,
538 1262 639 1298 sicut
662 1261 789 1298 sancti
813 1261 1064 1309 equivocam,
1090 1261 1267 1298 dicentes
1291 1263 1400 1310 quod
1423 1271 1514 1298 sunt
1537 1262 1708 1310 plurime

396 1321 597 1358 veritates.
643 1322 721 1356 Sed
760 1332 878 1367 super
917 1319 1002 1355 istis
1041 1320 1188 1356 clamat
1226 1319 1373 1356 inscius
1414 1329 1451 1356 et
1483 1333 1601 1369 super
1634 1320 1709 1357 isto

399 1379 657 1416 convincetur
694 1379 744 1414 ad
784 1377 995 1413 minimum
1030 1379 1137 1426 quod
1170 1377 1300 1414 omnis
1334 1378 1393 1414 lex
1427 1387 1484 1415 est
1515 1378 1707 1424 increata,

400 1447 437 1474 et
475 1450 565 1474 cum
604 1436 739 1484 aliqua
777 1436 836 1472 lex
873 1448 954 1472 non
987 1444 1044 1472 est
1082 1435 1273 1481 increata,
1314 1444 1351 1472 et
1389 1436 1445 1473 sic
1478 1445 1536 1473 est
1569 1438 1710 1473 doctor

400 1508 518 1544 quem
553 1495 710 1530 mordet
742 1493 781 1529 in
814 1506 885 1529 sua
918 1493 1105 1530 absencia
1138 1495 1389 1542 redargutus.

457 1554 534 1590 Sed
564 1553 690 1588 discat
723 1551 860 1599 ydiota
894 1552 983 1587 talis
1016 1551 1209 1600 requisita
1242 1553 1292 1588 ad
1327 1552 1709 1598 contradiccionem,

399 1621 615 1660 antequam
647 1611 853 1658 procedat,
893 1609 934 1645 in
973 1610 1182 1646 summulis
1222 1611 1271 1646 ad
1312 1609 1544 1647 discendum
1584 1611 1710 1659 legem

401 1680 437 1706 et
491 1678 677 1705 naturam
730 1667 1152 1704 contradictoriorum.
1207 1667 1348 1704 Melius
1403 1668 1564 1717 quidem
1609 1669 1711 1705 foret

400 1728 521 1764 talem
554 1727 731 1775 ydiotam
767 1725 984 1762 stulticiam
1018 1739 1131 1762 suam
1165 1726 1353 1774 plangere
1391 1728 1463 1762 sub
1497 1727 1712 1775 columpna

403 1799 523 1835 quam
554 1794 636 1822 tam
665 1785 801 1833 patule
831 1783 1105 1831 ignoranciam
1135 1796 1247 1820 suam
1272 1784 1498 1820 declamare
1520 1785 1560 1820 in
1583 1785 1711 1830 scola;

403 1844 514 1892 prius
548 1842 654 1879 enim
688 1842 913 1879 addisceret
945 1842 1166 1878 summulas
1204 1851 1241 1878 et
1281 1841 1404 1878 libros
1437 1843 1709 1888 elenchorum,

404 1911 619 1950 antequam
650 1900 750 1937 alios
782 1900 837 1936 sic
862 1899 1074 1948 dupliciter
1097 1900 1329 1936 defamaret.
1363 1901 1411 1936 Et
1434 1900 1465 1936 si
1489 1902 1712 1937 adducatur

404 1960 443 1995 in
493 1968 635 1995 testem
697 1967 781 1994 tota
831 1958 940 1994 scola
996 1970 1214 2005 puerorum
1270 1958 1332 1994 vel
1388 1958 1709 1995 effeminatorum

403 2017 595 2053 similium
634 2017 701 2065 qui
739 2015 921 2052 nesciunt
958 2015 1116 2063 planius
1155 2016 1521 2053 contradiccionem
1561 2016 1602 2052 in
1634 2025 1711 2053 ter-

405 2075 522 2112 minis
555 2075 740 2120 limitare,
779 2082 968 2122 parcatur
1000 2073 1133 2121 pueris
1171 2073 1329 2121 ydiotis‚
1371 2083 1407 2110 et
1439 2074 1585 2111 talibus
1618 2076 1711 2111 doc-

404 2134 559 2170 toribus
592 2132 767 2169 stulticia
798 2131 974 2179 ydiotica
1006 2131 1247 2168 remittatur.
1282 2132 1440 2168 Scimus
1473 2132 1634 2180 quidem
1669 2145 1712 2169 ex

406 2192 482 2228 fide
520 2192 628 2239 quod
665 2203 873 2238 nunquam
912 2189 985 2225 fuit
1023 2189 1296 2238 blasphemior
1335 2189 1484 2226 heresis
1516 2190 1713 2227 blaterata

405 2263 524 2298 quam
555 2250 661 2297 quod
685 2248 790 2284 dicte
822 2246 1019 2295 scripture
1052 2260 1163 2284 sacre
1196 2261 1286 2284 curn
1320 2248 1374 2284 eis
1407 2248 1602 2284 similibus
1635 2248 1712 2284 sint

403 2320 558 2343 summe
582 2306 849 2354 impossibiles
874 2305 1046 2341 heretice
1069 2314 1105 2341 et
1128 2305 1395 2353 dampnande.
1420 2307 1553 2342 Unum
1577 2315 1709 2343 autem

404 2366 566 2414 predico
599 2364 683 2401 istis
717 2362 901 2400 hereticis
925 2365 1032 2411 quod
1055 2376 1193 2400 omnes
1216 2363 1271 2399 illi
1294 2363 1476 2400 nesciunt
1500 2363 1709 2400 minimum

404 2425 567 2459 verbum
602 2423 798 2471 scripture
821 2433 931 2457 sacre
961 2426 1066 2465 (scum
1097 2421 1146 2457 sit
1173 2423 1337 2457 verbum
1364 2422 1499 2458 Sancti
1523 2421 1711 2470 Spiritus)

405 2482 653 2529 impugnare,
693 2482 761 2517 sed
799 2488 958 2527 oportet
996 2479 1103 2527 ipsos
1137 2479 1342 2516 addiscere
1374 2479 1551 2527 linguam
1586 2488 1622 2516 et
1654 2481 1711 2516 lo—

405 2539 533 2587 gicam
568 2552 687 2587 quam
722 2538 921 2586 ignorant.

473 2673 501 2700 (3.
522 2672 625 2700 Recte:
648 2677 693 2699 est
713 2672 805 2707 quod.
881 2679 918 2699 12.
940 2671 1034 2699 Coa:
1058 2671 1170 2698 dicitur
1190 2671 1284 2699 deest.
1306 2671 1434 2699 Addidi.
1509 2680 1549 2706 14.
1571 2672 1710 2705 Psalmo;

404 2709 542 2744 sequitur
562 2709 616 2735 lac.
637 2707 667 2734 in
688 2708 756 2734 cod.
829 2706 872 2733 23.
894 2707 988 2734 Cod.:
1011 2707 1131 2733 similis.

473 2803 504 2835 ὁ.
532 2803 564 2834 S.
590 2802 757 2834 Anselmi
777 2801 1038 2834 Cantuariensis
1065 2802 1158 2844 Opp.
1184 2802 1250 2842 (ed.
1279 2800 1486 2843 Gmberon),
1519 2811 1596 2844 pag.
1628 2811 1707 2844 109:

406 2851 579 2890 Quoniam
592 2850 702 2880 Deum
719 2849 898 2880 veritatem
915 2858 991 2880 esse
1007 2848 1182 2880 credimus
1198 2872 1205 2880 .
1222 2873 1229 2879 .
1245 2872 1252 2880 .
1268 2872 1276 2880 .
1330 2858 1379 2889 14.
1395 2848 1450 2879 Ps.
1466 2847 1618 2889 CXVIII,
1635 2858 1708 2889 142.

1730 868 1768 890 10

1730 1148 1766 1180 15

1727 1449 1768 1470 20

1730 1728 1769 1760 25

1729 2020 1770 2052 30

1729 2309 1768 2340 35
