1944 3323
237 266 373 294 sERMo
395 256 448 313 λη]
729 271 903 303 TERTiA
932 272 1058 304 PARS.
1793 275 1844 319 69

143 407 166 437 F
199 407 205 437 Ι
237 375 588 413 circumstanciam
636 386 801 426 propter
847 391 967 427 quam
1014 379 1146 416 taliter
1193 393 1470 428 peccaverunt,
1517 395 1552 420 ct

143 418 291 494 2552sic
331 443 539 483 tamquam
579 435 850 472 Antichristus
890 437 1026 474 fedant
1066 438 1222 486 plebem
1266 440 1454 477 continue
1484 438 1487 494 Ι
1518 452 1553 478 et

234 505 442 541 quousque
459 495 543 530 Deo
566 494 762 542 placuerit
785 508 898 531 suam
923 496 1145 533 versuciam
1171 498 1336 534 ecclesie
1361 511 1552 538 reserare.

289 551 432 587 Tereia
466 551 651 588 condicio
686 552 878 602 requisita
902 554 951 590 ad
976 554 1269 592 confessionem
1296 556 1469 604 primam
1495 568 1551 595 est
1584 563 1610 591 3.
1632 566 1827 603 §qimai-usn·

198 608 363 657 §operis
396 609 625 647 satisfaccio
660 624 778 659 quam
815 624 887 659 ego
921 614 1042 649 credo
1074 613 1276 662 requirere
1301 616 1549 653 delecionem
1595 604 1641 626 ΤΤ
1662 601 1690 627 Ἠ
1713 602 1805 629 ‘Md‘

230 666 407 703 accionis
426 667 606 716 predicte
625 678 661 705 et
680 682 751 717 per
767 682 1015 719 consequens
1034 672 1272 719 penalitates
1294 673 1551 712 medicinales

229 726 278 761 ad
299 725 469 762 crimina
488 735 578 774 post
597 729 792 774 cavenda3
818 737 859 764 ut
879 738 1018 765 contra
1040 740 1207 777 peccata
1225 731 1450 779 spiritualia
1469 732 1549 770 sive

229 783 428 820 diabolica
463 793 624 833 oportet
657 787 765 834 quod
800 787 922 823 homo
956 787 995 824 in
1028 788 1218 825 oracione
1253 791 1396 827 devota
1429 800 1549 840 atque

229 841 420 878 continua
445 842 494 879 sit
517 843 712 889 intentus;
737 853 879 881 contra
904 854 1070 893 peccata
1090 847 1311 884 mund-ialin
1331 850 1448 885 dehet
1472 851 1547 886 ele-

173 912 212 934 ιο
228 900 431 937 mosinare
450 910 486 937 et
505 902 734 950 specialiter
753 904 802 939 ad
819 903 1059 940 elemosinas
1077 904 1305 953 spirituales
1326 906 1546 952 intendere,

227 967 263 994 et
287 968 428 995 contra
452 969 619 1008 peccata
643 961 821 998 carnalia
845 971 1006 1010 oportet
1030 972 1264 1010 peccantem
1300 978 1371 1013 per
1395 967 1546 1014 penali-

225 1025 326 1053 tates
350 1026 470 1066 atque
494 1017 642 1055 ieiunia
666 1031 827 1055 carnem
853 1020 1061 1068 propriam
1096 1021 1304 1070 castigare.
1340 1024 1417 1060 Sed
1451 1025 1544 1073 quia

224 1087 364 1111 omnes
393 1084 472 1112 tres
507 1078 639 1113 hostes
673 1077 844 1125 predicti
878 1089 1124 1116 concurrunt
1158 1082 1430 1118 communiter
1462 1092 1542 1120 tam

224 1135 461 1182 temptando
485 1148 606 1183 quam
632 1137 682 1172 ad
708 1135 878 1173 crimina
902 1136 1143 1184 inducendo,
1178 1138 1269 1176 ideo
1294 1141 1543 1179 confessores

170 1191 435 1240 15iniungunt
459 1193 613 1229 mixtim
639 1194 709 1230 has
742 1203 821 1231 tres
855 1195 1116 1243 penitencias‚
1152 1210 1242 1234 cum
1278 1199 1450 1235 confessi
1483 1200 1542 1237 sui

221 1259 312 1286 sunt
335 1250 391 1286 rei
415 1251 687 1288 communiter
710 1252 750 1288 in
776 1252 849 1289 hiis
873 1254 1000 1290 tribus
1023 1255 1236 1302 generibus
1266 1266 1540 1305 peccatorum.

279 1310 328 1344 Et
362 1308 425 1345 hic
458 1309 616 1346 videtur
650 1310 786 1347 multis
821 1311 1005 1349 mirabile
1038 1315 1147 1362 quod
1180 1315 1325 1363 prelati
1349 1316 1417 1365 qui
1449 1329 1540 1353 ven·
1579 1321 1755 1369 Inclapqciry
1775 1323 1810 1349 Of

223 1365 358 1403 dicant
397 1380 437 1404 se
477 1369 621 1405 debere
667 1381 752 1405 esse
798 1370 977 1407 medicos
1018 1371 1247 1409 animarum
1292 1386 1365 1411 nec
1409 1374 1539 1412 sciunt
1561 1356 1691 1419 *Wissiiii
1712 1358 1829 1420 {inimi

221 1424 325 1461 inter
358 1426 529 1462 mortale
562 1436 599 1463 et
631 1427 784 1464 veniale
819 1428 1063 1477 distinguere
1094 1443 1169 1467 nec
1202 1433 1389 1469 morbum
1425 1434 1539 1482 spiri-

162 1484 371 1520 2otualem
407 1484 638 1521 differenter
678 1499 700 1522 a
739 1486 911 1524 sanitate
951 1500 1208 1535 cognoscere,
1250 1503 1341 1527 cum
1383 1491 1460 1528 sint
1500 1492 1539 1529 in

220 1541 397 1590 capitulo
427 1542 543 1579 Ysaie
565 1545 632 1589 VO,
670 1554 733 1590 20,
769 1544 945 1582 dicentes
977 1547 1116 1583 honum
1149 1548 1294 1584 malum
1327 1557 1362 1585 et
1395 1550 1538 1586 malum

218 1600 368 1636 bonum.
404 1603 485 1637 Nec
518 1602 644 1638 tercio
667 1602 798 1639 sciunt
822 1604 1082 1641 condiciones
1107 1606 1367 1643 contricionis
1392 1609 1536 1645 docere

217 1670 289 1694 nec
324 1658 544 1696 medicinas
576 1660 805 1708 spirituales
839 1671 979 1699 contra
1013 1664 1250 1711 peccamina
1283 1666 1490 1714 adaptare.

276 1718 493 1762 Quomodo
527 1730 621 1766 ergo
654 1719 785 1755 forent
809 1732 830 1756 a
855 1722 938 1757 Deo
963 1721 1171 1758 constituti
1204 1732 1246 1759 ut
1279 1723 1356 1760 sint
1390 1725 1535 1761 medici

159 1776 197 1808 25
216 1773 457 1821 animarum,
500 1788 590 1812 cum
629 1777 732 1813 foret
771 1777 935 1815 insanus
969 1779 1036 1828 qui
1070 1789 1300 1829 acceptaret
1334 1783 1534 1819 medicum

215 1834 469 1881 corporalem
506 1835 758 1872 condicionis
791 1837 1130 1885 proporcionalis,
1165 1851 1255 1875 cum
1281 1853 1303 1876 a
1326 1841 1532 1877 verisimili

213 1901 376 1928 noceret
395 1893 483 1940 plus
503 1906 625 1941 quam
645 1894 860 1942 proficeret
878 1896 1066 1944 pacienti.
1087 1898 1135 1932 Et
1151 1896 1190 1933 in
1207 1897 1291 1934 istis
1306 1898 1534 1946 specialiter

213 1949 304 1985 laici
328 1959 419 1986 sunt
442 1950 560 1997 illusi,
595 1951 685 1988 ideo
709 1962 871 2001 oportet
894 1954 1002 2002 ipsos
1027 1968 1270 2003 cognoscere
1295 1959 1403 2005 quod
1427 1958 1533 1994 salus

213 2016 289 2044 stat
322 2007 362 2045 in
394 2008 525 2057 prima
559 2011 810 2048 confessione
850 2021 887 2048 et
927 2012 1059 2061 primo
1099 2014 1256 2051 medico
1289 2015 1531 2053 animarum.

155 2126 195 2158 30
735 2126 928 2166 SERMO
963 2127 1010 2167 X.

268 2207 434 2244 Domine
464 2209 572 2245 Deus
604 2223 710 2247 meus
741 2211 1003 2262 honorificabo
1043 2220 1088 2249 te.
1136 2214 1235 2250 Isaie
1268 2216 1408 2261 XXVO,
1442 2229 1451 2251 1
1493 2226 1530 2253 et

209 2264 381 2311 sparsim
415 2266 524 2303 alibi.

266 2324 374 2359 Istud
407 2334 540 2361 auten]
574 2327 740 2362 verbum
774 2327 846 2363 fuit
879 2329 1075 2376 prophete
1109 2329 1242 2365 eximii
1273 2331 1383 2376 Isaie‚
1420 2342 1526 2380 post-

211 2393 333 2428 quam
367 2381 466 2418 vidit
500 2385 660 2420 crebras
682 2384 857 2421 visiones
890 2386 1149 2434 propheticas
1183 2397 1220 2424 et
1254 2389 1377 2425 sensit
1410 2391 1527 2427 bene-

150 2443 188 2474 35
208 2438 410 2476 ficiencias
443 2440 646 2488 graciosas
680 2442 752 2479 Dei
792 2443 872 2489 sui3
913 2453 950 2480 et
990 2444 1092 2481 sicut
1132 2445 1228 2493 ipse,
1269 2447 1324 2483 ita
1357 2447 1525 2496 quilibet
1552 2452 1598 2477 ΑΗ
1621 2452 1796 2479 C¹1si⁵¹h¹11⁵

208 2496 336 2533 fid'elis
387 2499 449 2534 vel
501 2499 742 2537 christianus
801 2510 960 2538 tenetur
1013 2503 1277 2541 conformiter
1329 2506 1522 2553 profiteri.
1578 2487 1782 2555 fwiff1'j¹‡[fd(‘;¹‹‘›'d,

207 2555 348 2591 Omnis
401 2565 534 2593 autem
589 2558 717 2594 fidelis
770 2568 927 2596 tenetur
979 2561 1250 2599 honorificare
1304 2564 1521 2600 Dominum

271 2675 300 2700 4.
324 2667 419 2695 Cod.:
440 2668 481 2695 ita
501 2669 654 2697 condicio.
727 2670 750 2698 5.
768 2671 862 2699 Cod.:
885 2672 1102 2700 deleccionem.
1177 2682 1206 2709 9,
1230 2683 1270 2701 10.
1293 2674 1387 2703 Cod.:
1411 2677 1523 2703 elemo-

204 2701 328 2729 sinaria.
402 2702 443 2730 25.
466 2703 560 2731 Cod:
582 2704 710 2732 insanis*
784 2714 829 2741 27.
851 2706 947 2735 Cod.:
968 2712 996 2735 et
1016 2708 1139 2736 extinct.
1161 2708 1190 2736 in
1212 2714 1306 2736 textu.

275 2762 326 2804 34.
346 2764 512 2806 Vulgate:
542 2765 692 2799 Domine
711 2767 807 2800 Deus
827 2778 922 2800 meus
941 2778 975 2801 es
994 2774 1050 2801 tu.-
1076 2770 1248 2802 exaltabo
1275 2775 1308 2803 te
1327 2795 1334 2802 .
1354 2796 1360 2802 .
1382 2796 1389 2802 .
1409 2796 1415 2803 .
1443 2771 1522 2803 The

203 2819 348 2841 sermon
378 2810 432 2842 for
458 2810 518 2843 the
545 2812 678 2844 Octave
703 2813 744 2845 of
767 2814 966 2857 Epsphany,
993 2826 1038 2846 on
1067 2815 1181 2848 which
1209 2817 1278 2858 day
1305 2817 1362 2848 the
1391 2819 1518 2849 sarum

204 2855 322 2887 Missal
355 2856 417 2888 has
450 2868 468 2889 a
501 2859 639 2891 lesson:
678 2860 798 2892 Lectio
832 2861 956 2893 Esaiae
988 2862 1201 2905 Prophetae.
1237 2863 1388 2896 Domine
1422 2865 1519 2896 Deus

204 2911 301 2935 meus
327 2904 572 2948 honorificabo
599 2910 632 2938 te
658 2910 723 2939 etc.
