1944 3323
169 770 236 797 The
257 778 340 796 more
362 770 418 796 evil

189 805 237 831 tlie
257 805 333 840 days
354 808 421 835 arc-,⁴

190 840 239 866 tlie
261 848 345 866 inore
367 848 410 865 we

189 875 298 901 should
321 874 412 901 sti-ive

231 915 261 936 to
284 910 367 936 work

178 945 417 979 riglileousucss.

175 2325 240 2353 The
262 2327 362 2363 clergy
383 2328 407 2354 is

188 2362 288 2389 bound
312 2367 341 2388 to
364 2363 398 2389 be

222 2398 366 2432 specially

167 2437 285 2458 earncst
305 2433 334 2458 in
356 2433 421 2459 well

241 2466 344 2500 doing,

750 251 971 284 JOHANNJS
990 252 1171 285 wrcmr
1192 253 1445 286 SERMONUM
1528 240 1679 298 [SERMO
1700 250 1763 278 tu.

455 358 607 404 rianda,
653 367 747 395 tunc
787 367 843 394 est
881 358 1090 403 varianda;
1136 360 1202 395 sed
1243 368 1407 396 econtra
1445 371 1524 395 non
1566 359 1759 407 sequitur.

455 419 554 453 Cum
589 426 721 453 autem
757 416 887 452 omnis
920 417 1064 452 veritas
1098 417 1286 453 fundatur
1320 417 1358 452 in
1392 417 1524 465 aliqua
1550 417 1758 453 influxibili

453 474 633 519 veritate,
668 483 777 522 patet
800 475 907 522 quod
937 487 1078 511 omnes
1103 474 1261 511 articuli
1287 475 1376 511 fidei
1402 484 1438 511 et
1462 475 1592 511 omnis
1616 475 1759 511 veritas

454 541 615 569 causata
649 531 878 568 seducibilis
912 541 969 568 est
1002 533 1050 568 ad
1076 532 1204 577 illam3
1239 546 1328 568 cum
1354 546 1447 580 ergo
1472 535 1576 568 Deus
1600 533 1760 569 racione

453 590 675 626 eternitatis
719 602 787 625 sue
832 589 880 626 sit
919 602 1081 638 presens
1121 590 1231 626 omni
1270 599 1452 638 tempore
1491 590 1684 638 preterito
1724 594 1793 626 et5

452 648 598 692 futuro,
634 656 743 695 patet
776 649 883 695 quod
917 647 1000 684 eius
1029 647 1186 684 iusticia
1210 648 1405 695 regulabit
1428 648 1760 696 qualitercunque

454 706 574 742 homo
608 704 646 740 in
679 705 932 741 successione
965 705 1159 753 temporis
1192 706 1376 741 variaret.

510 764 609 799 Cum
656 775 749 810 ergo
796 775 838 798 ex
885 763 960 799 fide
1006 763 1204 811 scripture
1249 763 1288 798 in
1330 763 1405 799 fine
1444 762 1637 811 temporis
1677 762 1759 798 dies

453 820 546 856 mali
580 829 683 865 sunt,
719 829 754 856 et
788 820 843 856 sic
877 822 1068 857 debemus
1092 830 1251 868 tempus
1275 822 1484 866 redimere,
1518 829 1628 868 patet
1652 822 1759 868 quod

452 887 509 914 est
553 879 674 914 stulto
719 878 884 914 stulcior
923 879 989 927 qui
1030 878 1155 915 credit
1195 881 1301 926 quod
1347 887 1512 926 propter
1557 878 1756 914 maliciam
1781 894 1818 914 10

452 937 643 972 debemus
677 936 781 972 male
814 948 931 983 agere
964 938 1032 972 sed
1066 937 1207 984 pocius
1241 945 1406 984 propter
1440 936 1522 972 eius
1556 936 1757 972 maliciam

452 995 641 1030 debemus
680 994 898 1030 instancius
939 1003 975 1029 et
1015 994 1175 1030 caucius
1214 1007 1287 1042 pro
1326 994 1568 1042 operacione
1606 993 1760 1030 iusticie

451 1051 674 1099 providere.
721 1053 922 1087 Debemus
962 1064 1055 1099 ergo
1095 1065 1168 1100 pro
1207 1052 1435 1088 variacione
1480 1051 1674 1099 temporis
1720 1051 1759 1087 in

451 1109 599 1145 nostris
631 1109 940 1157 operacionibus
972 1110 1139 1155 variare,
1174 1109 1267 1158 quia
1306 1111 1394 1157 plus
1438 1109 1649 1145 occasione
1693 1121 1759 1157 pe-

451 1167 565 1203 riculi
611 1179 825 1215 precavere
871 1177 907 1203 et
953 1167 1126 1203 instante
1165 1167 1377 1203 conflictus
1415 1167 1630 1203 striccione
1669 1180 1757 1203 cum
1782 1172 1816 1203 15

451 1224 597 1261 nostris
632 1224 812 1261 hostibus
845 1224 997 1261 virilius
1031 1227 1250 1261 decertare.
1285 1227 1385 1262 Cum
1411 1238 1504 1272 ergo
1527 1237 1600 1261 nos
1623 1237 1759 1261 sumus

450 1283 485 1318 in
526 1295 619 1331 quos
645 1283 750 1332 fines
787 1283 1006 1319 seculorum
1048 1284 1281 1319 devenerunt
1326 1292 1362 1319 et
1407 1295 1476 1330 per
1510 1295 1757 1331 consequens

450 1340 760 1388 propinquiores
807 1341 877 1376 Dei
927 1340 1077 1383 iudicii,
1127 1342 1318 1377 debemus
1368 1353 1486 1388 agere
1526 1340 1677 1376 virilius
1723 1349 1759 1376 et

450 1410 589 1434 cavere
625 1398 785 1434 caucius
821 1408 857 1434 et
892 1398 1119 1434 desiderare
1151 1398 1374 1435 fervencius
1407 1406 1587 1434 nostrum
1623 1398 1758 1434 termi-

449 1469 543 1492 num
578 1456 823 1492 ultimatum.
859 1457 950 1492 Ideo
980 1469 1053 1504 pro
1077 1455 1162 1492 istis
1185 1456 1312 1492 tribus
1335 1458 1525 1492 debemus
1550 1456 1588 1491 in
1611 1456 1758 1492 nostris
1776 1470 1817 1491 20

449 1514 638 1562 operibus
670 1514 838 1550 variare.
875 1516 973 1550 Cum
1001 1526 1093 1562 ergo
1118 1514 1185 1550 illa
1218 1514 1362 1550 veritas
1396 1513 1676 1550 conneccionis
1709 1513 1758 1550 sit

448 1571 693 1608 invariabilis
728 1581 763 1607 et
797 1580 945 1617 eterna,
972 1573 1078 1619 quod
1102 1572 1133 1607 si
1157 1574 1262 1608 Deus
1294 1573 1368 1608 hoc
1403 1571 1526 1619 magis
1560 1571 1759 1608 desiderat

449 1638 485 1665 et
518 1629 573 1666 sic
605 1629 721 1666 nobis
755 1629 903 1675 utilius,
938 1638 1032 1665 tunc
1065 1631 1256 1665 debemus
1292 1630 1415 1677 magis
1439 1631 1487 1665 ad
1512 1629 1609 1665 illud
1633 1638 1759 1665 atten-

448 1688 553 1732 dere,
579 1696 614 1723 et
638 1687 667 1723 si
692 1689 741 1723 ab
766 1687 1014 1735 experiencia
1039 1696 1074 1723 et
1099 1688 1387 1724 consuetudine
1411 1686 1644 1723 Antichristi
1676 1687 1758 1723 dies

447 1744 573 1780 nostri
606 1744 645 1780 in
679 1745 852 1781 deterius
885 1754 1219 1791 transmutantur,
1245 1747 1435 1781 debemus
1460 1745 1664 1792 placencie
1688 1745 1758 1781 Dei
1777 1749 1815 1780 25

449 1812 485 1838 et
518 1811 652 1839 nostre
685 1802 849 1839 utilitati
882 1816 955 1850 pro
994 1803 1222 1839 variacione
1260 1802 1455 1851 temporis
1494 1803 1582 1850 plus
1623 1802 1757 1847 inniti;

448 1870 484 1896 et
517 1860 661 1896 ultimo
696 1873 784 1896 cum
820 1860 921 1897 veris
955 1861 1134 1908 sequitur
1167 1863 1274 1909 quod
1310 1862 1501 1897 debemus
1542 1861 1630 1907 plus
1672 1873 1758 1908 pre-

448 1931 589 1965 parare
622 1931 695 1954 nos
728 1920 778 1954 ad
813 1919 1122 1966 disposicionem
1148 1928 1397 1955 securantem
1424 1931 1497 1966 pro
1521 1918 1584 1954 die
1608 1918 1756 1954 iudicii.

448 1977 523 2012 Sed
564 1975 834 2012 Antichristus
883 1978 1051 2012 mendax
1094 1989 1175 2012 non
1215 1978 1333 2013 audet
1373 1988 1517 2023 negare
1557 1976 1652 2024 quin
1692 1975 1758 2011 illa

447 2033 664 2081 disposicio
703 2042 780 2070 stat
825 2033 863 2069 in
910 2034 1109 2070 constanti
1155 2034 1416 2070 observancia
1461 2033 1555 2080 legis
1596 2033 1816 2069 Christi.30

447 2092 539 2126 Ideo
584 2092 776 2127 debemus
820 2104 924 2127 nunc
976 2091 1102 2139 ipsam
1155 2093 1368 2128 observare
1417 2091 1673 2128 constancius
1720 2100 1756 2126 et

446 2161 611 2195 arguere
650 2161 696 2185 ac
737 2149 878 2196 punire
917 2149 1080 2185 acucius
1114 2149 1405 2197 delinquentes.
1442 2152 1481 2185 In
1517 2149 1591 2184 hoc
1626 2148 1755 2184 consi-

444 2215 564 2242 steret
597 2215 735 2243 nostra
775 2206 944 2243 varietas
984 2215 1150 2254 propter
1184 2207 1454 2243 variacionem
1490 2206 1685 2254 temporis
1719 2215 1755 2242 et

446 2277 529 2300 non
562 2266 610 2300 ad
645 2264 819 2300 deterius
853 2264 1105 2301 declinando.

505 2323 581 2357 Sed
634 2334 722 2358 cum
779 2322 945 2358 ecclesia
1000 2322 1176 2358 militans
1222 2321 1413 2358 dividitur
1463 2322 1502 2358 in
1546 2323 1617 2358 hec
1662 2322 1814 2366 duo,35

446 2379 596 2416 scilicet
630 2380 668 2415 in
702 2381 852 2416 clerum
887 2389 923 2416 et
957 2381 1165 2428 populum,
1201 2381 1328 2416 clerus
1362 2389 1495 2416 autem
1522 2381 1638 2416 debet
1672 2392 1755 2415 csse

446 2450 537 2484 pars
582 2439 665 2474 Deo
718 2437 985 2486 propinquior
1036 2448 1072 2474 et
1125 2438 1162 2473 in
1209 2438 1354 2474 virtute
1403 2451 1449 2474 ac
1494 2436 1755 2474 observancia

445 2495 540 2542 legis
575 2495 644 2532 Dei
679 2496 827 2543 plebeis
861 2495 1055 2543 superior,
1098 2495 1300 2532 illustrans
1334 2505 1488 2542 partem
1524 2495 1753 2531 inferiorem

446 2552 623 2596 ecclesie,
675 2553 777 2589 sicut
828 2562 935 2589 astra
987 2553 1215 2590 illuminant
1266 2565 1423 2600 speram
1476 2562 1592 2598 terre,
1646 2561 1755 2600 patet

445 2612 551 2657 quod
594 2611 722 2646 clerus
763 2613 811 2646 ad
853 2611 959 2646 illam
1001 2611 1342 2658 periculositatem
1389 2611 1582 2659 temporis
1629 2610 1813 2657 magis40

513 2745 540 2771 o.
563 2745 656 2771 (jodm
684 2745 864 2779 reglimabit
994 2753 1030 2778 17v
1054 2744 1148 2772 Cod.:
1176 2745 1204 2771 in
1226 2753 1298 2778 quo.
1422 2753 1468 2778 24.
1491 2744 1584 2771 Cod.:
1613 2744 1635 2770 si
1659 2744 1751 2771 deest.

442 2787 485 2813 27v
509 2780 608 2806 cod:
637 2779 752 2805 ultima⁴

516 2873 564 2904 17.
593 2863 614 2894 Ι.
642 2864 721 2894 Cor.
750 2863 792 2901 X,
826 2874 874 2894 12.
