1944 3323
150 235 229 280 462
734 239 956 271 JOHANle
976 238 1159 270 wrcrir
1178 236 1430 269 SERMONUM
1495 222 1645 280 [SERMO
1666 231 1742 258 ΜΠ.

166 354 404 394 igi-eiyniaqiu
496 345 700 389 Similiter,
741 357 830 380 cum
872 343 1039 392 quilibet
1078 343 1116 378 in
1152 351 1344 391 quantum
1387 350 1527 390 peccat
1561 350 1617 377 est
1651 353 1743 377 con-

153 389 582 451 δΗΗΠζῖῗῆῗΞωΜἵκῃ-ὼε
637 402 758 439 menti
811 414 879 438 sue
931 414 1067 449 ymmo
1120 400 1176 436 illi
1230 399 1479 436 consciencie
1532 412 1609 447 qua
1660 399 1742 435 vult

189 459 379 486 conscience.
435 461 671 498 naturaliter
704 459 1007 504 beatitudinem,
1041 466 1149 506 patet
1182 460 1289 507 quod
1322 458 1453 494 omnis
1485 466 1673 505 peccator
1704 456 1744 492 in

437 528 631 568 quantum
672 517 901 554 huiusmodi
942 525 999 553 est
1039 516 1240 552 mentitus.
1274 517 1421 552 Vocale
1461 523 1593 552 autem
1635 527 1743 550 men-

437 577 596 614 dacium
637 585 694 612 est
734 575 938 612 modicum
985 575 1291 622 ponderandum
1340 573 1415 610 nisi
1463 572 1589 609 subsit
1635 572 1743 620 prius

438 634 691 671 mendacium
726 633 765 670 in
799 642 932 670 mente
966 641 1002 668 et
1032 632 1149 669 realis
1173 631 1448 680 discrepancia
1480 629 1744 678 obligacionis

438 692 611 729 hominis
652 693 699 728 ad
734 694 878 738 Deum,
918 691 1026 739 quod
1060 691 1313 727 mendacium
1349 688 1619 726 communiter
1652 701 1744 724 con—

437 751 540 787 sistit
583 750 623 786 in
670 762 791 798 opere
835 759 872 786 et
916 749 957 784 in
995 747 1250 797 passionibus
1295 748 1427 784 anime
1475 755 1565 783 ante
1604 759 1743 783 vocem

147 805 421 868 {Yewsepfflfetsffllb
438 809 666 845 formatam.
708 809 769 844 Ad
808 807 918 843 illum
962 806 1100 855 utique
1138 819 1296 843 sensum
1332 807 1522 842 debemus
1555 805 1746 854 deponere

170 876 396 910 neighbouras
438 867 691 913 mendacium,
737 865 831 915 quia
877 878 899 901 a
938 865 1045 901 malo
1087 864 1242 912 peccati
1282 872 1477 912 quantum
1523 862 1744 899 sufficimus

195 920 239 937 we
260 911 371 944 ‘'ug'm
439 924 652 969 declinare,
708 933 745 960 et
794 925 985 960 debemus
1034 924 1211 959 secundo
1262 922 1366 971 loqui
1413 921 1611 958 veritatem
1661 932 1744 955 cum

432 982 641 1032 proximo,-
673 983 779 1029 quod
803 981 984 1026 facimus,
1018 980 1112 1017 licet
1146 979 1245 1016 muti
1278 992 1428 1025 sumus,
1462 979 1493 1015 si
1517 977 1743 1027 proximum

439 1040 641 1088 diligimus
674 1048 716 1075 ut
741 1041 946 1075 debemus.
979 1040 1028 1074 Et
1060 1038 1133 1075 iste
1166 1046 1257 1075 sunt
1282 1040 1357 1074 due
1390 1037 1544 1074 radices
1576 1035 1743 1081 iusticie,

439 1111 528 1134 cum
570 1098 728 1134 Psalmo
772 1099 966 1147 XXXVIO,
1000 1106 1051 1143 27
1093 1096 1258 1133 dicitur:
1298 1096 1460 1132 Declina
1500 1108 1522 1131 a
1565 1095 1667 1130 malo
1711 1101 1746 1130 et

426 1158 501 1205 fac
545 1157 696 1202 bonum,
741 1156 890 1204 inquire
928 1167 1064 1204 pacem
1106 1164 1180 1191 etc.
1226 1155 1363 1190 Solum
1398 1162 1532 1190 autem
1565 1152 1655 1190 talis
1688 1151 1745 1187 in-

439 1213 559 1262 quirit
576 1226 731 1262 pacem,
757 1226 846 1250 cum
871 1221 955 1249 tota
980 1212 1118 1248 mundi
1142 1212 1324 1249 turbacio
1348 1212 1475 1248 oritur
1499 1224 1542 1248 ex
1564 1218 1744 1259 peccato,

438 1281 475 1308 et
504 1271 569 1308 ille
600 1272 730 1308 solum
765 1284 904 1319 pacem
938 1271 1112 1318 perfecte
1145 1271 1325 1319 sequitur
1347 1269 1414 1318 qui
1447 1270 1535 1318 plus
1568 1268 1742 1305 animam

160 1339 217 1365 and
239 1338 309 1365 then
332 1338 403 1376 abach
438 1338 546 1366 amat
569 1342 689 1378 quam
716 1329 880 1377 aliquod
904 1329 1139 1376 temporale.
1164 1328 1381 1364 Racionem
1406 1336 1538 1363 autem
1564 1325 1745 1363 omnium

158 1373 413 1442 ¹Essl¹ffl¹sbcelfffill2¹sse
437 1387 598 1423 illorum
646 1388 790 1423 Paulus
839 1385 1133 1434 complectitur,
1187 1399 1276 1422 cum
1312 1386 1368 1422 sic
1401 1385 1516 1422 dicit:
1557 1384 1745 1428 Quoniam

192 1443 376 1469 timothei-s.
436 1459 567 1481 sumitis
617 1445 775 1481 invicem
821 1445 993 1481 membra
1042 1444 1209 1480 alicuius
1244 1444 1431 1489 hominis,
1478 1443 1571 1491 quia
1615 1442 1744 1479 tocius

439 1502 602 1539 humani
641 1503 796 1550 generis
835 1504 1054 1539 secundum
1105 1515 1188 1539 esse
1232 1516 1347 1539 suum
1391 1502 1592 1543 naturale;
1638 1501 1745 1549 quod

436 1574 558 1608 genus
583 1570 640 1597 est
657 1562 877 1597 secundum
895 1560 1160 1608 Porphyrium
1184 1574 1284 1596 unus
1308 1561 1449 1605 homo:
1473 1561 1541 1595 sed
1567 1560 1745 1594 membra

438 1619 597 1655 infirma
642 1620 884 1667 quandoque
930 1627 1075 1654 nocent
1127 1619 1199 1654 toti
1254 1618 1414 1667 corpori
1468 1626 1504 1654 et
1559 1629 1743 1664 magnam

438 1686 591 1724 partem
623 1677 705 1713 eius
738 1677 932 1713 inliciunt.
968 1677 1007 1712 Si
1041 1686 1172 1713 autem
1207 1690 1344 1713 sumus
1378 1677 1560 1712 membra
1583 1674 1747 1711 ecclesie

437 1744 479 1770 ut
513 1736 703 1771 debemus
742 1736 960 1771 secundum
1002 1744 1185 1783 quartam
1237 1733 1490 1771 existenciam
1526 1733 1744 1769 virtuosam

438 1793 475 1828 in
510 1792 684 1837 homine,
722 1793 975 1828 manifestum
1013 1801 1068 1828 est
1103 1794 1320 1829 secundum
1364 1791 1606 1840 principium
1641 1792 1746 1837 Apo-

438 1851 526 1886 stoli
554 1853 661 1899 quod
685 1852 877 1887 debemus
910 1851 948 1886 in
981 1851 1097 1886 nobis
1131 1851 1294 1886 utilibus
1328 1850 1460 1887 taliter
1482 1862 1554 1885 nos
1589 1849 1744 1888 iuvare:

438 1922 530 1945 nam
571 1908 627 1944 sic
666 1909 866 1957 loquendo
906 1908 1112 1945 veritatem
1159 1917 1445 1957 supportamus
1484 1917 1521 1944 et
1564 1907 1746 1943 iuvamus

438 1980 510 2003 nos
548 1966 656 2015 ipsos
700 1966 919 2014 reciproce,
965 1968 1073 2014 quod
1117 1976 1175 2003 est
1228 1979 1417 2014 magnum
1463 1965 1647 2002 iuvamen
1695 1965 1744 2000 ad

440 2027 681 2061 currendum
717 2024 945 2072 expedicius
978 2024 1082 2061 viam
1117 2026 1167 2061 ad
1201 2024 1388 2073 patriam.

147 2090 207 2117 Not
223 2095 339 2117 evento
352 2099 422 2117 sax-t·
496 2085 543 2118 Et
577 2096 620 2119 ex
644 2082 726 2118 istis
750 2091 859 2131 patet
882 2082 1084 2119 sentencia
1107 2095 1227 2131 quam
1251 2081 1510 2130 AugustinuS,
1534 2081 1745 2117 Anselmus

154 2126 413 2187 ¹³{fex⁸‡[.'1¹i¹d41¹1¹,¹2¹⁸
439 2149 475 2177 et
514 2140 634 2176 ceteri
673 2140 806 2187 sepius
847 2140 1049 2176 inculcant
1089 2142 1197 2188 quod
1236 2153 1316 2176 non
1361 2149 1417 2176 est
1463 2138 1743 2175 menciendum

439 2207 602 2246 propter
635 2198 903 2234 salvacionem
938 2198 1102 2234 humani
1135 2198 1288 2245 generis
1321 2198 1401 2234 sive
1441 2196 1591 2233 mundi.
1637 2198 1745 2232 Men-

439 2256 597 2292 dacium
639 2255 745 2291 enim
786 2255 825 2291 in
864 2264 1057 2303 quantum
1098 2256 1153 2292 sic
1193 2265 1250 2292 est
1289 2264 1500 2304 peccatum
1534 2266 1651 2302 grave
1683 2253 1743 2289 vel

438 2315 534 2359 leve,
568 2322 609 2349 ut
644 2313 896 2350 mendacium
932 2313 1112 2350 iocosum
1145 2315 1205 2350 vel
1238 2314 1478 2350 officiosum.
1514 2315 1618 2349 Inter
1651 2324 1744 2359 ergo

438 2372 522 2407 eius
565 2383 710 2419 genera
758 2371 1002 2407 levissimum
1057 2380 1113 2408 est
1166 2381 1374 2420 peccatum
1430 2372 1479 2407 ad
1534 2369 1743 2406 minimum

438 2429 591 2466 veniale
643 2431 700 2476 (ut
746 2430 862 2465 docet
901 2429 1145 2477 Augustinus
1199 2429 1237 2465 in
1289 2428 1423 2465 libello
1477 2441 1549 2464 suo
1595 2429 1745 2464 Contra

439 2486 722 2532 Mendacium).
777 2488 869 2523 Ideo
921 2490 978 2532 <ut
1030 2487 1229 2523 declaravi
1283 2487 1394 2531 alias)
1446 2486 1485 2521 in
1535 2484 1746 2521 latitudine

509 2617 549 2642 ιι.
578 2609 673 2636 Cod.:
700 2617 769 2636 cum
796 2609 896 2643 dces13
927 2610 1073 2636 sortasse.-
1102 2610 1138 2635 de
1165 2609 1275 2644 quibus
1303 2609 1425 2635 Psalmo
1452 2607 1595 2635 XXXVI⁰
1618 2607 1744 2639 dicitur3

439 2645 478 2670 ib.
500 2644 594 2671 (ζωὰς
616 2644 769 2671 XXXHF‘.

510 2726 562 2747 22.
585 2715 767 2758 Porphyrii
783 2715 999 2747 Introductio
1015 2725 1092 2746 cum
1108 2715 1183 2746 aliis
1198 2714 1455 2746 commentariis
1470 2714 1502 2745 in
1519 2713 1743 2746 Aristotelem

438 2762 575 2804 scriptis
602 2762 670 2803 (ed.
691 2762 778 2794 Ven.
802 2761 912 2804 1562).
947 2763 997 2793 De
1023 2771 1150 2803 genere
1177 2772 1249 2804 cap.
1279 2762 1318 2801 ΙΙ,
1345 2761 1414 2792 vol.
1443 2762 1467 2800 Ι,
1495 2759 1547 2793 2b.
1575 2760 1627 2792 Cf.
1646 2761 1741 2791 Tria-

440 2809 572 2848 logum,
591 2818 667 2850 pag.
689 2807 744 2849 78.
820 2819 871 2849 24.
892 2808 1062 2847 Anselmi⁷
1082 2808 1139 2839 lib.
1159 2808 1337 2839 Exhortat.
1359 2807 1462 2850 opp„
1482 2807 1534 2838 ed.
1551 2806 1744 2844 Cerberon,

439 2865 516 2896 pag.
540 2855 611 2896 193.
640 2857 787 2895 August.
814 2855 893 2885 vide
919 2854 1016 2885 infra.
1115 2854 1168 2886 38.
1195 2856 1229 2886 S.
1249 2857 1335 2894 Aug.
1362 2854 1454 2896 Opp.
1479 2861 1565 2885 tom.
1587 2853 1744 2894 VI‚419.

1766 873 1802 893 10

1766 1153 1801 1184 15

1764 1732 1800 1762 25

1763 2313 1801 2344 35
