1944 3323
169 233 305 262 sermo
329 221 452 280 ww]
655 234 828 266 TERTm
858 234 985 266 PARs.
1696 224 1773 270 379

228 343 410 391 Septimo
433 343 500 378 alii
523 343 641 378 datur
664 342 850 378 discrecio
873 342 1078 391 spirituum
1113 349 1246 377 utrum
1281 339 1358 375 sint
1392 340 1485 375 boni

169 403 229 438 vel
264 401 371 447 mali,
414 400 565 438 diaboli
597 401 659 437 vel
692 400 818 445 beati3
866 401 1010 436 sathan
1044 399 1207 448 quidem
1242 399 1486 447 quandoque

169 460 356 497 transfert
400 472 440 496 se
485 473 524 496 in
563 459 750 507 angelum
790 459 891 496 lucis
931 467 968 495 et
1009 457 1144 494 multis
1184 456 1365 506 patribus
1402 465 1485 493 tam

169 518 266 567 legis
298 530 400 555 nove
432 531 552 567 quam
586 517 731 554 veteris
763 525 854 553 sunt
887 516 1051 565 spiritus
1084 516 1191 553 varie
1230 523 1485 564 apparentes.

135 579 250 615 §Nec
289 576 455 613 dubium
497 575 592 625 quin
632 575 842 624 spirituale
882 577 1033 612 donum
1069 574 1141 611 Dei
1180 574 1230 611 sit
1269 573 1483 622 spirituum

170 635 340 671 istorum
375 634 589 684 qualitates
622 634 724 671 scire
758 634 1017 683 distinguere.

227 695 380 730 Octavo
415 694 559 729 dantur
589 693 658 729 alii
687 705 833 744 genera
867 694 1107 744 linguarum,
1146 700 1187 727 ut
1219 690 1319 727 sciat
1352 690 1486 739 eloqui

171 752 289 789 fidem
330 751 528 801 scripture
565 751 686 788 variis
727 751 910 800 gentibus
954 754 1012 797 (ut
1052 759 1162 799 patet
1202 751 1249 786 de
1290 748 1486 798 apostolis

169 812 256 848 Act.
290 813 355 856 10).

115 885 153 906 ιο
228 871 305 906 Sed
336 881 444 905 nono
479 878 515 905 et
547 868 692 905 ultimo
726 868 844 904 datur
874 867 943 903 alii
969 866 1242 916 interpretacio
1265 878 1486 901 sermonum

170 927 262 964 fidei
287 927 327 964 in
349 927 564 976 scriptura,
598 935 641 963 ut
663 935 755 962 sunt
779 927 966 962 doctores
990 934 1027 962 et
1050 924 1325 974 predicatores
1350 923 1486 960 fideles

170 998 295 1035 usque
329 987 448 1022 hodie
482 985 692 1022 ecclesiam
718 984 979 1021 illustrantes.
1014 986 1062 1020 Et
1086 984 1159 1020 hec
1181 982 1319 1019 omnia
1342 995 1485 1019 novem

170 1046 276 1081 dona
320 1053 512 1093 operatur
556 1056 658 1080 unus
703 1056 749 1080 ac
793 1043 899 1080 idem
945 1041 1131 1091 Spiritus,
1178 1050 1214 1078 et
1259 1054 1339 1078 non
1384 1041 1487 1077 sicut

168 1102 336 1151 gentiles
381 1102 637 1140 crediderant
682 1103 872 1147 errando,
918 1109 1106 1150 putantes
1152 1101 1260 1149 quod
1307 1099 1486 1136 Minerva

116 1167 151 1199 15
169 1160 278 1198 dedit
311 1174 332 1198 a
366 1160 614 1209 proprietate
647 1159 908 1208 sapienciam,
943 1158 1165 1196 Mercurius
1190 1158 1485 1207 eloquenciam‚

169 1229 205 1256 et
239 1220 294 1256 ita
327 1221 374 1256 de
408 1218 495 1256 aliis
529 1218 645 1255 donis
678 1218 763 1255 Dei.

228 1279 304 1315 Sed
344 1291 418 1327 pro
458 1277 665 1314 solucione
706 1276 938 1313 obiectuum
973 1276 1013 1312 in
1046 1276 1121 1312 ista
1157 1275 1326 1312 materia
1360 1284 1396 1311 et
1429 1274 1486 1310 in-

169 1336 328 1373 utilium
353 1336 611 1385 questionum
647 1335 742 1372 dicit
765 1336 983 1384 Apostolus
1016 1336 1125 1383 quod
1148 1334 1307 1383 spiritus
1333 1334 1489 1369 Domini

170 1396 305 1431 dividit
338 1395 462 1431 omnia
497 1395 568 1431 ista
603 1395 701 1430 dona
734 1395 898 1444 singulis
933 1393 1124 1430 membris
1158 1391 1336 1438 ecclesie,
1368 1400 1487 1441 prout

114 1454 250 1489 201'llll
283 1463 319 1490 et
352 1452 482 1489 noscit
516 1452 682 1489 ecclesie
717 1461 753 1488 et
787 1451 863 1488 illis
897 1453 1099 1500 prodesse.

227 1514 280 1547 Ex
314 1511 458 1560 quibus
492 1520 601 1559 patet
634 1511 766 1559 primo
803 1512 911 1559 quod
943 1513 1047 1547 Deus
1081 1511 1200 1546 habet
1235 1508 1487 1545 distinctissi<
1591 1515 1690 1541 God's

171 1583 277 1606 mam
314 1569 504 1606 noticiam
542 1569 806 1617 singularium
841 1579 878 1606 et
910 1582 992 1605 non
1025 1568 1190 1605 confuse
1224 1567 1309 1615 ipsa
1344 1567 1485 1613 noscit,
1522 1550 1757 1612 Ωέῑῗζζέῧῗξξῃ

170 1638 211 1665 ut
245 1628 411 1677 quidam
447 1637 626 1665 errantes
660 1627 856 1671 dixerunt,
891 1629 963 1664 sub
987 1626 1216 1663 intencione
1240 1626 1300 1662 vel
1324 1625 1487 1662 nomine
1581 1620 1700 1648 dsslfflb·

169 1686 500 1724 transcendentis.
548 1688 661 1723 Patet
700 1688 877 1722 secundo
912 1687 1019 1735 quod
1060 1697 1182 1722 causa
1215 1684 1417 1720 sufficiens
1451 1693 1487 1720 et

114 1750 151 1781 25
169 1745 352 1793 quietans
378 1745 514 1782 fideles
537 1746 586 1781 ad
612 1746 939 1793 respondendum
965 1757 1065 1781 vane
1085 1742 1344 1792 querentibus
1363 1755 1487 1791 quare

170 1806 274 1840 Deus
316 1813 397 1840 tam
438 1803 546 1840 varie
584 1802 659 1840 ista
699 1803 794 1840 facit
833 1803 939 1851 quod
981 1803 1072 1839 ideo
1112 1801 1205 1851 quia
1248 1802 1338 1839 vult.
1386 1803 1487 1837 Cum
1531 1808 1585 1835 His
1609 1809 1666 1847 xpm
1690 1808 1751 1834 isa

168 1862 272 1898 enim
307 1862 357 1898 sit
389 1861 661 1910 omnipotens,
696 1861 727 1897 si
759 1862 877 1898 vellet
910 1861 1018 1898 aliud
1051 1861 1112 1897 vel
1135 1859 1250 1897 aliter
1273 1859 1312 1895 in
1338 1861 1488 1896 mundo
1566 1846 1718 1905 ἦᾛιξζῖξῗί

170 1920 267 1963 fieri,
302 1920 437 1969 itaque
470 1929 587 1956 esset.
633 1922 681 1956 Et
721 1929 830 1968 patet
863 1920 989 1956 tercio
1024 1918 1195 1956 reieccio
1229 1918 1487 1967 questionum

169 1978 314 2027 quibus
353 1979 518 2028 quidam
559 1988 744 2026 querunt,
785 1988 919 2015 utrum
955 1980 1059 2014 Deus
1101 1979 1148 2014 de
1188 1976 1376 2026 potencia
1417 1990 1488 2013 sua
1554 1983 1727 2022 Thr-reare
1780 2019 1782 2021 ‚

112 2041 153 2072 30
169 2038 353 2074 absoluta
387 2046 521 2085 posset
553 2037 652 2073 velle
676 2036 792 2073 aliter
816 2037 875 2073 vel
901 2036 1040 2073 melius
1064 2037 1198 2085 quoad
1222 2028 1604 2083 Ιπποιῑιιεωηῃ314]ᾞῇ
1624 2019 1777 2080 ξῙχῙζΗξξῙΠΞ-’ξ

170 2095 264 2144 quid
305 2108 398 2143 ergo
439 2104 496 2131 est
536 2094 633 2131 utile
674 2095 840 2132 ecclesie
880 2095 920 2131 in
960 2095 1037 2132 ista
1076 2094 1244 2131 materia
1290 2093 1488 2130 diffinire?
1528 2089 1569 2151 [ὲὶ
1584 2094 1759 2151 ῗξζΗᾶῘῚΙῑωω

170 2157 251 2190 Nec
304 2163 362 2190 est
408 2154 640 2202 pudendum
688 2155 795 2202 quod
844 2154 969 2190 multa
1014 2162 1105 2189 sunt
1152 2151 1364 2202 queribilia
1411 2165 1488 2201 que
1601 2144 1617 2158 ⁵
1683 2142 1689 2151 ί
1740 2145 1744 2149 ’

171 2211 470 2260 particulariter
502 2211 748 2258 ignoramus.
792 2212 896 2248 Satis
931 2221 989 2248 est
1023 2224 1117 2260 ergo
1153 2210 1337 2247 fidelibus
1372 2211 1487 2259 plene

94 2309 101 2314 ,
132 2310 137 2332 ι
170 2282 411 2318 cognoscere
444 2271 553 2319 quod
591 2269 621 2305 si
657 2271 762 2306 Deus
801 2270 973 2307 voluerit
1012 2269 1161 2318 poterit
1202 2269 1257 2306 ita
1296 2269 1408 2315 velle,
1451 2278 1488 2306 et

71 2310 153 2386 582ss
169 2329 243 2365 ista
266 2328 424 2365 videtur
447 2327 545 2364 mihi
577 2341 683 2365 nunc
717 2328 779 2365 via
812 2328 1058 2377 prudencior
1086 2324 1091 2381 Ι
1121 2340 1241 2377 quam
1277 2327 1487 2375 responsio

168 2387 236 2423 illa
270 2386 526 2435 particularis
558 2388 779 2423 secundum
814 2400 937 2435 quam
971 2387 1026 2423 fui
1060 2386 1100 2422 in
1132 2386 1208 2422 ista
1245 2386 1413 2422 materia
1447 2385 1487 2421 in

169 2444 316 2481 minori
349 2453 455 2481 etate
487 2444 696 2481 sollicitus.
732 2447 905 2491 Quando
940 2445 1045 2482 enim
1079 2445 1159 2481 vita
1193 2444 1368 2480 hominis
1400 2445 1487 2481 brc-

166 2503 310 2549 viatur,
337 2504 454 2539 debet
487 2504 537 2539 ad
571 2503 798 2540 doctrinam
832 2503 1100 2541 salubriorem
1134 2504 1342 2540 attendere
1374 2502 1487 2539 vanis

167 2570 205 2598 et
237 2560 447 2598 inutilibus
479 2561 762 2610 pretermissis.

238 2739 257 2770 ¹.-
278 2730 437 2766 Septimo;
458 2731 544 2770 c9d.:
567 2738 610 2766 90.
693 2739 718 2758 2.
741 2731 869 2760 Satham
890 2732 920 2759 in
942 2732 1011 2760 cod.
1099 2731 1136 2768 13,
1159 2740 1200 2766 14.
1223 2731 1319 2760 Cod.:
1343 2740 1404 2759 non
1426 2732 1485 2759 sint

167 2767 305 2802 gennles.
380 2774 421 2800 14.
443 2766 598 2799 M1nerva;
620 2766 705 2794 cod.:
728 2774 867 2794 munera.

243 2884 266 2905 1.
294 2873 317 2906 1.
346 2874 426 2906 Cor.
453 2874 529 2914 ΧΗ,
562 2884 612 2908 ιο.
709 2884 741 2914 7.
770 2874 813 2907 ib.
916 2885 968 2907 10.
994 2875 1038 2907 ib.
1141 2884 1190 2918 ις).
1218 2874 1263 2906 ib.
1288 2885 1335 2906 11.
