1944 3323
93 261 164 295 142

147 374 244 399 (imre
265 374 298 399 os

100 408 338 442 predestinatum}

112 443 257 478 intiniicly
279 443 328 469 ibe

183 478 256 503 besl.

123 1650 249 1685 Cliarity
270 1651 304 1676 Οἵ

89 1685 331 1719 predestinationi

111 1728 201 1746 netes
223 1720 308 1752 fails3

81 2103 106 2129 It
127 2104 199 2130 lasts
221 2104 339 2139 beyond

135 2139 289 2173 propliecx·

88 2173 196 2206 (which
220 2173 279 2199 will
303 2174 336 2199 be

145 2208 279 2240 IuIIilIed)

83 2340 210 2369 tongues
231 2337 338 2363 iwhich

100 2371 160 2396 wil!
183 2379 269 2396 cease
291 2376 319 2397 tu

166 2413 176 2430 x
187 2414 232 2440 ar)
245 2415 257 2431 i.

667 261 891 295 JOHANNIS
910 264 1090 296 WYCLIF
1110 265 1365 298 SERMONUM
1401 253 1551 311 [SFRMO
1573 266 1681 293 XVIII-

432 366 549 402 Credi
590 375 723 403 tamen
764 369 880 405 debet
919 372 1025 417 quod
1066 371 1199 418 gracia
1238 373 1595 420 predestinacionis
1642 375 1679 410 in

373 433 730 473 quantumcunque
781 426 998 464 criminoso
1048 431 1264 466 secundum
1311 440 1535 478 presentem
1581 432 1681 468 iniu-

372 481 527 518 sticiam
582 491 637 518 est
689 483 888 520 infinitum
935 485 1076 522 melior
1120 500 1240 535 quam
1283 488 1417 536 gracia
1461 491 1679 526 secundum

372 548 594 587 presentem
629 540 827 578 iusticiam
861 541 900 578 in
932 544 1106 591 prescito
1130 555 1484 596 quantumcunque
1517 549 1680 584 devotus

371 597 488 633 fuerit
518 599 578 634 vel
611 598 783 635 fervidus
817 599 857 636 in
889 601 1077 649 operibus
1110 602 1281 651 pietatis.
1317 605 1554 642 Examinent
1588 611 1714 653 erg05

371 654 443 691 iste
476 664 580 692 secte
613 656 765 704 private
798 670 837 694 se
870 657 976 706 ipsas
1009 659 1039 696 si
1074 660 1113 696 in
1144 674 1183 697 se
1208 671 1244 698 et
1267 662 1307 698 in
1329 663 1415 699 aliis
1439 663 1680 700 intenderint

371 722 406 748 et
454 714 502 750 de
547 714 651 750 facto
693 716 935 753 servaverint
983 717 1208 755 libertatem
1254 720 1350 768 Iegis
1399 721 1546 758 Christi
1599 722 1679 757 suis

370 770 563 807 limitibus
596 773 656 808 vel
691 782 854 810 econtra
887 787 957 822 per
980 775 1222 813 tradiciones
1256 778 1413 815 additas
1446 779 1555 816 illam
1590 793 1678 827 gra-

369 829 545 865 vaverint
584 839 620 866 et
659 830 698 866 in
737 831 966 869 servitutem
1007 846 1047 870 se
1087 843 1123 870 et
1162 835 1320 882 plebem
1361 838 1597 885 redegerint,
1641 847 1676 874 et

368 888 587 923 secundum
622 889 696 924 hoc
730 890 875 926 debent
909 891 1055 928 habere
1089 893 1395 940 conscienciam,
1436 895 1467 930 si
1500 896 1674 943 graciam
1698 911 1737 933 ιο

369 944 592 988 habuerint,
636 948 743 994 quod
782 947 813 983 si
854 950 1194 996 perseveraverint
1232 951 1271 988 in
1311 952 1510 1000 opposito,
1551 953 1677 990 sciant

368 1004 475 1050 quod
508 1003 697 1041 indurant
729 1017 769 1041 se
802 1005 922 1054 ipsos,
957 1020 1002 1044 ac
1025 1007 1170 1044 sicum
1199 1010 1343 1046 malleo
1377 1011 1532 1047 clavum
1566 1011 1676 1048 incu-

367 1069 495 1097 terent
534 1074 660 1110 prope
706 1075 774 1099 cor
807 1077 1015 1114 quousque
1059 1066 1140 1103 vita
1184 1080 1254 1104 sua
1299 1068 1476 1105 totaliter
1520 1069 1569 1105 sit
1614 1082 1674 1106 ex-

366 1117 503 1165 tincta,
538 1119 663 1156 eciam
698 1121 788 1157 licet
813 1122 959 1159 cotidie
994 1124 1291 1171 celebraverint,
1317 1126 1525 1163 oraciones
1548 1141 1674 1176 quan-

367 1185 612 1225 tumcunque
654 1180 817 1215 devotas
862 1180 1030 1217 dixerint
1076 1191 1112 1218 et
1157 1196 1279 1231 opera
1321 1191 1734 1234 quantumcunque&

368 1235 472 1271 bona
497 1236 544 1271 de
567 1248 711 1282 genere
735 1248 1037 1285 perseveranter
1058 1240 1236 1287 fecerint,
1261 1250 1305 1277 ut
1328 1244 1443 1279 docet
1459 1244 1676 1291 Apostolus

367 1291 404 1327 in
452 1293 651 1342 principio
693 1295 807 1331 huius
848 1296 1027 1344 epistole.
1074 1299 1165 1334 Ideo
1205 1299 1315 1335 stulti
1350 1310 1439 1337 sunt
1473 1301 1539 1349 qui
1572 1303 1677 1337 nude

367 1351 572 1387 confidunt
596 1351 635 1387 in
668 1353 812 1389 talibus
845 1354 1032 1402 operibus
1066 1365 1265 1393 sectarum
1298 1371 1491 1395 novarum
1528 1361 1675 1396 haben-

366 1407 470 1444 tibus
510 1422 619 1457 spem
660 1410 833 1458 pietatis,
876 1425 965 1448 cum
1008 1413 1111 1450 enim
1154 1427 1193 1451 se
1232 1415 1339 1463 ipsos
1378 1417 1566 1453 continue
1606 1430 1676 1465 per

366 1476 575 1513 peccatum
611 1497 651 1504 ..
678 1498 684 1504 .
712 1498 718 1505 .
754 1472 959 1517 quomodo
992 1471 1078 1507 aliis
1113 1482 1373 1510 mererentur.
1422 1477 1470 1510 Et
1510 1475 1585 1511 ista
1619 1484 1675 1511 est
1693 1491 1733 1513 20

367 1524 477 1559 radix
522 1526 841 1572 perturbacionis
886 1529 1051 1565 ecclesie
1105 1539 1140 1566 et
1186 1544 1264 1567 una
1310 1534 1357 1568 de
1401 1532 1675 1569 subtilioribus

367 1582 528 1618 latebris
562 1583 809 1621 Antichristi.

426 1642 466 1675 In
506 1641 629 1678 tercia
669 1651 801 1679 autem
843 1653 956 1691 parte
995 1644 1110 1681 huius
1152 1646 1319 1694 epistole
1359 1649 1536 1686 declarat
1569 1651 1674 1698 Apo-

366 1698 490 1733 stolus
529 1708 618 1746 post
652 1700 842 1737 utilitates
883 1702 1056 1738 sedecim
1100 1704 1359 1742 stabilitatem
1394 1708 1675 1754 permanencie

367 1755 559 1806 caritatis,
606 1757 775 1795 dicendo
820 1762 927 1807 quod
972 1774 1044 1796 non
1091 1763 1246 1799 ercidit.
1305 1765 1495 1810 Quamvis
1540 1772 1730 1803 autem25

367 1822 478 1849 actus
512 1823 548 1850 et
581 1828 703 1862 opera
738 1817 915 1853 caritatis
949 1818 1180 1866 exciderint,
1214 1834 1349 1868 ymmo
1383 1823 1541 1859 habitus
1575 1824 1673 1860 cari-

365 1871 456 1907 tatis
489 1874 708 1909 secundum
752 1884 974 1922 presentem
1010 1876 1207 1914 iusticiam
1243 1881 1485 1928 quandoque
1519 1882 1672 1921 excidit,

365 1941 453 1964 cum
489 1932 612 1978 Apoe.
648 1934 713 1977 110,
747 1946 791 1978 4:
832 1934 934 1969 Dum
980 1935 1179 1971 caritatem
1225 1944 1327 1972 tuam
1367 1940 1538 1987 primam
1586 1941 1673 1975 reli-

365 1987 489 2034 quisti,
513 1997 645 2024 tamen
670 1990 828 2026 habitus
854 1991 1030 2028 caritatis
1054 1994 1411 2040 predestinacionis
1436 2010 1515 2033 non
1540 2006 1670 2045 potest

366 2044 555 2082 excidere.
610 2047 765 2084 Caritas
799 2062 892 2096 ergo
926 2049 1028 2086 inter
1060 2050 1224 2088 virtutes
1258 2054 1503 2101 theologicas
1538 2065 1671 2091 manet
1690 2070 1730 2090 σο

365 2104 502 2138 eadem
539 2104 576 2139 in
610 2105 752 2152 patria.
788 2108 1001 2155 Proplzecia
1035 2118 1167 2145 autem
1192 2113 1440 2147 evacuabitur
1461 2113 1499 2149 in
1524 2113 1666 2161 patrIa,

364 2169 446 2195 tum
482 2162 573 2209 quia
607 2175 686 2199 non
719 2174 832 2200 erunt
867 2175 956 2213 post
980 2166 1170 2203 iudicium
1205 2169 1302 2204 tales
1324 2170 1509 2207 veritates
1542 2172 1671 2207 future

363 2218 637 2266 contingentes
671 2221 854 2258 fidelibus
888 2225 1110 2270 revelande‚
1142 2235 1225 2261 tum
1261 2227 1385 2263 eciam
1412 2228 1504 2276 quia
1540 2229 1670 2265 omnis

362 2276 512 2312 noticia
553 2277 795 2325 enigmatica
835 2290 929 2317 tunc
970 2283 1227 2319 evacuabitur
1267 2285 1375 2322 clara
1412 2286 1511 2322 visio
1553 2300 1669 2334 gene-

362 2333 498 2370 raliter
530 2334 566 2370 in
602 2337 740 2373 beatis.
775 2340 959 2375 Secundo
992 2340 1070 2376 sive
1102 2341 1233 2390 lingue
1266 2344 1325 2378 rel
1347 2344 1557 2394 ydiomata
1591 2358 1668 2381 ces-
1687 2350 1725 2381 35

360 2392 509 2435 sabam,
542 2394 685 2430 caritas
716 2408 788 2431 non
822 2398 992 2432 cessabit.
1028 2400 1127 2434 Cum
1162 2399 1266 2435 enim
1300 2400 1433 2448 lingue
1464 2402 1669 2439 variantur

361 2451 577 2486 secundum
614 2453 902 2500 proporciones
936 2464 972 2491 et
1005 2455 1241 2493 influencias
1276 2459 1437 2495 celestes
1471 2469 1507 2496 et
1540 2460 1668 2497 varias

361 2506 649 2555 disposiciones
683 2510 721 2546 in
746 2524 928 2559 corpore,
962 2521 1092 2550 stante
1125 2514 1399 2553 uniformitate
1432 2517 1471 2553 in
1504 2517 1667 2565 singulis

361 2565 499 2611 beatis,
539 2579 616 2602 non
659 2569 731 2604 erit
771 2578 864 2606 tunc
904 2570 1128 2617 linguarum
1169 2573 1344 2610 variacio
1383 2575 1484 2611 sicut
1524 2577 1665 2615 modo:

361 2622 425 2669 qui
452 2632 584 2659 tamen
619 2628 784 2662 credunt
818 2628 1094 2675 probabiliter,
1129 2643 1216 2666 cum
1246 2633 1403 2668 Psalmo
1428 2635 1615 2679 CXLIXs‘,
1643 2635 1724 2679 (340

428 2753 447 2772 1.
468 2745 499 2771 In
523 2754 635 2780 marga
662 2747 740 2774 Nola
762 2750 1002 2777 conclusionem.
1129 2752 1157 2778 6.
1179 2753 1273 2780 cod.:
1302 2754 1403 2788 ipsos:
1431 2755 1470 2781 ib.
1493 2755 1664 2782 intendunt-

359 2787 388 2813 9.
409 2779 503 2807 Cod.:
525 2781 698 2814 redigen-int.
765 2791 808 2810 zo.
832 2792 884 2819 per
905 2790 1078 2819 peccatum:
1102 2786 1150 2813 bic
1170 2788 1296 2814 verbum
1318 2789 1438 2816 excidit.
1506 2788 1549 2825 ΒΓ.
1571 2789 1664 2817 Cod.:

358 2820 498 2840 cesestes.
573 2814 618 2849 34³-
640 2816 734 2847 eom:
758 2819 883 2845 vaiucio.
956 2830 1005 2853 40.
1029 2820 1123 2848 Coti:
1146 2822 1266 2848 Psalmo
1287 2823 1382 2855 nvo,
1404 2835 1432 2859 g).

430 2874 482 2913 3¹,
510 2874 562 2906 35.
594 2875 614 2906 Ι.
642 2876 722 2907 Cor.
751 2878 837 2916 XIII,
864 2878 894 2909 S.
