<?xml version="1.0" encoding="UTF-8"?>
<!DOCTYPE html PUBLIC "-//W3C//DTD XHTML 1.0 Transitional//EN"
    "http://www.w3.org/TR/xhtml1/DTD/xhtml1-transitional.dtd">
<html xmlns="http://www.w3.org/1999/xhtml" xml:lang="en" lang="en">
 <head>
  <title>
</title>
<meta http-equiv="Content-Type" content="text/html;charset=utf-8" />
  <meta name='ocr-system' content='tesseract 3.04.00' />
  <meta name='ocr-capabilities' content='ocr_page ocr_carea ocr_par ocr_line ocrx_word'/>
</head>
<body>
  <div class='ocr_page' id='page_1' title='image "./iohanniswyclifse0703wycl_0412.png"; bbox 0 0 1944 3323; ppageno 0'>
   <div class='ocr_carea' id='block_1_1' title="bbox 159 224 235 270">
    <p class='ocr_par' dir='ltr' id='par_1_1' title="bbox 159 224 235 270">
     <span class='ocr_line' id='line_1_1' title="bbox 159 224 235 270; baseline 0.026 -15"><span class='ocrx_word' id='word_1_1' title='bbox 159 224 235 270; x_wconf 65' lang='lat'>39⁰</span> 
     </span>
    </p>
   </div>
   <div class='ocr_carea' id='block_1_2' title="bbox 156 739 408 811">
    <p class='ocr_par' dir='ltr' id='par_1_2' title="bbox 156 739 408 811">
     <span class='ocr_line' id='line_1_2' title="bbox 156 739 408 775; baseline 0.004 -9"><span class='ocrx_word' id='word_1_2' title='bbox 156 739 240 767; x_wconf 81' lang='lat' dir='ltr'>Even</span> <span class='ocrx_word' id='word_1_3' title='bbox 262 741 291 767; x_wconf 87' lang='lat' dir='ltr'>in</span> <span class='ocrx_word' id='word_1_4' title='bbox 313 740 408 775; x_wconf 71' lang='lat' dir='ltr'>doing</span> 
     </span>
     <span class='ocr_line' id='line_1_3' title="bbox 169 774 406 811; baseline 0.004 -10"><span class='ocrx_word' id='word_1_5' title='bbox 169 774 262 811; x_wconf 78' lang='lat' dir='ltr'>good,</span> <span class='ocrx_word' id='word_1_6' title='bbox 284 783 329 802; x_wconf 82' lang='lat' dir='ltr'>we</span> <span class='ocrx_word' id='word_1_7' title='bbox 350 775 406 802; x_wconf 80' lang='lat' dir='ltr'>sin.</span> 
     </span>
    </p>
   </div>
   <div class='ocr_carea' id='block_1_3' title="bbox 158 1262 413 1437">
    <p class='ocr_par' dir='ltr' id='par_1_3' title="bbox 158 1262 413 1437">
     <span class='ocr_line' id='line_1_4' title="bbox 178 1262 393 1294; baseline 0.005 -6"><span class='ocrx_word' id='word_1_8' title='bbox 178 1262 256 1289; x_wconf 79' lang='lat' dir='ltr'>How</span> <span class='ocrx_word' id='word_1_9' title='bbox 279 1262 393 1294; x_wconf 73' lang='lat' dir='ltr'>Christ,</span> 
     </span>
     <span class='ocr_line' id='line_1_5' title="bbox 159 1297 410 1332; baseline 0.004 -9"><span class='ocrx_word' id='word_1_10' title='bbox 159 1297 273 1332; x_wconf 80' lang='lat' dir='ltr'>though</span> <span class='ocrx_word' id='word_1_11' title='bbox 296 1298 330 1324; x_wconf 80' lang='lat' dir='ltr'>lte</span> <span class='ocrx_word' id='word_1_12' title='bbox 353 1297 410 1324; x_wconf 76' lang='lat' dir='ltr'>had</span> 
     </span>
     <span class='ocr_line' id='line_1_6' title="bbox 169 1332 396 1365; baseline 0.004 -7"><span class='ocrx_word' id='word_1_13' title='bbox 169 1340 207 1358; x_wconf 83' lang='lat' dir='ltr'>no</span> <span class='ocrx_word' id='word_1_14' title='bbox 229 1333 286 1365; x_wconf 80' lang='lat' dir='ltr'>sin,</span> <span class='ocrx_word' id='word_1_15' title='bbox 308 1332 396 1359; x_wconf 84' lang='lat' dir='ltr'>could</span> 
     </span>
     <span class='ocr_line' id='line_1_7' title="bbox 158 1366 413 1394; baseline 0.004 -1"><span class='ocrx_word' id='word_1_16' title='bbox 158 1375 212 1393; x_wconf 83' lang='lat' dir='ltr'>use</span> <span class='ocrx_word' id='word_1_17' title='bbox 233 1367 282 1393; x_wconf 83' lang='lat' dir='ltr'>the</span> <span class='ocrx_word' id='word_1_18' title='bbox 303 1366 413 1394; x_wconf 83' lang='lat' dir='ltr'>Lord&#39;s</span> 
     </span>
     <span class='ocr_line' id='line_1_8' title="bbox 226 1410 345 1437; baseline 0.008 -9"><span class='ocrx_word' id='word_1_19' title='bbox 226 1410 345 1437; x_wconf 71' lang='lat' dir='ltr'>prayer.</span> 
     </span>
    </p>
   </div>
   <div class='ocr_carea' id='block_1_4' title="bbox 146 1795 419 2004">
    <p class='ocr_par' dir='ltr' id='par_1_4' title="bbox 146 1795 419 2004">
     <span class='ocr_line' id='line_1_9' title="bbox 146 1795 419 1829; baseline -0.004 -7"><span class='ocrx_word' id='word_1_20' title='bbox 146 1795 193 1821; x_wconf 71' lang='lat' dir='ltr'>No</span> <span class='ocrx_word' id='word_1_21' title='bbox 216 1795 345 1829; x_wconf 74' lang='lat' dir='ltr'>prelatos</span> <span class='ocrx_word' id='word_1_22' title='bbox 365 1803 419 1821; x_wconf 78' lang='lat' dir='ltr'>can</span> 
     </span>
     <span class='ocr_line' id='line_1_10' title="bbox 153 1830 414 1857; baseline -0.004 0"><span class='ocrx_word' id='word_1_23' title='bbox 153 1830 250 1857; x_wconf 76' lang='lat' dir='ltr'>detine</span> <span class='ocrx_word' id='word_1_24' title='bbox 271 1830 320 1856; x_wconf 79' lang='lat' dir='ltr'>the</span> <span class='ocrx_word' id='word_1_25' title='bbox 342 1830 414 1856; x_wconf 75' lang='lat' dir='ltr'>saith</span> 
     </span>
     <span class='ocr_line' id='line_1_11' title="bbox 178 1865 385 1891; baseline 0 0"><span class='ocrx_word' id='word_1_26' title='bbox 178 1865 294 1891; x_wconf 73' lang='lat' dir='ltr'>further</span> <span class='ocrx_word' id='word_1_27' title='bbox 315 1865 385 1891; x_wconf 78' lang='lat' dir='ltr'>titan</span> 
     </span>
     <span class='ocr_line' id='line_1_12' title="bbox 200 1900 366 1935; baseline 0.006 -10"><span class='ocrx_word' id='word_1_28' title='bbox 200 1900 269 1935; x_wconf 78' lang='lat' dir='ltr'>they</span> <span class='ocrx_word' id='word_1_29' title='bbox 291 1900 366 1926; x_wconf 78' lang='lat' dir='ltr'>have</span> 
     </span>
     <span class='ocr_line' id='line_1_13' title="bbox 154 1934 410 1969; baseline 0.004 -8"><span class='ocrx_word' id='word_1_30' title='bbox 154 1934 309 1969; x_wconf 78' lang='lat' dir='ltr'>authority</span> <span class='ocrx_word' id='word_1_31' title='bbox 330 1935 410 1962; x_wconf 76' lang='lat' dir='ltr'>t&#39;rom</span> 
     </span>
     <span class='ocr_line' id='line_1_14' title="bbox 199 1969 368 2004; baseline 0 -8"><span class='ocrx_word' id='word_1_32' title='bbox 199 1969 368 2004; x_wconf 82' lang='lat' dir='ltr'>Scripture.</span> 
     </span>
    </p>
   </div>
   <div class='ocr_carea' id='block_1_5' title="bbox 735 217 1752 275">
    <p class='ocr_par' dir='ltr' id='par_1_5' title="bbox 735 217 1752 275">
     <span class='ocr_line' id='line_1_15' title="bbox 735 217 1752 275; baseline -0.002 -12"><span class='ocrx_word' id='word_1_33' title='bbox 735 232 956 263; x_wconf 76' lang='lat' dir='ltr'><strong>JOHANNIS</strong></span> <span class='ocrx_word' id='word_1_34' title='bbox 977 232 1158 263; x_wconf 62' lang='lat' dir='ltr'>wvcrir</span> <span class='ocrx_word' id='word_1_35' title='bbox 1178 232 1430 264; x_wconf 79' lang='lat' dir='ltr'>SERMONUM</span> <span class='ocrx_word' id='word_1_36' title='bbox 1487 217 1639 275; x_wconf 75' lang='lat' dir='ltr'>[SERMO</span> <span class='ocrx_word' id='word_1_37' title='bbox 1660 230 1752 257; x_wconf 61' lang='lat' dir='ltr'>xtv.</span> 
     </span>
    </p>
   </div>
   <div class='ocr_carea' id='block_1_6' title="bbox 435 338 1756 2009">
    <p class='ocr_par' dir='ltr' id='par_1_6' title="bbox 436 338 1756 1777">
     <span class='ocr_line' id='line_1_16' title="bbox 441 338 1756 388; baseline 0 -13"><span class='ocrx_word' id='word_1_38' title='bbox 441 339 578 375; x_wconf 82' lang='lat' dir='ltr'>tudine</span> <span class='ocrx_word' id='word_1_39' title='bbox 615 339 692 374; x_wconf 89' lang='lat' dir='ltr'>vite</span> <span class='ocrx_word' id='word_1_40' title='bbox 725 338 870 374; x_wconf 76' lang='lat' dir='ltr'>Christi</span> <span class='ocrx_word' id='word_1_41' title='bbox 910 350 991 374; x_wconf 87' lang='lat' dir='ltr'>non</span> <span class='ocrx_word' id='word_1_42' title='bbox 1030 339 1118 386; x_wconf 91' lang='lat' dir='ltr'>plus</span> <span class='ocrx_word' id='word_1_43' title='bbox 1152 351 1409 386; x_wconf 84' lang='lat' dir='ltr'>peccaremus</span> <span class='ocrx_word' id='word_1_44' title='bbox 1444 338 1483 374; x_wconf 88' lang='lat' dir='ltr'>in</span> <span class='ocrx_word' id='word_1_45' title='bbox 1515 351 1756 388; x_wconf 90' lang='lat' dir='ltr'>quocunque</span> 
     </span>
     <span class='ocr_line' id='line_1_17' title="bbox 440 396 1755 445; baseline 0 -12"><span class='ocrx_word' id='word_1_46' title='bbox 440 409 562 445; x_wconf 91' lang='lat' dir='ltr'>opere</span> <span class='ocrx_word' id='word_1_47' title='bbox 606 405 744 432; x_wconf 90' lang='lat' dir='ltr'>nostro</span> <span class='ocrx_word' id='word_1_48' title='bbox 789 408 908 444; x_wconf 85' lang='lat' dir='ltr'>quam</span> <span class='ocrx_word' id='word_1_49' title='bbox 955 396 993 431; x_wconf 89' lang='lat' dir='ltr'>in</span> <span class='ocrx_word' id='word_1_50' title='bbox 1038 396 1113 432; x_wconf 88' lang='lat' dir='ltr'>isto</span> <span class='ocrx_word' id='word_1_51' title='bbox 1157 409 1278 444; x_wconf 89' lang='lat' dir='ltr'>opere</span> <span class='ocrx_word' id='word_1_52' title='bbox 1323 396 1413 433; x_wconf 89' lang='lat' dir='ltr'>fecit</span> <span class='ocrx_word' id='word_1_53' title='bbox 1447 399 1597 433; x_wconf 85' lang='lat' dir='ltr'>Petrus.</span> <span class='ocrx_word' id='word_1_54' title='bbox 1649 399 1755 434; x_wconf 83' lang='lat' dir='ltr'>Idem</span> 
     </span>
     <span class='ocr_line' id='line_1_18' title="bbox 442 454 1756 503; baseline 0.001 -12"><span class='ocrx_word' id='word_1_55' title='bbox 442 468 536 503; x_wconf 79' lang='lat' dir='ltr'>ergo</span> <span class='ocrx_word' id='word_1_56' title='bbox 596 462 653 490; x_wconf 89' lang='lat' dir='ltr'>est</span> <span class='ocrx_word' id='word_1_57' title='bbox 705 466 882 490; x_wconf 80' lang='lat' dir='ltr'>asserere</span> <span class='ocrx_word' id='word_1_58' title='bbox 942 466 1014 490; x_wconf 89' lang='lat' dir='ltr'>nos</span> <span class='ocrx_word' id='word_1_59' title='bbox 1073 466 1156 490; x_wconf 89' lang='lat' dir='ltr'>esse</span> <span class='ocrx_word' id='word_1_60' title='bbox 1214 454 1469 503; x_wconf 87' lang='lat' dir='ltr'>inpeccantes</span> <span class='ocrx_word' id='word_1_61' title='bbox 1518 454 1558 490; x_wconf 91' lang='lat' dir='ltr'>in</span> <span class='ocrx_word' id='word_1_62' title='bbox 1609 455 1756 492; x_wconf 89' lang='lat' dir='ltr'>nostris</span> 
     </span>
     <span class='ocr_line' id='line_1_19' title="bbox 441 511 1756 561; baseline 0 -12"><span class='ocrx_word' id='word_1_63' title='bbox 441 512 641 561; x_wconf 83' lang='lat' dir='ltr'>operibus,</span> <span class='ocrx_word' id='word_1_64' title='bbox 677 512 770 547; x_wconf 90' lang='lat' dir='ltr'>dum</span> <span class='ocrx_word' id='word_1_65' title='bbox 805 511 1045 548; x_wconf 86' lang='lat' dir='ltr'>sensibiliter</span> <span class='ocrx_word' id='word_1_66' title='bbox 1084 511 1140 548; x_wconf 91' lang='lat' dir='ltr'>sic</span> <span class='ocrx_word' id='word_1_67' title='bbox 1179 511 1345 558; x_wconf 80' lang='lat' dir='ltr'>viamus,</span> <span class='ocrx_word' id='word_1_68' title='bbox 1387 521 1423 548; x_wconf 88' lang='lat' dir='ltr'>et</span> <span class='ocrx_word' id='word_1_69' title='bbox 1462 524 1639 550; x_wconf 83' lang='lat' dir='ltr'>asserere</span> <span class='ocrx_word' id='word_1_70' title='bbox 1683 526 1756 550; x_wconf 92' lang='lat' dir='ltr'>nos</span> 
     </span>
     <span class='ocr_line' id='line_1_20' title="bbox 442 569 1756 618; baseline 0.001 -12"><span class='ocrx_word' id='word_1_71' title='bbox 442 582 524 607; x_wconf 90' lang='lat' dir='ltr'>esse</span> <span class='ocrx_word' id='word_1_72' title='bbox 563 579 697 618; x_wconf 86' lang='lat' dir='ltr'>patres</span> <span class='ocrx_word' id='word_1_73' title='bbox 736 569 1001 615; x_wconf 89' lang='lat' dir='ltr'>beatissimos,</span> <span class='ocrx_word' id='word_1_74' title='bbox 1040 569 1095 606; x_wconf 88' lang='lat' dir='ltr'>sic</span> <span class='ocrx_word' id='word_1_75' title='bbox 1129 571 1236 618; x_wconf 88' lang='lat' dir='ltr'>quod</span> <span class='ocrx_word' id='word_1_76' title='bbox 1275 584 1353 607; x_wconf 89' lang='lat' dir='ltr'>non</span> <span class='ocrx_word' id='word_1_77' title='bbox 1386 579 1593 607; x_wconf 89' lang='lat' dir='ltr'>teneamur</span> <span class='ocrx_word' id='word_1_78' title='bbox 1625 570 1756 608; x_wconf 85' lang='lat' dir='ltr'>dicere</span> 
     </span>
     <span class='ocr_line' id='line_1_21' title="bbox 441 627 1756 677; baseline 0.001 -13"><span class='ocrx_word' id='word_1_79' title='bbox 441 628 673 664; x_wconf 84' lang='lat' dir='ltr'>oracionem</span> <span class='ocrx_word' id='word_1_80' title='bbox 708 627 970 673; x_wconf 84' lang='lat' dir='ltr'>dominicam,</span> <span class='ocrx_word' id='word_1_81' title='bbox 1005 640 1051 664; x_wconf 94' lang='lat' dir='ltr'>eo</span> <span class='ocrx_word' id='word_1_82' title='bbox 1084 629 1191 677; x_wconf 89' lang='lat' dir='ltr'>quod</span> <span class='ocrx_word' id='word_1_83' title='bbox 1224 628 1308 665; x_wconf 88' lang='lat' dir='ltr'>sine</span> <span class='ocrx_word' id='word_1_84' title='bbox 1341 628 1475 664; x_wconf 88' lang='lat' dir='ltr'>debito</span> <span class='ocrx_word' id='word_1_85' title='bbox 1508 629 1568 665; x_wconf 91' lang='lat' dir='ltr'>vel</span> <span class='ocrx_word' id='word_1_86' title='bbox 1601 629 1756 665; x_wconf 85' lang='lat' dir='ltr'>defectu</span> 
     </span>
     <span class='ocr_line' id='line_1_22' title="bbox 442 685 1755 736; baseline 0.002 -14"><span class='ocrx_word' id='word_1_87' title='bbox 442 685 609 722; x_wconf 88' lang='lat' dir='ltr'>facimus</span> <span class='ocrx_word' id='word_1_88' title='bbox 647 686 867 721; x_wconf 89' lang='lat' dir='ltr'>secundum</span> <span class='ocrx_word' id='word_1_89' title='bbox 906 686 1043 722; x_wconf 89' lang='lat' dir='ltr'>omnia</span> <span class='ocrx_word' id='word_1_90' title='bbox 1082 698 1158 734; x_wconf 88' lang='lat' dir='ltr'>que</span> <span class='ocrx_word' id='word_1_91' title='bbox 1197 699 1218 723; x_wconf 86' lang='lat' dir='ltr'>a</span> <span class='ocrx_word' id='word_1_92' title='bbox 1251 689 1334 723; x_wconf 92' lang='lat' dir='ltr'>Deo</span> <span class='ocrx_word' id='word_1_93' title='bbox 1373 686 1602 734; x_wconf 79' lang='lat' dir='ltr'>recipimus,</span> <span class='ocrx_word' id='word_1_94' title='bbox 1649 689 1755 736; x_wconf 91' lang='lat' dir='ltr'>quod</span> 
     </span>
     <span class='ocr_line' id='line_1_23' title="bbox 441 742 1756 792; baseline 0.002 -13"><span class='ocrx_word' id='word_1_95' title='bbox 441 744 542 780; x_wconf 90' lang='lat' dir='ltr'>foret</span> <span class='ocrx_word' id='word_1_96' title='bbox 565 742 775 780; x_wconf 84' lang='lat' dir='ltr'>luciferina</span> <span class='ocrx_word' id='word_1_97' title='bbox 798 743 1054 791; x_wconf 88' lang='lat' dir='ltr'>presumpcio</span> <span class='ocrx_word' id='word_1_98' title='bbox 1084 744 1292 792; x_wconf 86' lang='lat' dir='ltr'>supposita</span> <span class='ocrx_word' id='word_1_99' title='bbox 1315 753 1470 790; x_wconf 72' lang='lat' dir='ltr'>nostra:</span> <span class='ocrx_word' id='word_1_100' title='bbox 1504 744 1594 781; x_wconf 87' lang='lat' dir='ltr'>ideo</span> <span class='ocrx_word' id='word_1_101' title='bbox 1619 745 1756 781; x_wconf 88' lang='lat' dir='ltr'>dicunt</span> 
     </span>
     <span class='ocr_line' id='line_1_24' title="bbox 442 800 1756 850; baseline 0.002 -13"><span class='ocrx_word' id='word_1_102' title='bbox 442 801 660 850; x_wconf 87' lang='lat' dir='ltr'>periciores</span> <span class='ocrx_word' id='word_1_103' title='bbox 699 800 818 849; x_wconf 82' lang='lat' dir='ltr'>logici</span> <span class='ocrx_word' id='word_1_104' title='bbox 858 803 966 850; x_wconf 88' lang='lat' dir='ltr'>quod</span> <span class='ocrx_word' id='word_1_105' title='bbox 999 801 1189 850; x_wconf 85' lang='lat' dir='ltr'>quicquid</span> <span class='ocrx_word' id='word_1_106' title='bbox 1230 802 1362 850; x_wconf 89' lang='lat' dir='ltr'>operis</span> <span class='ocrx_word' id='word_1_107' title='bbox 1401 802 1595 838; x_wconf 90' lang='lat' dir='ltr'>meritorii</span> <span class='ocrx_word' id='word_1_108' title='bbox 1629 803 1668 839; x_wconf 88' lang='lat' dir='ltr'>in</span> <span class='ocrx_word' id='word_1_109' title='bbox 1701 803 1756 839; x_wconf 88' lang='lat' dir='ltr'>sic</span> 
     </span>
     <span class='ocr_line' id='line_1_25' title="bbox 441 859 1756 908; baseline 0.001 -12"><span class='ocrx_word' id='word_1_110' title='bbox 441 860 586 896; x_wconf 83' lang='lat' dir='ltr'>viando</span> <span class='ocrx_word' id='word_1_111' title='bbox 634 859 858 904; x_wconf 85' lang='lat' dir='ltr'>fecerimus,</span> <span class='ocrx_word' id='word_1_112' title='bbox 907 872 1120 907; x_wconf 82' lang='lat' dir='ltr'>peccamus</span> <span class='ocrx_word' id='word_1_113' title='bbox 1165 860 1364 906; x_wconf 81' lang='lat' dir='ltr'>continue,</span> <span class='ocrx_word' id='word_1_114' title='bbox 1413 860 1505 908; x_wconf 88' lang='lat' dir='ltr'>quia</span> <span class='ocrx_word' id='word_1_115' title='bbox 1549 861 1756 898; x_wconf 85' lang='lat' dir='ltr'>deficimus</span> 
     </span>
     <span class='ocr_line' id='line_1_26' title="bbox 443 917 1756 967; baseline 0.001 -13"><span class='ocrx_word' id='word_1_116' title='bbox 443 931 464 954; x_wconf 88' lang='lat' dir='ltr'>a</span> <span class='ocrx_word' id='word_1_117' title='bbox 502 917 750 966; x_wconf 88' lang='lat' dir='ltr'>plenitudine</span> <span class='ocrx_word' id='word_1_118' title='bbox 789 917 1052 965; x_wconf 87' lang='lat' dir='ltr'>perfeccionis</span> <span class='ocrx_word' id='word_1_119' title='bbox 1084 918 1218 966; x_wconf 89' lang='lat' dir='ltr'>operis</span> <span class='ocrx_word' id='word_1_120' title='bbox 1251 920 1359 967; x_wconf 88' lang='lat' dir='ltr'>quod</span> <span class='ocrx_word' id='word_1_121' title='bbox 1392 919 1596 965; x_wconf 80' lang='lat' dir='ltr'>debemus,</span> <span class='ocrx_word' id='word_1_122' title='bbox 1630 928 1667 955; x_wconf 88' lang='lat' dir='ltr'>et</span> <span class='ocrx_word' id='word_1_123' title='bbox 1700 919 1756 955; x_wconf 88' lang='lat' dir='ltr'>sic</span> 
     </span>
     <span class='ocr_line' id='line_1_27' title="bbox 442 975 1755 1024; baseline 0.002 -13"><span class='ocrx_word' id='word_1_124' title='bbox 442 976 482 1011; x_wconf 91' lang='lat' dir='ltr'>in</span> <span class='ocrx_word' id='word_1_125' title='bbox 519 975 575 1012; x_wconf 88' lang='lat' dir='ltr'>sic</span> <span class='ocrx_word' id='word_1_126' title='bbox 613 976 822 1023; x_wconf 83' lang='lat' dir='ltr'>operando</span> <span class='ocrx_word' id='word_1_127' title='bbox 861 987 1089 1023; x_wconf 79' lang='lat' dir='ltr'>peccamus,</span> <span class='ocrx_word' id='word_1_128' title='bbox 1129 978 1197 1013; x_wconf 87' lang='lat' dir='ltr'>sed</span> <span class='ocrx_word' id='word_1_129' title='bbox 1236 989 1317 1013; x_wconf 90' lang='lat' dir='ltr'>non</span> <span class='ocrx_word' id='word_1_130' title='bbox 1357 977 1396 1012; x_wconf 88' lang='lat' dir='ltr'>in</span> <span class='ocrx_word' id='word_1_131' title='bbox 1430 985 1624 1024; x_wconf 86' lang='lat' dir='ltr'>quantum</span> <span class='ocrx_word' id='word_1_132' title='bbox 1658 976 1755 1013; x_wconf 90' lang='lat' dir='ltr'>illud</span> 
     </span>
     <span class='ocr_line' id='line_1_28' title="bbox 441 1032 1755 1083; baseline 0.001 -13"><span class='ocrx_word' id='word_1_133' title='bbox 441 1046 564 1082; x_wconf 80' lang='lat' dir='ltr'>genus</span> <span class='ocrx_word' id='word_1_134' title='bbox 598 1032 730 1070; x_wconf 89' lang='lat' dir='ltr'>meriti</span> <span class='ocrx_word' id='word_1_135' title='bbox 762 1046 992 1081; x_wconf 86' lang='lat' dir='ltr'>operamur.</span> <span class='ocrx_word' id='word_1_136' title='bbox 1027 1036 1074 1070; x_wconf 86' lang='lat' dir='ltr'>Et</span> <span class='ocrx_word' id='word_1_137' title='bbox 1098 1043 1207 1082; x_wconf 85' lang='lat' dir='ltr'>patet</span> <span class='ocrx_word' id='word_1_138' title='bbox 1230 1048 1348 1083; x_wconf 89' lang='lat' dir='ltr'>quam</span> <span class='ocrx_word' id='word_1_139' title='bbox 1375 1034 1495 1070; x_wconf 89' lang='lat' dir='ltr'>stulta</span> <span class='ocrx_word' id='word_1_140' title='bbox 1519 1044 1555 1070; x_wconf 91' lang='lat' dir='ltr'>et</span> <span class='ocrx_word' id='word_1_141' title='bbox 1581 1035 1755 1083; x_wconf 80' lang='lat' dir='ltr'>maligno</span> 
     </span>
     <span class='ocr_line' id='line_1_29' title="bbox 439 1091 1755 1141; baseline 0.001 -14"><span class='ocrx_word' id='word_1_142' title='bbox 439 1091 582 1140; x_wconf 90' lang='lat' dir='ltr'>spiritu</span> <span class='ocrx_word' id='word_1_143' title='bbox 626 1093 887 1128; x_wconf 88' lang='lat' dir='ltr'>subterraneo</span> <span class='ocrx_word' id='word_1_144' title='bbox 932 1091 1126 1139; x_wconf 86' lang='lat' dir='ltr'>inspirata</span> <span class='ocrx_word' id='word_1_145' title='bbox 1170 1092 1242 1128; x_wconf 90' lang='lat' dir='ltr'>fuit</span> <span class='ocrx_word' id='word_1_146' title='bbox 1287 1092 1352 1129; x_wconf 84' lang='lat' dir='ltr'>illa</span> <span class='ocrx_word' id='word_1_147' title='bbox 1394 1092 1595 1129; x_wconf 83' lang='lat' dir='ltr'>sentencia</span> <span class='ocrx_word' id='word_1_148' title='bbox 1634 1106 1755 1141; x_wconf 87' lang='lat' dir='ltr'>quam</span> 
     </span>
     <span class='ocr_line' id='line_1_30' title="bbox 439 1149 1756 1199; baseline 0 -14"><span class='ocrx_word' id='word_1_149' title='bbox 439 1149 698 1186; x_wconf 84' lang='lat' dir='ltr'>diffinuerunt</span> <span class='ocrx_word' id='word_1_150' title='bbox 726 1158 885 1197; x_wconf 81' lang='lat' dir='ltr'>satrape</span> <span class='ocrx_word' id='word_1_151' title='bbox 908 1151 1009 1198; x_wconf 77' lang='lat' dir='ltr'>qnod</span> <span class='ocrx_word' id='word_1_152' title='bbox 1041 1151 1137 1186; x_wconf 82' lang='lat' dir='ltr'>nulli</span> <span class='ocrx_word' id='word_1_153' title='bbox 1165 1151 1288 1187; x_wconf 81' lang='lat' dir='ltr'>sancti</span> <span class='ocrx_word' id='word_1_154' title='bbox 1317 1151 1552 1187; x_wconf 78' lang='lat' dir='ltr'>instituentes</span> <span class='ocrx_word' id='word_1_155' title='bbox 1578 1151 1756 1199; x_wconf 71' lang='lat' dir='ltr'>privatos</span> 
     </span>
     <span class='ocr_line' id='line_1_31' title="bbox 438 1207 1756 1258; baseline 0.002 -16"><span class='ocrx_word' id='word_1_156' title='bbox 438 1208 593 1244; x_wconf 76' lang='lat' dir='ltr'>ordines</span> <span class='ocrx_word' id='word_1_157' title='bbox 636 1208 671 1243; x_wconf 90' lang='lat' dir='ltr'>in</span> <span class='ocrx_word' id='word_1_158' title='bbox 715 1207 952 1244; x_wconf 78' lang='lat' dir='ltr'>institucione</span> <span class='ocrx_word' id='word_1_159' title='bbox 994 1208 1214 1244; x_wconf 79' lang='lat' dir='ltr'>huiusmodi</span> <span class='ocrx_word' id='word_1_160' title='bbox 1250 1216 1521 1258; x_wconf 78' lang='lat' dir='ltr'>peccaverunt.</span> <span class='ocrx_word' id='word_1_161' title='bbox 1567 1210 1756 1257; x_wconf 80' lang='lat' dir='ltr'>Blasphe-</span> 
     </span>
     <span class='ocr_line' id='line_1_32' title="bbox 440 1265 1755 1314; baseline 0.001 -13"><span class='ocrx_word' id='word_1_162' title='bbox 440 1274 549 1302; x_wconf 86' lang='lat' dir='ltr'>mant</span> <span class='ocrx_word' id='word_1_163' title='bbox 583 1265 687 1301; x_wconf 86' lang='lat' dir='ltr'>enim</span> <span class='ocrx_word' id='word_1_164' title='bbox 720 1266 767 1301; x_wconf 88' lang='lat' dir='ltr'>de</span> <span class='ocrx_word' id='word_1_165' title='bbox 800 1265 895 1313; x_wconf 89' lang='lat' dir='ltr'>ipsis</span> <span class='ocrx_word' id='word_1_166' title='bbox 927 1278 1047 1314; x_wconf 85' lang='lat' dir='ltr'>supra</span> <span class='ocrx_word' id='word_1_167' title='bbox 1072 1266 1274 1303; x_wconf 87' lang='lat' dir='ltr'>Christum</span> <span class='ocrx_word' id='word_1_168' title='bbox 1308 1266 1348 1302; x_wconf 88' lang='lat' dir='ltr'>in</span> <span class='ocrx_word' id='word_1_169' title='bbox 1381 1266 1455 1302; x_wconf 85' lang='lat' dir='ltr'>isto</span> <span class='ocrx_word' id='word_1_170' title='bbox 1480 1266 1546 1314; x_wconf 89' lang='lat' dir='ltr'>qui</span> <span class='ocrx_word' id='word_1_171' title='bbox 1580 1267 1755 1303; x_wconf 85' lang='lat' dir='ltr'>creditur</span> 
     </span>
     <span class='ocr_line' id='line_1_33' title="bbox 437 1323 1755 1373; baseline 0.001 -13"><span class='ocrx_word' id='word_1_172' title='bbox 437 1325 656 1360; x_wconf 85' lang='lat' dir='ltr'>secundum</span> <span class='ocrx_word' id='word_1_173' title='bbox 688 1324 858 1359; x_wconf 86' lang='lat' dir='ltr'>formam</span> <span class='ocrx_word' id='word_1_174' title='bbox 892 1323 1092 1360; x_wconf 87' lang='lat' dir='ltr'>oracionis</span> <span class='ocrx_word' id='word_1_175' title='bbox 1116 1324 1317 1361; x_wconf 82' lang='lat' dir='ltr'>dominice</span> <span class='ocrx_word' id='word_1_176' title='bbox 1351 1336 1544 1370; x_wconf 82' lang='lat' dir='ltr'>exorasse,</span> <span class='ocrx_word' id='word_1_177' title='bbox 1578 1337 1624 1360; x_wconf 85' lang='lat' dir='ltr'>eo</span> <span class='ocrx_word' id='word_1_178' title='bbox 1648 1326 1755 1373; x_wconf 86' lang='lat' dir='ltr'>quod</span> 
     </span>
     <span class='ocr_line' id='line_1_34' title="bbox 437 1381 1755 1430; baseline 0.002 -13"><span class='ocrx_word' id='word_1_179' title='bbox 437 1381 527 1418; x_wconf 89' lang='lat' dir='ltr'>licet</span> <span class='ocrx_word' id='word_1_180' title='bbox 561 1381 600 1417; x_wconf 90' lang='lat' dir='ltr'>in</span> <span class='ocrx_word' id='word_1_181' title='bbox 640 1394 811 1429; x_wconf 86' lang='lat' dir='ltr'>persona</span> <span class='ocrx_word' id='word_1_182' title='bbox 849 1394 920 1418; x_wconf 89' lang='lat' dir='ltr'>sua</span> <span class='ocrx_word' id='word_1_183' title='bbox 965 1394 1130 1429; x_wconf 86' lang='lat' dir='ltr'>peccare</span> <span class='ocrx_word' id='word_1_184' title='bbox 1176 1395 1255 1419; x_wconf 90' lang='lat' dir='ltr'>non</span> <span class='ocrx_word' id='word_1_185' title='bbox 1301 1381 1444 1430; x_wconf 84' lang='lat' dir='ltr'>potuit,</span> <span class='ocrx_word' id='word_1_186' title='bbox 1488 1391 1622 1418; x_wconf 87' lang='lat' dir='ltr'>tamen</span> <span class='ocrx_word' id='word_1_187' title='bbox 1665 1396 1755 1419; x_wconf 82' lang='lat' dir='ltr'>vere</span> 
     </span>
     <span class='ocr_line' id='line_1_35' title="bbox 437 1439 1753 1488; baseline 0.002 -13"><span class='ocrx_word' id='word_1_188' title='bbox 437 1449 626 1488; x_wconf 86' lang='lat' dir='ltr'>reputans</span> <span class='ocrx_word' id='word_1_189' title='bbox 675 1447 883 1487; x_wconf 89' lang='lat' dir='ltr'>peccatum</span> <span class='ocrx_word' id='word_1_190' title='bbox 931 1439 1095 1476; x_wconf 88' lang='lat' dir='ltr'>ecclesie</span> <span class='ocrx_word' id='word_1_191' title='bbox 1141 1452 1224 1476; x_wconf 86' lang='lat' dir='ltr'>esse</span> <span class='ocrx_word' id='word_1_192' title='bbox 1268 1453 1397 1486; x_wconf 91' lang='lat' dir='ltr'>suum,</span> <span class='ocrx_word' id='word_1_193' title='bbox 1447 1452 1493 1476; x_wconf 93' lang='lat' dir='ltr'>eo</span> <span class='ocrx_word' id='word_1_194' title='bbox 1533 1442 1639 1488; x_wconf 88' lang='lat' dir='ltr'>quod</span> <span class='ocrx_word' id='word_1_195' title='bbox 1682 1454 1753 1488; x_wconf 77' lang='lat' dir='ltr'>pro</span> 
     </span>
     <span class='ocr_line' id='line_1_36' title="bbox 436 1496 1753 1545; baseline 0.001 -12"><span class='ocrx_word' id='word_1_196' title='bbox 436 1497 523 1545; x_wconf 88' lang='lat' dir='ltr'>ipso</span> <span class='ocrx_word' id='word_1_197' title='bbox 576 1496 708 1545; x_wconf 89' lang='lat' dir='ltr'>puniri</span> <span class='ocrx_word' id='word_1_198' title='bbox 753 1496 901 1541; x_wconf 86' lang='lat' dir='ltr'>debuit,</span> <span class='ocrx_word' id='word_1_199' title='bbox 955 1510 1043 1534; x_wconf 91' lang='lat' dir='ltr'>cum</span> <span class='ocrx_word' id='word_1_200' title='bbox 1096 1498 1262 1534; x_wconf 84' lang='lat' dir='ltr'>ecclesia</span> <span class='ocrx_word' id='word_1_201' title='bbox 1307 1497 1378 1534; x_wconf 88' lang='lat' dir='ltr'>fuit</span> <span class='ocrx_word' id='word_1_202' title='bbox 1425 1499 1648 1534; x_wconf 85' lang='lat' dir='ltr'>membrum</span> <span class='ocrx_word' id='word_1_203' title='bbox 1694 1498 1753 1534; x_wconf 89' lang='lat' dir='ltr'>sui</span> 
     </span>
     <span class='ocr_line' id='line_1_37' title="bbox 437 1554 1755 1603; baseline 0.002 -12"><span class='ocrx_word' id='word_1_204' title='bbox 437 1555 631 1603; x_wconf 90' lang='lat' dir='ltr'>corporis,</span> <span class='ocrx_word' id='word_1_205' title='bbox 682 1554 737 1591; x_wconf 92' lang='lat' dir='ltr'>sic</span> <span class='ocrx_word' id='word_1_206' title='bbox 787 1555 933 1591; x_wconf 69' lang='lat' dir='ltr'>oravit:</span> <span class='ocrx_word' id='word_1_207' title='bbox 981 1556 1140 1591; x_wconf 79' lang='lat' dir='ltr'>Dimitte</span> <span class='ocrx_word' id='word_1_208' title='bbox 1191 1556 1294 1592; x_wconf 82' lang='lat' dir='ltr'>nobis</span> <span class='ocrx_word' id='word_1_209' title='bbox 1345 1556 1469 1592; x_wconf 75' lang='lat' dir='ltr'>debita</span> <span class='ocrx_word' id='word_1_210' title='bbox 1514 1563 1666 1601; x_wconf 73' lang='lat' dir='ltr'>nostra,·</span> <span class='ocrx_word' id='word_1_211' title='bbox 1717 1565 1755 1593; x_wconf 89' lang='lat' dir='ltr'>et</span> 
     </span>
     <span class='ocr_line' id='line_1_38' title="bbox 436 1613 1755 1661; baseline 0.001 -12"><span class='ocrx_word' id='word_1_212' title='bbox 436 1613 553 1650; x_wconf 88' lang='lat' dir='ltr'>istam</span> <span class='ocrx_word' id='word_1_213' title='bbox 604 1613 846 1649; x_wconf 83' lang='lat' dir='ltr'>sentenciam</span> <span class='ocrx_word' id='word_1_214' title='bbox 900 1622 1006 1650; x_wconf 84' lang='lat' dir='ltr'>tenet</span> <span class='ocrx_word' id='word_1_215' title='bbox 1039 1613 1284 1661; x_wconf 74' lang='lat' dir='ltr'>Augustinus</span> <span class='ocrx_word' id='word_1_216' title='bbox 1335 1613 1374 1649; x_wconf 87' lang='lat' dir='ltr'>in</span> <span class='ocrx_word' id='word_1_217' title='bbox 1420 1616 1474 1649; x_wconf 78' lang='lat' dir='ltr'>De</span> <span class='ocrx_word' id='word_1_218' title='bbox 1514 1616 1665 1650; x_wconf 84' lang='lat' dir='ltr'>Natura</span> <span class='ocrx_word' id='word_1_219' title='bbox 1718 1624 1755 1650; x_wconf 88' lang='lat' dir='ltr'>et</span> 
     </span>
     <span class='ocr_line' id='line_1_39' title="bbox 437 1670 1754 1720; baseline 0.002 -13"><span class='ocrx_word' id='word_1_220' title='bbox 437 1671 595 1715; x_wconf 84' lang='lat' dir='ltr'>Gracia,</span> <span class='ocrx_word' id='word_1_221' title='bbox 631 1680 667 1707; x_wconf 88' lang='lat' dir='ltr'>et</span> <span class='ocrx_word' id='word_1_222' title='bbox 700 1670 767 1707; x_wconf 86' lang='lat' dir='ltr'>alii</span> <span class='ocrx_word' id='word_1_223' title='bbox 800 1671 927 1707; x_wconf 89' lang='lat' dir='ltr'>sancti</span> <span class='ocrx_word' id='word_1_224' title='bbox 963 1672 1232 1708; x_wconf 88' lang='lat' dir='ltr'>communiter</span> <span class='ocrx_word' id='word_1_225' title='bbox 1265 1672 1331 1720; x_wconf 89' lang='lat' dir='ltr'>qui</span> <span class='ocrx_word' id='word_1_226' title='bbox 1366 1684 1504 1708; x_wconf 89' lang='lat' dir='ltr'>omnes</span> <span class='ocrx_word' id='word_1_227' title='bbox 1538 1673 1754 1709; x_wconf 87' lang='lat' dir='ltr'>modernos</span> 
     </span>
     <span class='ocr_line' id='line_1_40' title="bbox 436 1729 1607 1777; baseline 0.001 -12"><span class='ocrx_word' id='word_1_228' title='bbox 436 1738 618 1777; x_wconf 85' lang='lat' dir='ltr'>satrapas</span> <span class='ocrx_word' id='word_1_229' title='bbox 650 1729 710 1765; x_wconf 89' lang='lat' dir='ltr'>vel</span> <span class='ocrx_word' id='word_1_230' title='bbox 744 1729 884 1765; x_wconf 87' lang='lat' dir='ltr'>fratres</span> <span class='ocrx_word' id='word_1_231' title='bbox 919 1730 965 1765; x_wconf 84' lang='lat' dir='ltr'>de</span> <span class='ocrx_word' id='word_1_232' title='bbox 999 1729 1108 1766; x_wconf 83' lang='lat' dir='ltr'>dicto</span> <span class='ocrx_word' id='word_1_233' title='bbox 1142 1729 1313 1766; x_wconf 88' lang='lat' dir='ltr'>concilio</span> <span class='ocrx_word' id='word_1_234' title='bbox 1349 1729 1607 1766; x_wconf 85' lang='lat' dir='ltr'>excellebant.</span> 
     </span>
    </p>

    <p class='ocr_par' dir='ltr' id='par_1_7' title="bbox 435 1786 1754 2009">
     <span class='ocr_line' id='line_1_41' title="bbox 494 1786 1754 1836; baseline 0.002 -14"><span class='ocrx_word' id='word_1_235' title='bbox 494 1787 548 1822; x_wconf 81' lang='lat' dir='ltr'>Ex</span> <span class='ocrx_word' id='word_1_236' title='bbox 587 1786 671 1823; x_wconf 89' lang='lat' dir='ltr'>istis</span> <span class='ocrx_word' id='word_1_237' title='bbox 704 1786 860 1822; x_wconf 84' lang='lat' dir='ltr'>videtur</span> <span class='ocrx_word' id='word_1_238' title='bbox 900 1787 1033 1823; x_wconf 88' lang='lat' dir='ltr'>inferri</span> <span class='ocrx_word' id='word_1_239' title='bbox 1068 1789 1174 1836; x_wconf 89' lang='lat' dir='ltr'>quod</span> <span class='ocrx_word' id='word_1_240' title='bbox 1214 1787 1311 1823; x_wconf 89' lang='lat' dir='ltr'>nulli</span> <span class='ocrx_word' id='word_1_241' title='bbox 1345 1787 1486 1823; x_wconf 85' lang='lat' dir='ltr'>fratres</span> <span class='ocrx_word' id='word_1_242' title='bbox 1519 1788 1578 1823; x_wconf 84' lang='lat' dir='ltr'>vel</span> <span class='ocrx_word' id='word_1_243' title='bbox 1612 1787 1754 1835; x_wconf 86' lang='lat' dir='ltr'>prelati</span> 
     </span>
     <span class='ocr_line' id='line_1_42' title="bbox 436 1844 1754 1893; baseline 0.001 -13"><span class='ocrx_word' id='word_1_244' title='bbox 436 1844 652 1893; x_wconf 85' lang='lat' dir='ltr'>quicquam</span> <span class='ocrx_word' id='word_1_245' title='bbox 677 1845 848 1880; x_wconf 85' lang='lat' dir='ltr'>debeant</span> <span class='ocrx_word' id='word_1_246' title='bbox 881 1844 921 1880; x_wconf 89' lang='lat' dir='ltr'>in</span> <span class='ocrx_word' id='word_1_247' title='bbox 955 1845 1123 1881; x_wconf 85' lang='lat' dir='ltr'>materia</span> <span class='ocrx_word' id='word_1_248' title='bbox 1158 1845 1247 1881; x_wconf 85' lang='lat' dir='ltr'>fidei</span> <span class='ocrx_word' id='word_1_249' title='bbox 1282 1845 1454 1881; x_wconf 79' lang='lat' dir='ltr'>diffinire</span> <span class='ocrx_word' id='word_1_250' title='bbox 1487 1844 1561 1881; x_wconf 90' lang='lat' dir='ltr'>nisi</span> <span class='ocrx_word' id='word_1_251' title='bbox 1595 1847 1644 1881; x_wconf 90' lang='lat' dir='ltr'>ad</span> <span class='ocrx_word' id='word_1_252' title='bbox 1679 1846 1754 1882; x_wconf 89' lang='lat' dir='ltr'>hoc</span> 
     </span>
     <span class='ocr_line' id='line_1_43' title="bbox 436 1901 1753 1950; baseline 0.001 -12"><span class='ocrx_word' id='word_1_253' title='bbox 436 1904 662 1938; x_wconf 85' lang='lat' dir='ltr'>habuerunt</span> <span class='ocrx_word' id='word_1_254' title='bbox 713 1901 995 1939; x_wconf 87' lang='lat' dir='ltr'>auctoritatem</span> <span class='ocrx_word' id='word_1_255' title='bbox 1047 1903 1245 1950; x_wconf 85' lang='lat' dir='ltr'>scripture</span> <span class='ocrx_word' id='word_1_256' title='bbox 1290 1904 1348 1939; x_wconf 78' lang='lat' dir='ltr'>vel</span> <span class='ocrx_word' id='word_1_257' title='bbox 1393 1902 1683 1939; x_wconf 76' lang='lat' dir='ltr'>revelacionem</span> <span class='ocrx_word' id='word_1_258' title='bbox 1731 1917 1753 1940; x_wconf 87' lang='lat' dir='ltr'>a</span> 
     </span>
     <span class='ocr_line' id='line_1_44' title="bbox 435 1959 1752 2009; baseline 0.001 -13"><span class='ocrx_word' id='word_1_259' title='bbox 435 1960 577 2008; x_wconf 89' lang='lat' dir='ltr'>spiritu</span> <span class='ocrx_word' id='word_1_260' title='bbox 601 1959 837 2008; x_wconf 82' lang='lat' dir='ltr'>specialem3</span> <span class='ocrx_word' id='word_1_261' title='bbox 861 1973 955 1996; x_wconf 88' lang='lat' dir='ltr'>nam</span> <span class='ocrx_word' id='word_1_262' title='bbox 981 1962 1114 2009; x_wconf 88' lang='lat' dir='ltr'>quoad</span> <span class='ocrx_word' id='word_1_263' title='bbox 1139 1960 1327 2008; x_wconf 80' lang='lat' dir='ltr'>primum,</span> <span class='ocrx_word' id='word_1_264' title='bbox 1354 1973 1443 1997; x_wconf 91' lang='lat' dir='ltr'>cum</span> <span class='ocrx_word' id='word_1_265' title='bbox 1468 1961 1587 1996; x_wconf 82' lang='lat' dir='ltr'>omnis</span> <span class='ocrx_word' id='word_1_266' title='bbox 1612 1961 1752 1997; x_wconf 73' lang='lat' dir='ltr'>veritas</span> 
     </span>
    </p>
   </div>
   <div class='ocr_carea' id='block_1_7' title="bbox 1773 574 1788 606">
    <p class='ocr_par' dir='ltr' id='par_1_8' title="bbox 1773 574 1788 606">
     <span class='ocr_line' id='line_1_45' title="bbox 1773 574 1788 606; baseline 0 -4"><span class='ocrx_word' id='word_1_267' title='bbox 1773 574 1788 606; x_wconf 84' lang='lat'><strong>5</strong></span> 
     </span>
    </p>
   </div>
   <div class='ocr_carea' id='block_1_8' title="bbox 1776 875 1814 897">
    <p class='ocr_par' dir='ltr' id='par_1_9' title="bbox 1776 875 1814 897">
     <span class='ocr_line' id='line_1_46' title="bbox 1776 875 1814 897; baseline -0.053 0"><span class='ocrx_word' id='word_1_268' title='bbox 1776 875 1814 897; x_wconf 88' lang='lat'>10</span> 
     </span>
    </p>
   </div>
   <div class='ocr_carea' id='block_1_9' title="bbox 1776 1156 1810 1186">
    <p class='ocr_par' dir='ltr' id='par_1_10' title="bbox 1776 1156 1810 1186">
     <span class='ocr_line' id='line_1_47' title="bbox 1776 1156 1810 1186; baseline 0 0"><span class='ocrx_word' id='word_1_269' title='bbox 1776 1156 1810 1186; x_wconf 78' lang='lat'>15</span> 
     </span>
    </p>
   </div>
   <div class='ocr_carea' id='block_1_10' title="bbox 1771 1454 1811 1474">
    <p class='ocr_par' dir='ltr' id='par_1_11' title="bbox 1771 1454 1811 1474">
     <span class='ocr_line' id='line_1_48' title="bbox 1771 1454 1811 1474; baseline 0 0"><span class='ocrx_word' id='word_1_270' title='bbox 1771 1454 1811 1474; x_wconf 90' lang='lat'>20</span> 
     </span>
    </p>
   </div>
   <div class='ocr_carea' id='block_1_11' title="bbox 1773 1733 1811 1764">
    <p class='ocr_par' dir='ltr' id='par_1_12' title="bbox 1773 1733 1811 1764">
     <span class='ocr_line' id='line_1_49' title="bbox 1773 1733 1811 1764; baseline 0 0"><span class='ocrx_word' id='word_1_271' title='bbox 1773 1733 1811 1764; x_wconf 76' lang='lat'>25</span> 
     </span>
    </p>
   </div>
   <div class='ocr_carea' id='block_1_12' title="bbox 435 2018 1809 2068">
    <p class='ocr_par' dir='ltr' id='par_1_13' title="bbox 435 2018 1809 2068">
     <span class='ocr_line' id='line_1_50' title="bbox 435 2018 1809 2068; baseline 0 -14"><span class='ocrx_word' id='word_1_272' title='bbox 435 2019 654 2054; x_wconf 85' lang='lat' dir='ltr'>secundum</span> <span class='ocrx_word' id='word_1_273' title='bbox 688 2018 955 2065; x_wconf 80' lang='lat' dir='ltr'>Augustinum</span> <span class='ocrx_word' id='word_1_274' title='bbox 998 2019 1046 2055; x_wconf 87' lang='lat' dir='ltr'>sit</span> <span class='ocrx_word' id='word_1_275' title='bbox 1088 2019 1123 2054; x_wconf 89' lang='lat' dir='ltr'>in</span> <span class='ocrx_word' id='word_1_276' title='bbox 1168 2019 1377 2068; x_wconf 76' lang='lat' dir='ltr'>scriptura,</span> <span class='ocrx_word' id='word_1_277' title='bbox 1422 2027 1530 2066; x_wconf 84' lang='lat' dir='ltr'>patet</span> <span class='ocrx_word' id='word_1_278' title='bbox 1569 2020 1675 2067; x_wconf 86' lang='lat' dir='ltr'>quod</span> <span class='ocrx_word' id='word_1_279' title='bbox 1720 2019 1748 2054; x_wconf 86' lang='lat' dir='ltr'>si</span> <span class='ocrx_word' id='word_1_280' title='bbox 1768 2023 1809 2054; x_wconf 84' lang='lat'>30</span> 
     </span>
    </p>
   </div>
   <div class='ocr_carea' id='block_1_13' title="bbox 433 2075 1750 2471">
    <p class='ocr_par' dir='ltr' id='par_1_14' title="bbox 433 2075 1750 2471">
     <span class='ocr_line' id='line_1_51' title="bbox 433 2075 1750 2124; baseline 0.001 -13"><span class='ocrx_word' id='word_1_281' title='bbox 433 2075 641 2112; x_wconf 88' lang='lat' dir='ltr'>veritatem</span> <span class='ocrx_word' id='word_1_282' title='bbox 688 2075 901 2121; x_wconf 84' lang='lat' dir='ltr'>diffiniunt,</span> <span class='ocrx_word' id='word_1_283' title='bbox 947 2076 1164 2112; x_wconf 85' lang='lat' dir='ltr'>includitur</span> <span class='ocrx_word' id='word_1_284' title='bbox 1209 2075 1249 2112; x_wconf 92' lang='lat' dir='ltr'>in</span> <span class='ocrx_word' id='word_1_285' title='bbox 1298 2076 1521 2124; x_wconf 72' lang='lat' dir='ltr'>scriptura,</span> <span class='ocrx_word' id='word_1_286' title='bbox 1568 2077 1674 2124; x_wconf 87' lang='lat' dir='ltr'>quod</span> <span class='ocrx_word' id='word_1_287' title='bbox 1719 2077 1750 2113; x_wconf 93' lang='lat' dir='ltr'>si</span> 
     </span>
     <span class='ocr_line' id='line_1_52' title="bbox 435 2133 1747 2182; baseline 0.001 -13"><span class='ocrx_word' id='word_1_288' title='bbox 435 2133 508 2170; x_wconf 88' lang='lat' dir='ltr'>rite</span> <span class='ocrx_word' id='word_1_289' title='bbox 541 2135 764 2181; x_wconf 90' lang='lat' dir='ltr'>procedunt</span> <span class='ocrx_word' id='word_1_290' title='bbox 787 2133 1017 2181; x_wconf 80' lang='lat' dir='ltr'>ignorantes</span> <span class='ocrx_word' id='word_1_291' title='bbox 1050 2143 1184 2170; x_wconf 90' lang='lat' dir='ltr'>utrum</span> <span class='ocrx_word' id='word_1_292' title='bbox 1214 2133 1254 2169; x_wconf 89' lang='lat' dir='ltr'>in</span> <span class='ocrx_word' id='word_1_293' title='bbox 1287 2134 1485 2182; x_wconf 87' lang='lat' dir='ltr'>scriptura</span> <span class='ocrx_word' id='word_1_294' title='bbox 1517 2133 1747 2180; x_wconf 88' lang='lat' dir='ltr'>includitur,</span> 
     </span>
     <span class='ocr_line' id='line_1_53' title="bbox 435 2190 1748 2240; baseline 0.002 -14"><span class='ocrx_word' id='word_1_295' title='bbox 435 2192 579 2227; x_wconf 88' lang='lat' dir='ltr'>debent</span> <span class='ocrx_word' id='word_1_296' title='bbox 624 2190 818 2238; x_wconf 82' lang='lat' dir='ltr'>Spiritum</span> <span class='ocrx_word' id='word_1_297' title='bbox 865 2193 1056 2228; x_wconf 86' lang='lat' dir='ltr'>Sanctum</span> <span class='ocrx_word' id='word_1_298' title='bbox 1110 2193 1317 2228; x_wconf 87' lang='lat' dir='ltr'>consulere</span> <span class='ocrx_word' id='word_1_299' title='bbox 1362 2201 1398 2228; x_wconf 90' lang='lat' dir='ltr'>et</span> <span class='ocrx_word' id='word_1_300' title='bbox 1443 2191 1473 2228; x_wconf 91' lang='lat' dir='ltr'>si</span> <span class='ocrx_word' id='word_1_301' title='bbox 1519 2191 1558 2228; x_wconf 92' lang='lat' dir='ltr'>in</span> <span class='ocrx_word' id='word_1_302' title='bbox 1606 2204 1748 2240; x_wconf 86' lang='lat' dir='ltr'>penam</span> 
     </span>
     <span class='ocr_line' id='line_1_54' title="bbox 435 2248 1749 2297; baseline 0.001 -13"><span class='ocrx_word' id='word_1_303' title='bbox 435 2249 588 2296; x_wconf 85' lang='lat' dir='ltr'>peccati</span> <span class='ocrx_word' id='word_1_304' title='bbox 648 2261 728 2284; x_wconf 86' lang='lat' dir='ltr'>non</span> <span class='ocrx_word' id='word_1_305' title='bbox 788 2248 964 2285; x_wconf 82' lang='lat' dir='ltr'>inficitur</span> <span class='ocrx_word' id='word_1_306' title='bbox 1015 2250 1195 2297; x_wconf 88' lang='lat' dir='ltr'>ipsorum</span> <span class='ocrx_word' id='word_1_307' title='bbox 1250 2250 1465 2285; x_wconf 77' lang='lat' dir='ltr'>diffinitum</span> <span class='ocrx_word' id='word_1_308' title='bbox 1520 2249 1749 2293; x_wconf 87' lang='lat' dir='ltr'>concilium,</span> 
     </span>
     <span class='ocr_line' id='line_1_55' title="bbox 436 2307 1749 2356; baseline 0.002 -15"><span class='ocrx_word' id='word_1_309' title='bbox 436 2315 543 2354; x_wconf 83' lang='lat' dir='ltr'>patet</span> <span class='ocrx_word' id='word_1_310' title='bbox 588 2308 695 2354; x_wconf 87' lang='lat' dir='ltr'>quod</span> <span class='ocrx_word' id='word_1_311' title='bbox 740 2316 899 2354; x_wconf 88' lang='lat' dir='ltr'>oportet</span> <span class='ocrx_word' id='word_1_312' title='bbox 945 2307 1072 2355; x_wconf 89' lang='lat' dir='ltr'>ipsam</span> <span class='ocrx_word' id='word_1_313' title='bbox 1118 2321 1139 2344; x_wconf 85' lang='lat' dir='ltr'>a</span> <span class='ocrx_word' id='word_1_314' title='bbox 1185 2307 1335 2356; x_wconf 84' lang='lat' dir='ltr'>Spiritu</span> <span class='ocrx_word' id='word_1_315' title='bbox 1380 2320 1579 2344; x_wconf 83' lang='lat' dir='ltr'>emanare.</span> <span class='ocrx_word' id='word_1_316' title='bbox 1636 2309 1749 2344; x_wconf 90' lang='lat' dir='ltr'>Unde</span> 
     </span>
     <span class='ocr_line' id='line_1_56' title="bbox 435 2363 1748 2413; baseline 0.002 -14"><span class='ocrx_word' id='word_1_317' title='bbox 435 2377 546 2400; x_wconf 86' lang='lat' dir='ltr'>error</span> <span class='ocrx_word' id='word_1_318' title='bbox 575 2363 615 2399; x_wconf 91' lang='lat' dir='ltr'>in</span> <span class='ocrx_word' id='word_1_319' title='bbox 638 2364 744 2400; x_wconf 86' lang='lat' dir='ltr'>dicto</span> <span class='ocrx_word' id='word_1_320' title='bbox 776 2364 947 2401; x_wconf 90' lang='lat' dir='ltr'>concilio</span> <span class='ocrx_word' id='word_1_321' title='bbox 977 2367 1198 2413; x_wconf 85' lang='lat' dir='ltr'>procedens</span> <span class='ocrx_word' id='word_1_322' title='bbox 1229 2378 1250 2401; x_wconf 86' lang='lat' dir='ltr'>a</span> <span class='ocrx_word' id='word_1_323' title='bbox 1274 2374 1376 2402; x_wconf 90' lang='lat' dir='ltr'>tetro</span> <span class='ocrx_word' id='word_1_324' title='bbox 1401 2365 1542 2413; x_wconf 90' lang='lat' dir='ltr'>spiritu</span> <span class='ocrx_word' id='word_1_325' title='bbox 1566 2365 1748 2401; x_wconf 86' lang='lat' dir='ltr'>infernali</span> 
     </span>
     <span class='ocr_line' id='line_1_57' title="bbox 434 2422 1748 2471; baseline 0.002 -14"><span class='ocrx_word' id='word_1_326' title='bbox 434 2422 579 2458; x_wconf 85' lang='lat' dir='ltr'>dicitur</span> <span class='ocrx_word' id='word_1_327' title='bbox 602 2434 720 2470; x_wconf 92' lang='lat' dir='ltr'>super</span> <span class='ocrx_word' id='word_1_328' title='bbox 753 2435 889 2458; x_wconf 89' lang='lat' dir='ltr'>eorum</span> <span class='ocrx_word' id='word_1_329' title='bbox 925 2424 1099 2460; x_wconf 87' lang='lat' dir='ltr'>stulticia</span> <span class='ocrx_word' id='word_1_330' title='bbox 1133 2423 1312 2460; x_wconf 88' lang='lat' dir='ltr'>attestari</span> <span class='ocrx_word' id='word_1_331' title='bbox 1338 2426 1464 2460; x_wconf 90' lang='lat' dir='ltr'>Deum</span> <span class='ocrx_word' id='word_1_332' title='bbox 1498 2423 1608 2460; x_wconf 88' lang='lat' dir='ltr'>odire</span> <span class='ocrx_word' id='word_1_333' title='bbox 1641 2424 1748 2471; x_wconf 88' lang='lat' dir='ltr'>quod</span> 
     </span>
    </p>
   </div>
   <div class='ocr_carea' id='block_1_14' title="bbox 433 2565 1746 2635">
    <p class='ocr_par' dir='ltr' id='par_1_15' title="bbox 433 2565 1746 2635">
     <span class='ocr_line' id='line_1_58' title="bbox 501 2565 1746 2601; baseline 0.002 -8"><span class='ocrx_word' id='word_1_334' title='bbox 501 2565 526 2593; x_wconf 78' lang='lat'>3.</span> <span class='ocrx_word' id='word_1_335' title='bbox 549 2566 642 2594; x_wconf 84' lang='lat' dir='ltr'>Cod.:</span> <span class='ocrx_word' id='word_1_336' title='bbox 666 2575 763 2593; x_wconf 78' lang='lat' dir='ltr'>essem</span> <span class='ocrx_word' id='word_1_337' title='bbox 786 2568 826 2594; x_wconf 88' lang='lat' dir='ltr'>in.</span> <span class='ocrx_word' id='word_1_338' title='bbox 907 2567 948 2594; x_wconf 79' lang='lat'>25.</span> <span class='ocrx_word' id='word_1_339' title='bbox 970 2568 1120 2601; x_wconf 59' lang='lat' dir='ltr'>concilim</span> <span class='ocrx_word' id='word_1_340' title='bbox 1150 2576 1207 2595; x_wconf 62' lang='lat' dir='ltr'>sc:</span> <span class='ocrx_word' id='word_1_341' title='bbox 1230 2568 1443 2595; x_wconf 69' lang='lat' dir='ltr'>Terrenmtus.</span> <span class='ocrx_word' id='word_1_342' title='bbox 1516 2569 1560 2595; x_wconf 60' lang='lat'>28.</span> <span class='ocrx_word' id='word_1_343' title='bbox 1584 2568 1680 2595; x_wconf 52' lang='lat' dir='ltr'>Coti:</span> <span class='ocrx_word' id='word_1_344' title='bbox 1704 2576 1746 2595; x_wconf 85' lang='lat' dir='ltr'>re-</span> 
     </span>
     <span class='ocr_line' id='line_1_59' title="bbox 433 2600 1070 2635; baseline 0.005 -9"><span class='ocrx_word' id='word_1_345' title='bbox 433 2601 598 2628; x_wconf 81' lang='lat' dir='ltr'>velacione.</span> <span class='ocrx_word' id='word_1_346' title='bbox 673 2600 716 2635; x_wconf 73' lang='lat'>37.</span> <span class='ocrx_word' id='word_1_347' title='bbox 739 2601 835 2629; x_wconf 79' lang='lat' dir='ltr'>Cocl.:</span> <span class='ocrx_word' id='word_1_348' title='bbox 858 2602 955 2629; x_wconf 76' lang='lat' dir='ltr'>Deum</span> <span class='ocrx_word' id='word_1_349' title='bbox 978 2603 1070 2629; x_wconf 85' lang='lat' dir='ltr'>enim.</span> 
     </span>
    </p>
   </div>
   <div class='ocr_carea' id='block_1_15' title="bbox 432 2707 1741 2891">
    <p class='ocr_par' dir='ltr' id='par_1_16' title="bbox 432 2707 1741 2891">
     <span class='ocr_line' id='line_1_60' title="bbox 507 2707 1740 2751; baseline 0.003 -14"><span class='ocrx_word' id='word_1_350' title='bbox 507 2707 555 2738; x_wconf 80' lang='lat'>13.</span> <span class='ocrx_word' id='word_1_351' title='bbox 593 2708 686 2739; x_wconf 79' lang='lat' dir='ltr'>Fasc.</span> <span class='ocrx_word' id='word_1_352' title='bbox 713 2708 785 2747; x_wconf 88' lang='lat' dir='ltr'>ziz.,</span> <span class='ocrx_word' id='word_1_353' title='bbox 811 2719 888 2751; x_wconf 80' lang='lat' dir='ltr'>pag.</span> <span class='ocrx_word' id='word_1_354' title='bbox 919 2707 993 2749; x_wconf 82' lang='lat'>281,</span> <span class='ocrx_word' id='word_1_355' title='bbox 1021 2708 1099 2750; x_wconf 76' lang='lat'>324.</span> <span class='ocrx_word' id='word_1_356' title='bbox 1132 2709 1323 2741; x_wconf 88' lang='lat' dir='ltr'>Conclusio</span> <span class='ocrx_word' id='word_1_357' title='bbox 1356 2710 1454 2741; x_wconf 82' lang='lat' dir='ltr'>XXI:</span> <span class='ocrx_word' id='word_1_358' title='bbox 1491 2709 1598 2749; x_wconf 91' lang='lat' dir='ltr'>Quod</span> <span class='ocrx_word' id='word_1_359' title='bbox 1633 2710 1740 2741; x_wconf 83' lang='lat' dir='ltr'>sancti</span> 
     </span>
     <span class='ocr_line' id='line_1_61' title="bbox 433 2753 1741 2799; baseline 0.003 -16"><span class='ocrx_word' id='word_1_360' title='bbox 433 2754 651 2784; x_wconf 85' lang='lat' dir='ltr'>instituentes</span> <span class='ocrx_word' id='word_1_361' title='bbox 678 2754 866 2794; x_wconf 85' lang='lat' dir='ltr'>religiones</span> <span class='ocrx_word' id='word_1_362' title='bbox 903 2756 1052 2796; x_wconf 80' lang='lat' dir='ltr'>privatas</span> <span class='ocrx_word' id='word_1_363' title='bbox 1087 2765 1318 2798; x_wconf 87' lang='lat' dir='ltr'>quascunque</span> <span class='ocrx_word' id='word_1_364' title='bbox 1354 2763 1424 2787; x_wconf 82' lang='lat' dir='ltr'>tam</span> <span class='ocrx_word' id='word_1_365' title='bbox 1460 2753 1741 2799; x_wconf 86' lang='lat' dir='ltr'>possessionato-</span> 
     </span>
     <span class='ocr_line' id='line_1_62' title="bbox 432 2800 1740 2844; baseline 0.002 -15"><span class='ocrx_word' id='word_1_366' title='bbox 432 2809 508 2830; x_wconf 88' lang='lat' dir='ltr'>rum</span> <span class='ocrx_word' id='word_1_367' title='bbox 559 2809 664 2842; x_wconf 85' lang='lat' dir='ltr'>quam</span> <span class='ocrx_word' id='word_1_368' title='bbox 715 2800 993 2832; x_wconf 84' lang='lat' dir='ltr'>mendicancium</span> <span class='ocrx_word' id='word_1_369' title='bbox 1044 2802 1076 2832; x_wconf 90' lang='lat' dir='ltr'>in</span> <span class='ocrx_word' id='word_1_370' title='bbox 1127 2800 1175 2832; x_wconf 87' lang='lat' dir='ltr'>sic</span> <span class='ocrx_word' id='word_1_371' title='bbox 1226 2802 1442 2833; x_wconf 89' lang='lat' dir='ltr'>instituendo</span> <span class='ocrx_word' id='word_1_372' title='bbox 1495 2809 1740 2844; x_wconf 82' lang='lat' dir='ltr'>peccaverunt.</span> 
     </span>
     <span class='ocr_line' id='line_1_63' title="bbox 434 2845 1739 2891; baseline 0.002 -16"><span class='ocrx_word' id='word_1_373' title='bbox 434 2854 486 2876; x_wconf 83' lang='lat'>22.</span> <span class='ocrx_word' id='word_1_374' title='bbox 514 2845 632 2878; x_wconf 81' lang='lat' dir='ltr'>Matth.</span> <span class='ocrx_word' id='word_1_375' title='bbox 653 2846 710 2888; x_wconf 85' lang='lat' dir='ltr'>Vt,</span> <span class='ocrx_word' id='word_1_376' title='bbox 743 2857 791 2877; x_wconf 82' lang='lat'>12.</span> <span class='ocrx_word' id='word_1_377' title='bbox 902 2847 953 2878; x_wconf 81' lang='lat'>23.</span> <span class='ocrx_word' id='word_1_378' title='bbox 981 2847 1014 2878; x_wconf 89' lang='lat' dir='ltr'>S.</span> <span class='ocrx_word' id='word_1_379' title='bbox 1040 2847 1226 2888; x_wconf 82' lang='lat' dir='ltr'>Augustini</span> <span class='ocrx_word' id='word_1_380' title='bbox 1256 2848 1350 2890; x_wconf 86' lang='lat' dir='ltr'>Opp.</span> <span class='ocrx_word' id='word_1_381' title='bbox 1376 2855 1458 2880; x_wconf 87' lang='lat' dir='ltr'>tom.</span> <span class='ocrx_word' id='word_1_382' title='bbox 1486 2848 1526 2887; x_wconf 89' lang='lat' dir='ltr'>X,</span> <span class='ocrx_word' id='word_1_383' title='bbox 1554 2858 1631 2891; x_wconf 84' lang='lat' dir='ltr'>pag.</span> <span class='ocrx_word' id='word_1_384' title='bbox 1665 2847 1739 2879; x_wconf 83' lang='lat'>135.</span> 
     </span>
    </p>
   </div>
   <div class='ocr_carea' id='block_1_16' title="bbox 1767 2314 1805 2345">
    <p class='ocr_par' dir='ltr' id='par_1_17' title="bbox 1767 2314 1805 2345">
     <span class='ocr_line' id='line_1_64' title="bbox 1767 2314 1805 2345; baseline -0.026 0"><span class='ocrx_word' id='word_1_385' title='bbox 1767 2314 1805 2345; x_wconf 73' lang='grc'>35</span> 
     </span>
    </p>
   </div>
  </div>
 </body>
</html>
