1944 3323
140 629 156 662 5

120 931 159 952 10

121 1211 156 1243 15

120 1793 159 1825 25

118 2084 160 2116 30

121 2375 160 2409 35

117 2677 162 2708 40

173 281 308 310 samio
329 269 397 328 XL]
663 284 835 316 TERTIA
865 285 988 318 PARS.
1731 292 1780 327 79

173 389 267 438 poni
302 389 340 425 in
374 398 524 438 septem
561 390 880 436 condicionibus,
915 399 956 426 ut
981 390 1113 427 debite
1138 393 1221 426 Deo
1245 391 1493 430 observiant:

174 457 210 484 et
243 447 338 496 quia
371 447 529 484 animus
562 449 762 485 humanus
802 461 846 485 ex
879 461 949 485 sua
982 448 1194 485 nobilitate
1227 448 1382 485 facilius
1416 457 1495 486 tra-

174 505 282 542 hitur
305 518 375 554 per
398 507 518 542 verba
543 506 778 552 mulcencia,
805 506 896 543 ideo
911 507 1130 555 Apostolus
1154 506 1287 555 primo
1310 508 1495 544 obsecrat

174 576 241 600 eos
286 576 362 613 per
406 564 715 601 misericordiam
762 565 840 601 Dei
881 577 960 613 qua
1017 574 1184 613 peccata
1228 565 1411 602 laxantur
1457 574 1494 601 et

173 621 400 659 fraternitas
438 621 638 659 viatorum
677 623 866 669 exoritur,
912 632 954 659 ut
999 622 1038 659 in
1083 636 1123 660 se
1167 623 1379 671 perficiant
1422 622 1497 660 ista

174 689 341 728 septem.
390 682 460 717 Est
500 689 633 717 autem
673 680 907 718 obsecracio
940 681 1078 718 oracio
1112 694 1202 718 cum
1236 681 1497 718 adiuracione

174 738 309 787 aliqua
355 738 411 775 rei
450 748 599 775 sancte.
648 740 726 776 Sed
759 739 855 788 quid
895 739 1078 776 sanccius
1117 748 1185 776 aut
1225 739 1496 788 pertinencius

174 809 295 845 quam
336 796 613 834 misericordia
654 797 726 834 Dei
765 810 836 846 per
877 811 998 847 quam
1039 807 1272 847 peccatores
1312 798 1378 847 qui
1413 800 1496 834 Deo

175 854 375 903 perierant
404 864 495 891 sunt
526 855 720 902 conversi,
751 856 852 892 sicut
875 865 986 905 patet
1010 858 1058 893 de
1081 856 1234 893 cunctis
1258 856 1498 904 gentilibus?

174 912 281 949 Finis
320 922 454 950 autern
494 913 695 951 oracionis
727 914 912 963 Apostoli
951 927 1032 951 non
1078 923 1135 951 est
1180 915 1375 963 spoliacio
1421 917 1497 951 Ro-

176 984 387 1008 manorum
420 984 494 1008 nec
526 972 674 1020 peticio
707 973 763 1009 rei
797 972 1059 1022 impossibilis
1091 973 1152 1009 vel
1184 972 1494 1021 impertinentiS,

174 1031 241 1066 sed
274 1038 317 1066 ut
340 1029 551 1066 exhibeant
575 1043 746 1079 corpora
779 1043 850 1067 sua
883 1031 923 1067 in
947 1031 1019 1068 Dei
1053 1031 1320 1068 ministerium
1345 1031 1496 1068 manci-

174 1096 280 1136 pata.
321 1089 409 1124 Hoc
448 1088 552 1125 enim
594 1098 672 1126 stat
710 1088 751 1125 in
790 1089 975 1126 libertate
1013 1089 1072 1126 sui
1121 1089 1290 1137 arbitrii,
1337 1091 1495 1126 cederet

175 1155 212 1182 et
244 1147 294 1182 ad
326 1147 523 1183 honorem
558 1147 630 1184 Dei
664 1156 701 1184 et
733 1147 794 1184 sui
826 1147 975 1184 summi
1009 1147 1228 1185 commodi.

233 1206 281 1240 Et
296 1204 451 1241 utinam
474 1204 728 1253 predicantes
752 1206 936 1242 moderni
958 1207 1007 1242 ad
1030 1206 1146 1243 istam
1173 1206 1346 1243 formam
1370 1215 1496 1243 atten-
1537 1221 1556 1240 1.
1581 1213 1601 1239 11
1625 1219 1703 1240 must
1729 1214 1762 1240 bt-

175 1264 326 1299 derent.
360 1264 531 1311 Oportet
555 1276 648 1312 ergo
672 1266 780 1313 quod
805 1264 1070 1301 ministerium
1098 1267 1181 1301 Deo
1205 1264 1430 1313 impensum
1448 1264 1498 1301 sit
1567 1249 1738 1283 “⁷¹¹¹¹¹¹³¹'7‘'

174 1320 460 1367 voluntarium,
511 1321 605 1371 quia
639 1324 744 1359 Deus
783 1336 856 1371 pro
902 1323 1012 1360 nullo
1053 1322 1129 1359 nisi
1163 1336 1236 1371 pro
1268 1323 1498 1360 voluntario

176 1379 349 1428 premiat
379 1379 459 1416 sive
490 1380 616 1428 punit.
648 1380 695 1417 Et
726 1381 802 1418 hoc
832 1390 997 1418 notatur
1027 1381 1067 1418 in
1096 1381 1172 1418 isto
1194 1383 1338 1419 verbo:
1369 1382 1496 1418 Exhi-

175 1438 305 1474 beatis.
336 1440 465 1475 Nemo
490 1439 594 1475 enirn
620 1439 836 1488 quicquam
862 1442 947 1476 Deo
971 1439 1127 1476 exhibet
1157 1439 1234 1476 nisi
1257 1439 1496 1485 voluntarie,

176 1509 266 1532 cum
301 1499 407 1533 Deus
445 1509 527 1533 non
566 1496 616 1533 sit
650 1507 811 1535 exactor
842 1499 903 1535 vel
942 1497 1037 1535 boni
1078 1498 1254 1535 hominis
1287 1498 1496 1546 spoliator.

234 1555 419 1591 Secundo
460 1564 620 1603 oportet
659 1558 767 1605 quod
806 1556 1078 1593 voluntarium
1114 1557 1183 1593 Dei
1226 1556 1494 1593 ministerium
1537 1569 1561 1589 2.
1585 1563 1711 1601 umust
1735 1563 1769 1589 bc

178 1612 227 1648 sit
261 1612 300 1649 in
335 1626 505 1661 corpore
538 1614 704 1662 proprio
739 1614 1008 1663 promerentis
1041 1628 1122 1651 non
1157 1624 1343 1651 extranea
1367 1597 1591 1651 hostia-mst-
1614 1606 1640 1624 Ἠ
1662 1606 1785 1632 Ρ“”’““”“’”

178 1680 353 1708 mactata
384 1672 445 1708 vel
479 1672 519 1708 in
552 1685 722 1720 corpore
755 1673 886 1710 alieno
919 1673 1066 1710 vicarie
1091 1682 1309 1710 macerato.
1340 1675 1387 1709 Et
1411 1673 1496 1722 qui-

177 1730 269 1766 dam
309 1730 448 1766 volunt
488 1743 620 1767 emere
659 1731 985 1779 procuratorium
1026 1741 1069 1767 ut
1102 1732 1169 1768 alii
1202 1745 1276 1780 pro
1309 1731 1496 1767 omnibus

176 1787 351 1835 peccatis
383 1788 464 1824 suis
498 1791 769 1837 respondeant
809 1799 846 1826 et
880 1790 919 1825 in
952 1789 1084 1838 specie
1116 1789 1229 1826 istius
1265 1799 1301 1826 et
1335 1790 1375 1825 in
1409 1802 1495 1838 per-

175 1859 274 1882 sona
306 1847 470 1895 propria
503 1847 634 1884 vivere
666 1847 828 1884 viciose.
863 1849 940 1884 Sed
975 1861 1017 1884 ex
1051 1848 1128 1884 fide
1159 1849 1402 1884 credendum
1439 1858 1496 1884 est

176 1906 285 1952 quod
319 1905 594 1954 unusquisque
629 1908 854 1943 mercedem
890 1906 1055 1954 recipiet
1078 1908 1299 1943 secundum
1326 1908 1431 1955 quod
1458 1906 1497 1942 in

176 1975 346 2010 corpore
381 1976 452 2000 suo
486 1964 618 2012 gessit,
661 1965 754 2001 licet
795 1964 914 2001 alieni
954 1973 1124 2013 possunt
1165 1965 1299 2001 iuvare
1332 1965 1391 2001 vel
1425 1965 1497 2000 im-

175 2020 326 2069 pedire,
360 2031 402 2057 ut
434 2023 557 2059 homo
590 2022 703 2071 peius
737 2032 805 2060 aut
840 2023 982 2059 melius
1017 2032 1232 2060 mereatur.

233 2079 378 2116 Tercio
401 2089 561 2129 oportet
583 2082 690 2129 quod
718 2094 864 2129 corpus
887 2081 988 2118 servi
1011 2081 1161 2117 Christi
1183 2081 1232 2117 sit
1254 2081 1328 2118 sibi
1353 2081 1496 2127 hostia7
1520 2086 1544 2127 ’.ξ-
1566 2086 1633 2128 ΊῘΙις
1655 2086 1736 2121 body
1757 2087 1791 2113 οἵ

176 2138 252 2174 hoc
286 2147 356 2184 est,
389 2148 432 2174 ut
456 2140 504 2176 ad
531 2140 601 2175 Dei
635 2139 795 2176 latriam
829 2140 1054 2176 voluntarie
1087 2140 1297 2176 offeratur:
1333 2149 1370 2176 et
1404 2121 1786 2183 tunc“¹¹¹1J¹fi,¹g{{‡{⁸ssf¹¹¹¹

176 2204 337 2243 oportet
355 2198 464 2245 quod
486 2210 632 2246 corpus
653 2197 709 2234 sic
725 2198 875 2235 factum
900 2198 1031 2234 hostia
1047 2197 1096 2234 sit
1111 2198 1329 2235 voluntatis
1352 2211 1498 2235 concu-
1522 2192 1779 2261 ιξιῑιῑιῇξῖῐὲεῗξῐ»ἰωῇ·-

176 2253 378 2302 piscencie
416 2255 580 2304 proprie
614 2256 868 2293 frenativum.
910 2258 1082 2302 Quando
1122 2256 1227 2293 enim
1268 2257 1400 2293 hostia
1440 2265 1497 2293 est
1581 2247 1598 2260 β

179 2312 326 2357 ablata,
372 2326 454 2349 non
495 2313 587 2350 licet
625 2313 754 2363 ipsam
801 2314 1030 2363 reaccipere
1075 2316 1125 2351 ad
1164 2315 1413 2352 voluntatem
1461 2323 1497 2351 et

178 2372 439 2407 commodum
473 2372 690 2409 offerentis.

236 2430 390 2474 Quarto
420 2439 580 2478 oportet
611 2432 719 2479 quod
743 2430 834 2467 talis
859 2432 991 2469 hostia
1019 2431 1069 2467 sit
1098 2432 1297 2467 bonorum
1329 2444 1495 2479 operum
1526 2436 1610 2474 42¹?
1632 2441 1713 2474 must
1736 2437 1769 2462 bc

177 2487 436 2534 productiva:
481 2488 612 2525 vivum
659 2489 764 2526 enim
810 2489 850 2525 in
897 2503 937 2527 se
981 2491 1100 2526 habet
1143 2489 1388 2538 principium
1438 2471 1785 2532 sui¹''¹¹¹¹in..»¹1¹<¹<‚³*¹⁰⁴“¹

177 2554 322 2581 motus.
371 2548 452 2582 Nec
498 2546 663 2583 dubium
711 2547 807 2596 quin
850 2548 940 2585 talis
984 2548 1033 2584 sit
1076 2550 1160 2584 Deo
1202 2548 1291 2596 plus
1339 2548 1497 2595 placida

177 2615 298 2651 quam
329 2603 464 2652 aliqua
493 2618 574 2640 non
601 2605 690 2642 viva
718 2606 779 2642 vel
802 2605 1054 2643 irracionalis
1077 2619 1199 2654 quam
1225 2615 1283 2642 est
1306 2605 1497 2654 possibile

177 2673 250 2697 nos
283 2661 440 2698 offerre.
475 2665 566 2699 Ideo
599 2663 639 2699 in
672 2664 756 2712 lege
788 2664 921 2711 gracie
959 2673 1016 2701 est
1050 2663 1208 2701 oblacio
1240 2673 1377 2700 nostra
1411 2665 1497 2700 hre-

176 2718 262 2755 vior
301 2728 337 2756 et
371 2722 456 2758 Deo
495 2720 706 2770 accepcior
738 2735 859 2771 quarn
900 2722 972 2758 fuit
1004 2722 1164 2759 oblacio
1196 2721 1339 2759 veteris
1378 2730 1496 2758 testa—

246 2855 270 2883 5.
284 2856 377 2885 Cocl.:
395 2860 422 2883 ct
437 2856 477 2884 in.
530 2856 557 2882 s).
570 2857 598 2884 A
611 2856 639 2883 in
656 2864 769 2890 mar-au:
788 2856 869 2892 Quid
886 2861 931 2884 est
946 2857 1134 2884 obst-cracio.
1192 2864 1229 2884 12.
1242 2857 1274 2883 In
1291 2856 1378 2884 cod..·
1394 2856 1495 2882 miste-

179 2891 269 2918 rium.
327 2892 367 2918 16.
390 2892 422 2918 lu
445 2899 562 2925 marga
584 2891 675 2918 Nota.
733 2900 770 2927 ¹7·
792 2892 825 2918 ln
847 2900 961 2926 marga
984 2901 1004 2920 1.
1060 2899 1099 2919 21.
1122 2892 1153 2919 In
1177 2900 1291 2925 mars-L:
1313 2899 1338 2918 2.
1395 2890 1440 2917 311.
1464 2891 1493 2916 ln

179 2934 292 2960 marg:
309 2925 332 2953 3.
383 2926 422 2953 31.
439 2926 532 2953 Cod.:
552 2926 648 2953 lauria.
700 2924 745 2953 36.
762 2927 794 2953 ln
811 2935 925 2961 marga
942 2936 970 2960 .1.
1023 2925 1065 2953 3&
1081 2927 1175 2954 Cod.:
1192 2927 1319 2953 dubium
1337 2925 1494 2960 quoniam.
