1944 3323
122 894 159 915 10

123 1176 156 1207 15

118 1478 159 1497 20

119 1759 156 1789 25

121 2049 161 2081 30

121 2340 160 2372 35

118 2641 162 2671 40

177 245 312 274 smnio
335 235 414 293 xn]
665 248 836 280 TERTIA
867 248 990 280 PARS.

178 355 332 391 mulieri
362 355 555 391 instruete
589 368 609 391 a
644 355 824 391 Christo:
864 355 950 390 Jam
993 368 1064 390 non
1100 363 1268 404 propter
1300 363 1403 391 tuam
1437 356 1491 390 lo-

177 413 326 461 quelam
356 414 563 460 credimus,
596 413 670 462 ipsi
701 413 797 449 enim
831 413 1050 449 audivimus
1085 421 1119 449 et
1150 414 1291 449 scimus
1314 414 1399 462 quia
1434 414 1494 449 hic

177 479 232 507 est
271 484 360 507 vere
397 472 574 507 salvator
612 472 765 515 muncli;
803 471 869 507 ubi
917 480 1058 508 notum
1101 479 1158 508 est
1191 473 1299 521 quod
1332 472 1495 520 loquela

178 529 430 566 Samaritane
455 529 528 565 fuit
558 542 678 566 causa
711 529 900 578 parcialis
935 538 1056 578 atque
1089 541 1159 578 per
1183 529 1369 567 accidens
1402 529 1494 566 fidei

177 587 317 635 populi
357 587 574 633 inductiva,
622 587 716 636 quia
756 600 846 624 cum
893 587 1127 624 assistencia
1176 597 1213 625 et
1258 587 1495 637 eloquencia

178 645 327 682 Christi
366 645 438 681 fuit
483 645 717 694 principalis
763 659 883 683 causa
922 646 1039 682 huius
1088 646 1199 689 fidei;
1248 646 1338 683 ideo
1384 655 1495 682 ante-

178 703 367 740 cedencia
406 713 593 740 notantes
633 717 706 752 pro
746 717 866 741 causa
905 713 1039 741 tacent
1084 704 1275 753 priorem,
1322 713 1359 741 et
1403 717 1496 753 sepe

177 761 272 797 alibi
317 761 356 797 in
401 762 601 811 scriptura
646 761 745 799 illud
789 764 898 812 quod
943 763 1066 799 homo
1107 762 1235 811 diligit
1279 763 1409 799 solum
1455 762 1496 798 in

177 819 318 856 ordine
341 821 391 856 ad
413 820 533 857 finem
559 820 754 858 maiorem
781 820 1029 869 diligendum
1055 820 1202 858 dicitur
1225 834 1306 858 non
1330 820 1495 869 diligere

177 879 246 915 sed
280 878 406 915 odire.

235 936 321 973 Istis
361 937 511 973 notatis
550 945 660 985 patet
694 938 803 986 quod
843 937 910 974 illa
944 937 1142 985 particula
1176 950 1254 987 pro
1293 950 1362 974 suo
1396 938 1494 974 rele-

178 995 326 1031 vamine
373 995 503 1043 signat
542 995 896 1032 circumstanciam
936 1008 1008 1044 per
1046 1008 1086 1032 se
1127 1008 1245 1032 cause
1285 995 1415 1032 finalis
1457 1004 1495 1032 et

175 1065 245 1100 per
269 1065 519 1102 consequens
543 1063 737 1090 connotat
761 1054 967 1090 racionem
994 1053 1213 1091 elemosine
1237 1053 1317 1091 sive
1342 1053 1495 1090 miseri-

175 1111 311 1147 cordie
351 1111 390 1148 in
432 1113 620 1158 donante,
656 1112 748 1161 quia
789 1125 879 1148 cum
919 1112 984 1148 isti
1024 1111 1187 1148 termini
1227 1112 1494 1149 misericordia

176 1178 212 1205 et
262 1170 468 1206 elemosina
514 1180 605 1207 sunt
645 1170 805 1207 termini
845 1170 1007 1218 analogi
1048 1170 1144 1208 satis
1177 1170 1368 1218 ambigui,
1404 1170 1495 1207 ideo

175 1227 330 1264 videtur
376 1228 511 1265 multis
562 1230 671 1277 quod
716 1229 755 1264 in
801 1229 1079 1277 descripcione
1126 1228 1359 1265 huiusmodi
1404 1237 1495 1265 sunt

176 1286 350 1323 tacendi.

233 1345 294 1381 Ad
334 1344 510 1393 primum
552 1357 644 1393 sepe
685 1358 876 1382 concessa
919 1355 977 1382 est
1021 1345 1241 1391 conclusio,
1289 1346 1494 1394 loquendo

176 1404 224 1438 dc
270 1402 574 1440 mendicacione
620 1403 814 1441 innuitiva
861 1413 898 1440 et
943 1405 990 1440 de
1037 1404 1342 1440 mendicacione
1387 1404 1492 1440 facta

177 1463 260 1497 Deo
293 1461 410 1509 patri,
445 1463 513 1498 sed
547 1462 764 1499 limitatum
801 1472 858 1499 est
881 1464 931 1499 ad
967 1462 1313 1498 mendicacionem
1344 1463 1494 1498 clamo-

177 1532 309 1556 rosam
335 1521 490 1556 ‘factam
525 1520 692 1557 homini.
728 1523 774 1557 Et
798 1520 932 1557 taliter
957 1533 1038 1557 non
1073 1530 1130 1557 est
1154 1520 1361 1557 fundabile
1385 1521 1494 1569 quod

177 1578 374 1614 Dominus
400 1578 653 1624 mendicavit,
680 1579 774 1628 quia
799 1591 957 1627 semper
980 1578 1105 1615 tacuit
1124 1579 1258 1615 taliter
1274 1580 1493 1627 postulare,

176 1637 323 1672 docens
383 1636 602 1685 discipulos
660 1647 697 1674 et
741 1637 946 1686 ypocritas
1002 1646 1213 1686 sequentes
1270 1650 1352 1674 non
1410 1649 1495 1674 esse

174 1694 308 1731 taliter
340 1695 589 1731 nutriendos.

234 1755 281 1789 Et
292 1762 488 1802 quantum
507 1755 556 1790 ad
573 1753 931 1790 confirmacionem
945 1753 1148 1802 duplicem
1165 1762 1494 1802 consequentem,

176 1820 285 1859 patet
333 1813 440 1860 quod
482 1811 664 1848 Christus
709 1825 791 1848 non
836 1812 968 1860 potuit
1012 1825 1085 1860 pro
1132 1825 1205 1849 suo
1251 1811 1495 1849 relevamine

176 1871 397 1906 secundum
437 1870 597 1906 titulum
639 1869 916 1907 misericordie
958 1871 1007 1906 ab
1040 1883 1120 1907 una
1153 1883 1326 1919 persona
1359 1879 1494 1919 petere

179 1928 252 1964 ista
292 1930 397 1965 bona
436 1930 505 1964 sed
544 1928 683 1977 pocius
725 1942 798 1977 pro
837 1928 1036 1977 spirituali
1076 1928 1319 1966 relevamine
1358 1941 1495 1977 perso-

178 1999 320 2023 narum
354 2000 375 2023 a
409 1986 554 2035 quibus
587 1987 722 2023 taliter
755 1987 988 2035 postulavit.
1029 1988 1144 2024 Unde
1182 1990 1240 2034 (ut
1275 2000 1367 2036 sepe
1402 1986 1495 2032 dixi)

176 2058 258 2081 non
290 2054 347 2081 est
381 2045 493 2081 color
516 2045 548 2081 si
572 2045 768 2082 Dominus
803 2045 901 2094 petit
934 2054 1075 2094 potum
1108 2045 1170 2082 vel
1202 2045 1310 2082 aliud
1344 2047 1495 2082 bonum

177 2116 290 2139 suum
326 2116 347 2140 a
382 2103 565 2140 ministro
598 2116 670 2140 suo
703 2105 811 2152 quod
845 2113 1061 2152 propterea
1095 2104 1296 2140 mendicat
1329 2105 1378 2140 ab
1411 2103 1494 2149 illo,

177 2161 271 2210 quia
305 2163 415 2198 deest
449 2161 559 2198 racio
595 2162 854 2199 mendicandi
886 2163 947 2198 vel
980 2162 1226 2210 postulandi.

236 2222 283 2255 Et
315 2220 346 2255 si
380 2219 554 2256 obicitur
587 2222 695 2269 quod
727 2220 909 2257 Christus
943 2221 1268 2269 quandocunque
1302 2219 1495 2256 innuitive

180 2278 421 2314 mendicavit
454 2280 503 2314 ab
545 2278 720 2325 homine,
761 2278 980 2327 postulavit
1014 2292 1087 2327 pro
1122 2278 1310 2315 donantis
1344 2279 1493 2315 releva-

180 2336 285 2372 mine
323 2349 406 2372 non
444 2349 517 2384 pro
551 2350 636 2383 suo,
673 2346 783 2385 patet
817 2338 923 2385 quod
957 2337 1101 2373 falsum
1136 2337 1367 2382 assumitur,
1403 2349 1494 2372 cum

178 2394 279 2430 sicut
302 2394 484 2431 Christus
508 2395 556 2430 sit
581 2408 740 2443 egenus,
775 2395 891 2443 inops
915 2404 1035 2443 atque
1069 2395 1259 2441 esuriens,
1291 2394 1347 2431 sic
1370 2394 1495 2431 voluit

179 2462 215 2488 et
249 2452 419 2501 indiguit
452 2453 633 2490 relevari.
669 2455 755 2489 Hoc
788 2463 925 2490 tamen
957 2466 1038 2489 non
1070 2462 1267 2502 repugnat
1300 2454 1368 2489 sed
1402 2465 1496 2490 con-

179 2520 295 2547 sonat
348 2512 456 2559 quod
511 2511 693 2548 Christus
752 2512 877 2548 voluit
938 2511 1116 2547 datarios
1176 2524 1246 2560 per
1306 2511 1493 2547 meritum

179 2569 441 2617 spiritualiter
466 2569 645 2613 relevari,
673 2582 762 2606 cum
790 2569 972 2605 Christus
996 2569 1045 2605 sit
1069 2569 1496 2618 compendiosissimus

179 2636 383 2675 operator,
423 2640 495 2663 nec
536 2637 593 2663 est
633 2627 916 2664 inconveniens
955 2629 1023 2664 sed
1069 2627 1222 2664 racioni
1271 2640 1494 2664 consonum

248 2820 275 2847 6.
294 2820 399 2854 huius;
421 2820 506 2847 cod:
531 2816 587 2853 Ιιῖ’;
609 2821 650 2847 ib.
671 2820 726 2848 suit
748 2821 846 2848 twice.
930 2823 960 2850 0.
982 2829 1006 2854 7.
1029 2821 1261 2848 antecedencia:
1289 2821 1374 2848 cod..·
1398 2815 1443 2847 asa
1464 2831 1495 2843 =

179 2854 293 2881 anima.
378 2863 406 2889 «J.
429 2855 596 2889 maiorem3
618 2855 702 2882 cod.:
725 2862 774 2882 am.
869 2864 902 2883 11.
925 2856 1020 2883 Cod.:
1043 2856 1249 2890 particularia.
1337 2864 1377 2889 14.
1399 2855 1494 2883 cod:

181 2889 384 2917 misericordi.
458 2889 502 2917 22³.
524 2897 569 2923 24.
592 2890 687 2918 Coa:
711 2898 771 2917 uon
793 2896 837 2917 est
859 2891 967 2917 taliter.

1293 2947 1362 2970 22*

1704 240 1720 276 υ.)

1734 242 1750 277 υ)

1764 285 1771 288 ·
1761 256 1782 279 ε

1524 1353 1629 1381 Christ
1651 1353 1765 1388 begged

1519 1389 1547 1415 in
1555 1388 1701 1424 nuilivcly
1725 1390 1775 1415 but

1622 1427 1674 1449 not

1535 1459 1578 1485 cla
1586 1466 1612 1484 m
1619 1459 1723 1485 orons}
1731 1467 1757 1488 γ,

1569 1763 1625 1790 His
1646 1763 1729 1790 chief

1528 1806 1664 1833 purpose
1685 1798 1774 1832 being

1510 1833 1559 1860 the
1579 1833 1661 1868 good
1683 1834 1718 1860 of
1735 1834 1784 1860 the

1528 1877 1640 1903 person
1662 1868 1766 1894 whom

1562 1903 1606 1930 Hc
1627 1903 1730 1930 asked.

1541 2231 1589 2256 An
1612 2234 1659 2257 act
1681 2238 1750 2266 may

1569 2266 1644 2292 have
1665 2270 1727 2292 two

1570 2309 1732 2336 purposes.
