1944 3323
141 271 276 300 SERMO
298 259 435 317 XLVII]
629 273 802 305 TERTlA
829 271 955 313 PAR5,
1662 260 1740 306 403

138 382 206 418 sed
244 381 355 430 quasi
391 380 429 419 in
465 393 558 416 uno:
595 387 630 415 et
662 379 798 415 semini
829 387 905 427 tuo,
945 379 1009 428 qui
1047 386 1100 415 est
1138 379 1328 414 Christus.
1375 378 1456 413 Nec

138 448 299 488 oportet
346 450 486 476 curare
531 439 579 474 de
624 437 975 474 disconveniencia
1021 437 1176 485 generis
1222 437 1374 474 relativi
1420 447 1457 474 et

138 498 197 534 sui
221 497 507 542 antecedentis,
532 509 621 533 cum
647 497 864 544 Apostolus
894 497 982 544 plus
1007 496 1160 533 curavit
1184 497 1231 532 de
1255 495 1457 533 relacione

138 565 175 592 et
198 555 484 593 conveniencia
517 567 654 591 sensus
678 567 799 603 quam
834 554 978 591 littere.
1012 556 1105 591 Ideo
1137 563 1267 591 textus
1292 554 1457 591 Genesis

105 613 412 662 5promittentis
463 613 498 648 in
548 613 689 648 semine
732 621 795 648 tuo
840 613 1110 649 benedicentur
1154 625 1282 649 omnes
1324 620 1458 663 gentes

138 671 325 720 intelligit
364 672 471 720 quod
511 670 551 707 in
592 671 660 707 illo
699 671 851 707 semine
884 670 951 719 qui
993 680 1050 708 est
1083 671 1266 708 Christus
1300 680 1358 707 est
1391 670 1458 707 illa

138 730 295 767 celestis
334 728 568 766 benediccio
607 728 828 766 inferenda.
875 732 976 767 Cum
1019 742 1113 778 ergo
1147 730 1252 766 dicte
1286 729 1458 778 promis-

137 788 270 824 siones
302 796 385 824 tarn
419 788 580 824 Abrahe
613 800 733 836 quam
775 787 917 824 semini
956 800 1028 824 suo
1067 797 1159 824 sunt
1191 787 1305 836 quasi
1338 796 1458 824 testa-

139 855 318 883 mentum
360 846 620 882 iureiurando
661 846 946 882 confirmatum
993 859 1015 883 a
1048 848 1146 892 Deo,
1191 854 1303 894 patet
1349 847 1456 895 quod

85 919 122 939 10
138 905 197 941 lex
235 904 413 941 Mosaica
453 905 547 940 data
589 904 789 952 posterius
829 913 919 952 post
959 904 1275 953 quadringentos
1314 914 1350 941 et
1390 904 1458 940 tri-

137 962 247 1011 ginta
281 976 407 999 annos
442 963 479 998 in
515 971 651 999 monte
684 962 807 1010 Sinay
838 971 928 1010 post
962 962 1109 1000 dictam
1146 962 1457 1011 promissionem

137 1034 218 1058 non
264 1030 429 1058 evacuat
474 1021 534 1057 vel
587 1020 717 1058 irritat
771 1021 899 1069 ipsam
947 1021 1259 1069 promissionem
1307 1034 1329 1058 a
1374 1023 1458 1058 Deo

137 1081 436 1128 precedentem,
471 1080 538 1115 sed
572 1079 632 1115 lex
665 1079 815 1127 scripta
848 1079 1048 1127 posterius
1081 1079 1258 1116 irritaret
1282 1079 1457 1128 priorem

137 1137 465 1186 promissionem,
506 1137 536 1173 si
577 1137 684 1174 dicta
730 1137 933 1174 hereditas
982 1139 1146 1174 daretur
1192 1150 1235 1174 ex
1280 1139 1366 1187 lege
1404 1137 1460 1174 sic

84 1196 300 1244 ifiscripta.
335 1197 440 1243 Ergo
473 1208 554 1232 non
587 1195 643 1232 sic
677 1197 794 1232 datur
819 1195 1021 1233 hereditas
1055 1197 1220 1244 exlege,
1256 1209 1345 1233 cum
1379 1209 1460 1233 non

138 1254 268 1290 irritat
317 1253 606 1302 promissiones
645 1253 808 1290 Domini
854 1254 964 1302 prius
1009 1255 1148 1291 factas.
1188 1256 1302 1292 Tune
1353 1254 1458 1292 enim

137 1325 278 1349 omnes
312 1312 439 1349 sancti
475 1311 693 1348 morientes
734 1312 909 1358 interim,
951 1321 992 1349 ut
1025 1314 1245 1359 Abraham,
1280 1316 1390 1350 Isaac
1423 1322 1461 1349 et

137 1373 260 1408 Jacob
320 1379 357 1407 et
410 1370 672 1419 predestinati
733 1370 801 1407 filii
856 1372 976 1408 Israel
1030 1371 1295 1408 hereditatem
1350 1372 1460 1408 illam

139 1428 303 1465 Domini
343 1441 425 1465 non
464 1430 671 1475 haberent,
716 1442 805 1466 cum
847 1431 1026 1466 nondum
1072 1429 1112 1465 in
1160 1439 1345 1478 tempore
1388 1442 1460 1466 suo

82 1501 123 1522 20
140 1489 234 1524 data
268 1486 342 1523 fuit
376 1488 434 1523 lex
469 1487 663 1524 Mosaica.

197 1548 245 1581 Et
277 1554 374 1582 nota
407 1547 515 1594 quod
549 1545 657 1582 iuxta
689 1545 797 1582 dicta
829 1545 1012 1594 superius
1044 1557 1096 1583 ex·
1127 1545 1256 1593 signat
1290 1545 1750 1609 circum-The,³¹³¹¹fdsi¹t3¹jrce

138 1603 336 1641 stanciam
371 1616 490 1640 cause
523 1603 670 1652 prioris
704 1603 955 1651 originantis,
989 1604 1080 1640 ideo
1113 1603 1210 1640 dicit
1242 1605 1460 1653 Apostolus
1518 1586 1702 1651 gissi-iiiiiisoex

138 1663 247 1711 quod
282 1675 325 1698 ex
358 1662 627 1710 promissione
661 1670 698 1698 et
731 1675 812 1699 non
846 1675 889 1698 ex
922 1662 1017 1710 legis
1052 1662 1223 1699 dacione
1256 1663 1461 1699 confertur

137 1720 294 1758 celestis
345 1719 560 1757 hereditas.
616 1723 716 1756 Nam
763 1721 823 1757 lex
874 1729 911 1757 et
956 1720 1053 1757 fides
1098 1720 1262 1757 seminis
1300 1722 1462 1758 Abrahe

81 1781 120 1813 25
137 1788 229 1816 sunt
252 1780 345 1825 duo,
370 1791 543 1827 quorum
577 1778 754 1827 primum
788 1791 869 1815 non
903 1787 962 1815 est
985 1778 1061 1815 nisi
1095 1788 1295 1816 remotum
1327 1779 1461 1828 dispo*

137 1837 297 1874 sitivum
332 1838 382 1874 ad
405 1838 639 1874 secundum.
676 1838 769 1873 Ideo
801 1846 963 1885 oportet
987 1836 1199 1874 dacionem
1229 1837 1463 1875 hereditatis

139 1908 182 1932 ex
216 1895 287 1932 Dei
333 1904 447 1943 grata
491 1895 762 1943 promissione
799 1896 1032 1943 procedere,
1072 1909 1155 1932 non
1194 1908 1237 1932 ex
1278 1897 1383 1944 lege;
1425 1905 1462 1933 et

138 1953 194 1990 sic
238 1953 269 1990 si
305 1955 409 1990 Deus
455 1953 735 2002 principaliter
780 1962 947 2002 propter
991 1954 1121 2002 legem
1167 1954 1224 1990 sic
1268 1954 1461 2003 scriptam

140 2013 254 2049 daret
294 2011 442 2048 dictam
483 2011 762 2057 hereditatem,
803 2021 898 2048 tunc
939 2011 1116 2049 irritaret
1150 2012 1462 2061 promissionem

82 2072 124 2103 30
139 2070 332 2119 priorem.
366 2072 414 2105 Et
438 2078 548 2118 patet
571 2069 611 2105 in
641 2079 756 2118 parte
785 2070 988 2107 sentencia
1014 2079 1161 2107 textus:
1195 2071 1296 2117 Hoc,
1320 2071 1462 2120 inquit,

141 2129 240 2175 dico,
273 2135 540 2164 testamentum
575 2128 845 2178 confirmatum
881 2141 902 2164 a
926 2129 1025 2176 Deo,
1059 2141 1129 2178 que
1155 2137 1246 2178 post
1277 2130 1462 2178 quadrin-

139 2194 277 2237 gentos
315 2193 350 2222 et
382 2186 544 2236 triginta
585 2199 705 2222 annos
726 2187 841 2236 facta
875 2194 930 2222 est
963 2187 1041 2233 Iex,
1075 2200 1147 2223 non
1180 2188 1336 2224 irritum
1359 2188 1465 2237 facit

139 2246 191 2280 ad
222 2245 483 2280 evacuandam
512 2245 823 2293 promissionem.
858 2245 960 2280 Nam
993 2245 1026 2282 si
1057 2257 1107 2282 ex
1139 2245 1226 2296 Iege
1255 2246 1464 2292 hereditas,

141 2303 216 2338 iam
241 2315 313 2339 non
337 2303 668 2351 expromissione,
685 2302 799 2351 quasi
816 2302 985 2340 diceret:
1011 2304 1124 2340 Illam
1150 2303 1461 2352 promissionem

84 2362 124 2395 35
145 2360 213 2397 Dei
266 2360 444 2409 priorem
498 2360 588 2397 dico
638 2369 925 2398 testamentum
982 2361 1267 2398 confirmatum
1313 2375 1335 2398 a
1379 2365 1464 2398 Deo

141 2419 343 2455 infinitum
383 2419 472 2467 plus
512 2432 632 2467 quam
673 2419 939 2456 confirmatur
978 2432 1049 2468 per
1082 2429 1254 2456 mortem
1290 2420 1464 2456 hominis

141 2486 443 2522 testamentum,
484 2489 574 2513 cum
614 2476 893 2514 iusiurandum
929 2477 1000 2514 Dei
1040 2477 1089 2514 sit
1128 2477 1328 2514 infinitum
1376 2491 1464 2527 pre-

142 2536 320 2572 stancius
361 2548 481 2583 quam
524 2548 634 2572 mors
672 2535 860 2572 hominis.
902 2536 971 2572 Illa
1005 2548 1098 2584 ergo
1138 2536 1355 2584 promissio
1389 2549 1465 2585 que

142 2607 213 2642 per
238 2602 394 2630 tantum
429 2602 588 2641 tempus
621 2606 791 2642 sequens
816 2594 920 2630 facta
954 2603 1011 2630 est
1034 2594 1094 2630 lex
1127 2607 1198 2642 per
1220 2594 1464 2643 scripturam

82 2664 128 2695 40
143 2651 380 2689 Moisaicam
412 2664 492 2688 non
516 2651 648 2688 irritat
673 2651 988 2700 promissionem
1013 2665 1035 2689 a
1060 2654 1144 2689 Deo
1167 2654 1465 2701 precedentem,

212 2799 237 2827 5.
260 2799 356 2827 Cod.:
379 2799 568 2828 benedicent.
642 2800 685 2835 25,
707 2800 754 2828 26.
776 2800 981 2836 disposicioni
1002 2801 1031 2828 in
1053 2801 1121 2828 cod.

218 2894 245 2926 5.
261 2895 350 2927 Gen.
365 2895 532 2936 XXVI,4.
601 2906 654 2927 22.
671 2895 704 2927 ib
731 2896 892 2937 XXVIII,
908 2907 956 2938 ¹4-
1023 2896 1171 2937 30—34.
1187 2896 1262 2928 Gal.
1279 2896 1332 2935 ΙΙΙ,
1354 2895 1466 2938 17,18.

1263 2965 1332 2998 20*
