1944 3323
163 245 298 274 SERMO
318 235 471 293 xtvm]
659 250 833 283 TERTIA
862 251 986 284 PARS.

164 356 289 393 civilis
322 357 513 406 stipendii
547 357 754 405 publicare
789 359 865 395 hoc
899 358 979 406 regi
1015 367 1053 395 et
1086 372 1222 407 regno,
1258 372 1347 396 cum
1384 362 1485 409 Bap-

162 416 257 453 tista
291 417 338 453 de
372 424 539 465 peccato
573 417 681 465 quod
721 425 912 465 reputant
951 418 1069 466 longe
1110 418 1242 454 minus
1283 427 1320 455 et
1354 418 1486 455 minus

162 476 402 522 perturbans
442 484 623 512 sanctam
667 484 834 512 matrem
867 472 870 528 j
901 475 1128 522 ecclesiam,
1169 478 1371 513 Herodem
1416 491 1485 526 pu-

162 532 265 569 blice
298 534 506 581 arguebat.
549 534 636 578 Que
670 546 764 582 ergo
797 534 969 582 perfidia
1003 544 1209 571 excusaret
1244 547 1311 571 eos
1344 536 1393 572 ab
1428 535 1486 571 in-

129 590 356 630 §fidelitate
390 593 522 640 quoad
558 594 686 628 Deum
720 601 757 629 et
790 593 1043 641 proximum?
1082 593 1289 642 Numquid
1323 593 1484 631 addicio

162 648 268 686 illius
307 650 505 698 particule
537 651 746 687 secundum
778 664 888 687 sunm
921 652 1128 688 arbitrium
1161 653 1222 688 vel
1263 652 1484 701 sophistica

162 708 371 756 reputacio
405 709 513 757 quod
553 717 610 746 est
650 722 763 746 error
801 719 916 747 sanat
949 722 1089 746 eorum
1123 709 1351 758 perfidiam,
1392 723 1482 748 cum

162 766 325 814 ipsimet
358 777 629 815 procurarunt
662 780 684 804 a
718 768 954 816 Gregorio
987 770 1060 805 ΧΙΟ
1094 770 1205 818 quod
1245 768 1295 805 sit
1335 769 1484 806 heresis

162 825 524 874 dampnatissima?
571 828 619 862 Et
657 826 763 863 istud
803 828 1018 864 observant
1056 836 1099 863 ut
1133 827 1405 875 evangelium:
1446 837 1484 864 et

111 901 147 921 ιο
163 882 344 920 dicerent
378 883 460 920 eius
486 884 816 922 convenienciam
843 898 933 922 cum
957 898 1029 922 sua
1052 886 1272 932 sentencia,
1307 886 1338 922 si
1363 888 1483 923 aude-

162 951 264 987 rent,
306 954 352 979 eo
392 944 499 991 quod
539 942 570 979 si
612 942 661 980 sit
700 943 850 980 heresis
893 944 1243 992 dampnatissima‚
1291 953 1385 982 tunc
1426 954 1484 982 cst

163 1012 286 1037 error.

220 1061 270 1095 Et
322 1068 431 1108 patet
477 1061 585 1109 quod
640 1059 817 1108 perplexi
863 1069 955 1096 sunt
1001 1061 1141 1097 mundi
1186 1070 1368 1098 oratores
1414 1061 1482 1110 qui

162 1116 337 1154 dimissis
370 1117 630 1154 oracionibus
669 1118 925 1166 generalibus
964 1119 1147 1168 obligant
1187 1133 1227 1157 se
1270 1119 1392 1168 gratis
1432 1121 1481 1156 ad

109 1181 145 1214 15
161 1177 361 1212 orandum
394 1176 623 1225 specialiter
661 1185 782 1226 atque
821 1176 1059 1225 simpliciter
1098 1191 1173 1226 pro
1212 1178 1394 1227 patronis
1435 1180 1483 1215 dc

161 1233 306 1282 quibus
351 1234 555 1283 trepidant
594 1234 626 1272 si
664 1247 770 1272 nunc
809 1244 901 1272 sunt
941 1236 981 1272 in
1020 1237 1119 1283 celo,
1166 1236 1206 1273 in
1246 1236 1482 1285 purgatorio

161 1293 223 1328 vel
255 1292 424 1330 inferno.
474 1293 515 1330 Si
550 1293 655 1330 enim
690 1295 939 1331 decedebant
973 1295 1012 1331 in
1048 1295 1210 1332 mortali
1242 1296 1303 1332 vel
1338 1296 1481 1341 heresi,

161 1358 257 1387 tunc
295 1361 387 1388 sunt
429 1352 580 1389 diaboli
620 1353 922 1401 condempnati.
970 1355 1047 1390 Ista
1087 1354 1382 1402 consequeucia
1425 1363 1483 1391 est

163 1410 324 1457 cognita
357 1410 433 1447 illis
467 1423 551 1448 esse
585 1412 691 1448 bona
725 1419 761 1447 et
794 1412 1048 1458 antecedens,
1082 1424 1156 1449 nec
1190 1421 1247 1449 est
1279 1412 1357 1449 illis
1391 1425 1482 1461 cog-

106 1484 147 1505 20
162 1466 291 1504 nitum
326 1481 411 1506 esse
443 1481 581 1506 verum
614 1482 688 1506 nec
721 1469 798 1505 illis
833 1469 1039 1518 cognitum
1074 1483 1158 1507 esse
1191 1471 1351 1517 falsum,
1388 1484 1481 1519 ergo

161 1538 235 1563 nec
271 1539 519 1577 consequens
553 1529 751 1565 subducta
790 1528 1043 1577 obligacione
1083 1529 1162 1566 alia
1201 1531 1250 1566 ab
1292 1529 1345 1566 eis
1387 1529 1482 1566 sirn-

161 1584 320 1633 pliciter
353 1595 410 1623 est
442 1587 685 1635 negandum.
721 1588 769 1623 Et
793 1599 883 1623 cum
906 1587 1029 1635 gratis
1055 1589 1282 1625 concedunt
1306 1597 1342 1624 et
1365 1598 1482 1625 orant

161 1644 391 1691 specialiter
424 1654 461 1681 et
500 1645 684 1682 absolute
724 1658 798 1694 pro
839 1645 1000 1692 talibus,
1042 1647 1188 1683 debent
1225 1646 1348 1695 gratis
1388 1660 1481 1683 con-

161 1703 303 1739 cedere
328 1705 436 1752 quod
459 1704 559 1740 tales
592 1717 673 1741 non
706 1711 798 1741 sunt
833 1705 955 1741 modo
990 1704 1141 1741 diaboli
1177 1705 1479 1754 condempnati,

104 1767 143 1799 25
161 1772 249 1797 cum
284 1774 405 1798 nemo
439 1763 555 1799 debet
588 1761 827 1811 simpliciter
861 1772 898 1799 et
930 1763 1114 1800 absolute
1148 1776 1265 1800 orare
1304 1777 1377 1812 pro
1411 1764 1480 1800 illo

160 1820 268 1867 quod
301 1820 377 1857 scit
411 1819 545 1857 divino
586 1820 736 1858 iudicio
777 1833 1016 1870 repugnare.
1063 1822 1156 1859 Ideo
1190 1822 1480 1870 prudenciores

159 1887 322 1915 orantes
360 1891 441 1915 non
482 1888 600 1916 orant
640 1879 715 1916 nisi
756 1879 1092 1917 condicionaliter
1125 1893 1198 1929 pro
1232 1880 1379 1918 talibus
1414 1882 1480 1917 de-

157 1936 322 1983 functis;
362 1949 436 1974 nec
477 1937 642 1974 dubium
679 1938 775 1987 quin
815 1938 1025 1975 oraciones
1067 1938 1367 1976 condicionales
1400 1952 1481 1975 non

157 2004 328 2042 prosunt
372 1995 450 2032 illis
495 1995 570 2033 nisi
611 1997 658 2033 de
698 2005 850 2045 quanto
891 2009 962 2045 per
1001 2009 1140 2034 eorum
1182 1997 1326 2034 merita
1366 2007 1480 2035 erant

99 2059 141 2091 30
157 2052 278 2101 digni.
314 2056 368 2090 Ex
401 2067 480 2103 quo
514 2054 724 2091 manifeste
757 2054 938 2105 sequitur
971 2057 1077 2105 quod
1112 2055 1250 2093 oracio
1283 2056 1480 2105 generalis

157 2111 196 2147 in
228 2120 340 2149 tanta
381 2112 548 2149 caritate
587 2122 746 2150 tantum
778 2114 929 2151 valeret
967 2113 1058 2161 illis,
1093 2124 1287 2164 quantum
1328 2115 1479 2152 valeret

157 2170 440 2208 condicionata
473 2171 611 2208 oracio
643 2171 842 2220 specialis.

213 2231 261 2265 Et
285 2239 482 2278 quantum
506 2231 557 2266 ad
582 2230 905 2279 applicacionem
929 2230 1160 2280 specialem,
1185 2231 1343 2268 videtur
1368 2233 1477 2280 quod

155 2286 204 2323 sit
237 2288 374 2334 stulta,
411 2288 596 2337 mitigans
631 2288 855 2335 caritatem,
890 2302 936 2326 eo
970 2291 1079 2338 quod
1113 2289 1259 2326 caritas
1293 2303 1365 2326 non
1389 2302 1476 2339 que-

98 2349 136 2382 35
155 2358 243 2381 rens
288 2358 357 2394 que
401 2359 468 2383 sua
511 2355 599 2383 sunt
644 2348 762 2384 debet
808 2350 892 2384 Deo
938 2348 1145 2385 humiliter
1191 2348 1342 2385 dicere:
1388 2349 1476 2384 Fiat

155 2405 331 2440 voluntas
364 2412 442 2451 tua,
474 2406 571 2441 sicut
604 2406 639 2441 in
672 2407 752 2442 celo
785 2413 820 2442 et
852 2406 887 2442 in
921 2414 1042 2444 terra.
1078 2407 1156 2443 Sed
1187 2415 1345 2443 constat
1369 2408 1477 2455 quod

156 2461 285 2498 maior
324 2471 381 2499 est
421 2463 627 2500 humilitas
664 2463 864 2501 voluntati
910 2463 1041 2501 divine
1086 2464 1142 2501 sic
1187 2464 1314 2501 subici
1354 2478 1474 2513 quarn

153 2520 387 2568 suffragium
423 2531 606 2558 nostrum
640 2522 708 2558 uni
742 2535 912 2571 persone
946 2522 1058 2559 cuius
1092 2523 1351 2560 condiciones
1385 2532 1477 2560 sunt

153 2579 269 2614 nobis
303 2578 506 2627 incognite
540 2580 754 2629 propriari.
800 2583 977 2618 Tantum
1013 2580 1118 2618 enim
1153 2581 1310 2618 videtur
1343 2583 1476 2618 valere

93 2651 137 2681 40
154 2636 245 2673 talis
278 2637 491 2685 singularis
524 2638 750 2687 applicacio
785 2648 981 2688 quantum
1014 2640 1118 2677 valet
1152 2639 1366 2688 singularis
1407 2641 1476 2676 do—

74 458 146 490 Fol.

66 503 147 546 284⁰

223 2760 247 2789 5.
270 2761 366 2789 Cod.:
388 2762 514 2789 adderm
588 2771 634 2799 27,
656 2763 700 2791 28.
722 2764 817 2792 Codi:
839 2764 982 2792 desuetis.

221 2844 253 2878 8.
273 2846 477 2878 chronicon
496 2848 642 2886 Angliae
663 2847 880 2891 (appendix),
902 2860 932 2890 p.
951 2848 1027 2891 396.
1104 2850 1156 2889 34.
1179 2850 1216 2881 Π.
1238 2849 1316 2880 Cor.
1333 2849 1403 2887 ΧΠ,
1426 2858 1474 2889 ¹4-

157 2891 208 2923 35.
238 2892 358 2924 Matth.
381 2894 437 2933 vt,
471 2904 520 2925 10.

1693 245 1772 291 413

1552 1064 1676 1101 Dauger
1696 1066 1731 1093 of

1499 1101 1612 1135 special
1637 1109 1773 1137 prayers.

1537 2230 1597 2259 We
1618 2231 1728 2259 should

1494 2266 1576 2293 leave
1597 2266 1618 2293 it
1639 2271 1668 2293 to
1686 2266 1768 2297 God,

1517 2306 1547 2327 to
1568 2301 1672 2337 assigu
1696 2302 1745 2329 the

1513 2336 1621 2363 benetit
1643 2337 1678 2363 of
1694 2345 1751 2363 our

1564 2379 1703 2407 prayer&
