1944 3323
217 270 353 298 sERMo
375 260 444 318 XL]
705 275 876 307 TERTm
906 277 959 307 ΡΛ
971 277 1034 307 Rs.
1776 273 1826 319 87

216 381 321 428 quod
366 393 436 416 sua
481 381 625 417 volicio
669 381 718 417 sit
764 391 987 430 peccatum,
1034 384 1090 419 vel
1140 383 1169 419 si
1212 385 1282 419 suit
1326 395 1533 432 peccatum

215 437 380 484 veniale,
420 451 498 475 non
541 449 736 487 repugnat
775 442 880 489 quod
923 443 1027 477 Deus
1066 443 1263 490 approbet
1306 443 1534 479 huiusmodi

216 495 378 532 veniale.
417 499 464 532 Et
488 506 680 546 quantum
713 499 761 535 ad
791 501 1026 541 seeundum,
1052 500 1264 547 supposito
1288 503 1394 549 quod
1422 503 1535 538 beata

215 553 326 601 virgo
360 553 465 590 licite
499 555 626 592 doluit
661 557 708 592 de
743 569 844 604 pena
879 566 915 593 ct
941 566 1069 594 morte
1094 557 1241 594 Christi
1273 572 1315 594 cx
1352 559 1535 606 passione
1560 573 1584 592 κ.
1608 568 1648 590 su»
1669 567 1736 593 ηιμ]
1760 576 1829 594 max-

183 612 389 650 5naturali
426 612 603 649 inferiori
640 614 821 662 appetitu
854 615 991 654 animi.
1027 625 1179 652 certum
1217 619 1404 665 estquod
1432 620 1536 654 Deus
1580 601 1687 627 ‘'¹³⁴¹''
1710 606 1802 633 ³¹¹⁶*

215 670 339 706 voluit
373 679 413 706 ut
448 680 576 708 mater
608 685 678 708 sua
703 672 757 709 sic
782 673 948 712 doleret.
975 683 1011 710 et
1044 687 1113 722 per
1137 687 1386 723 consequens
1421 676 1536 711 dolor

215 728 294 765 sive
326 728 470 765 volicio
511 729 650 766 matris
690 744 758 767 sue
798 731 985 768 volicioni
1029 732 1266 778 contrarius,
1309 746 1397 769 cum
1441 743 1535 770 tunc

216 786 299 835 ipsc
340 787 441 824 foret
482 788 709 825 contrarius
749 789 821 825 sibi
864 789 950 838 ipsi.
1005 793 1051 826 Et
1085 790 1138 827 ita
1179 804 1257 826 non
1292 792 1472 840 sequitur
1505 792 1533 827 si

216 846 337 881 homo
360 858 439 881 non
464 846 555 883 velit
571 848 677 895 quod
696 849 801 884 Deus
824 848 906 884 vult
930 850 1036 896 quod
1062 848 1110 884 sit
1133 849 1326 885 voluntati
1346 850 1417 886 Dei
1443 864 1535 886 con<

161 903 375 942 tortarius.
432 903 526 952 quia
579 906 697 942 habet
748 905 868 942 aliam
921 905 1160 943 volicioncm
1218 908 1423 944 confusam
1478 909 1533 944 vel
1595 923 1648 941 ηυι·
1671 924 1695 941 μ
1717 919 1790 952 guel

215 961 443 998 distinctam
479 976 557 1011 qua
589 964 672 999 vult
706 963 743 999 id
778 965 885 1012 quod
920 966 1025 1000 Deus
1059 966 1153 1001 vult.
1196 967 1244 1000 Et
1285 966 1350 1002 illa
1390 966 1535 1003 volicio
1564 951 1815 1017 §iiiJ'Tffltssi'ffi'

214 1033 302 1056 cum
339 1020 388 1056 sit
421 1021 641 1068 superioris
676 1021 873 1069 potencie,
906 1035 986 1058 non
1018 1032 1078 1059 est
1105 1022 1281 1059 inferiori
1318 1025 1533 1063 contraria.
1591 1019 1786 1081 ωζζῇξξῗηξθῐυ

214 1078 304 1114 licet
329 1092 351 1115 a
374 1079 556 1126 deposita
587 1079 837 1116 terminetur.
873 1082 912 1116 In
938 1080 1022 1116 istis
1051 1090 1183 1118 autem
1211 1091 1370 1129 oportet
1396 1092 1534 1119 notare
1594 1088 1691 1115 ‹Jod's
1714 1090 1784 1116 will.

213 1146 293 1173 tam
335 1138 383 1173 de
419 1137 488 1173 nei
528 1138 727 1175 volicione
761 1152 881 1187 quam
923 1140 970 1175 de
1011 1139 1199 1180 hominis,
1241 1142 1347 1188 quod
1390 1140 1533 1177 intelli-

159 1199 195 1230 15
211 1196 341 1242 gendo
365 1194 492 1243 ipsam
519 1196 742 1233 formaliter
765 1196 1024 1245 distinguitur
1047 1210 1068 1234 a
1092 1197 1287 1234 subiecto.
1323 1200 1369 1234 Et
1394 1198 1531 1235 talium

213 1253 425 1289 distinccio
466 1253 554 1302 capi
596 1256 712 1291 debet
752 1268 773 1292 a
813 1255 1078 1292 distinccione
1118 1256 1332 1292 volitorum
1375 1259 1422 1293 ad
1459 1271 1534 1305 que

213 1310 490 1359 principaliter
513 1312 795 1350 terminantur.
830 1315 877 1350 Et
899 1313 967 1349 illo
993 1315 1114 1350 modo
1138 1314 1317 1363 loquitur
1334 1316 1532 1352 l‘salmus:

215 1370 364 1420 Alagma
388 1382 506 1419 opera
531 1371 701 1417 Domini,
734 1372 924 1421 exquisita
958 1373 993 1408 in
1028 1385 1158 1408 omnes
1194 1374 1409 1409 voluntates
1442 1375 1532 1410 eius.

272 1430 414 1473 Quoad
461 1429 628 1465 tercium
677 1439 788 1478 patet
828 1432 934 1478 quod
977 1431 1118 1467 falsum
1166 1431 1395 1470 assumitur.
1443 1436 1823 1475 crini3.G0d';=w1'1¹i2

157 1495 293 1522 :otam
342 1486 525 1523 diabolus
573 1501 691 1536 quam
739 1488 868 1525 viator
913 1489 1118 1536 cognoscit
1164 1499 1243 1526 tam
1292 1473 1857 1541 volicionemkumiiijssgssnam'

214 1558 333 1593 quam
380 1544 673 1593 cogitacioncm
720 1546 791 1582 Dei
840 1546 879 1582 in
926 1547 1107 1595 pluribus
1153 1557 1189 1584 ct
1237 1557 1403 1596 propter
1448 1548 1532 1584 eius

214 1602 569 1640 inmutabilitatem
595 1605 712 1652 longe
737 1604 889 1641 cercius
914 1617 1034 1653 quam
1060 1606 1265 1653 cognoscit
1289 1606 1529 1643 volicionem

213 1660 382 1709 proximi
417 1662 652 1699 conviantis.
682 1664 999 1711 Verumptamen
1035 1663 1306 1711 cogitaciones
1341 1665 1410 1701 Dei
1447 1666 1531 1713 plu-

213 1719 334 1756 rimas
373 1719 606 1767 ignoramus
640 1729 676 1757 et
710 1722 758 1758 ad
793 1723 1117 1769 cognoscendum
1153 1735 1217 1759 eas
1251 1723 1387 1759 sedule
1422 1724 1531 1759 labo-

155 1779 193 1811 25
212 1790 360 1819 ramus,
390 1778 484 1826 quia
517 1778 665 1815 scimus
699 1780 805 1827 quod
840 1779 1128 1816 contrariando
1163 1780 1217 1816 cis
1251 1780 1532 1817 inevitabiliter

212 1848 440 1884 peccamus.
477 1838 590 1873 Unde
623 1836 717 1886 quia
751 1846 835 1874 tota
875 1838 1073 1886 scripture
1105 1851 1217 1875 sacre
1250 1839 1454 1875 sentencia
1488 1852 1529 1875 cx*
1577 1845 1634 1871 and
1658 1853 1701 1870 we
1725 1853 1792 1881 may

212 1894 288 1930 fide
319 1903 376 1931 est
400 1894 471 1930 Dei
495 1894 653 1939 voficio,
685 1897 876 1932 debemus
906 1898 955 1932 ad
986 1896 1099 1932 illum
1124 1897 1330 1944 speculum
1358 1897 1531 1933 dimissis
1596 1880 1772 1947 Ιζῗὲξζῖηιῐιξῑὲη

211 1952 299 1988 aliis
333 1952 544 2000 diligenter
577 1955 796 1999 attendere,
836 1967 918 1991 non
961 1955 1011 1991 ad
1046 1957 1280 1991 mandatum
1316 1968 1419 2004 pape
1451 1955 1531 1992 sive

211 2010 403 2059 episcopi,
449 2024 539 2047 cum
589 2011 664 2060 ipsi
710 2012 787 2048 sint
832 2025 925 2061 sepe
969 2013 1165 2049 voluntati
1206 2013 1277 2049 Dei
1325 2014 1529 2052 contrarii.

153 2068 300 2105 3oide0
353 2081 491 2105 eorum
544 2070 741 2119 scripture
791 2071 941 2108 vocalis
994 2071 1195 2119 expressio
1252 2072 1354 2108 foret
1411 2072 1529 2108 nimis

209 2128 425 2164 obscurum
457 2129 665 2176 speculum
696 2131 745 2165 ad
769 2128 1007 2174 videndum3
1042 2138 1195 2166 certum
1220 2130 1380 2178 quidem
1414 2132 1529 2166 debet

209 2198 293 2222 csse
333 2188 440 2234 quod
481 2188 575 2222 dum
615 2187 758 2235 aliquis
798 2187 928 2224 viator
969 2187 1086 2224 fuerit
1124 2187 1180 2224 sic
1219 2188 1416 2224 voluntati
1458 2188 1528 2225 Dei

210 2244 436 2281 contrarius
469 2246 577 2293 quod
612 2245 805 2293 impediat
839 2247 1066 2282 membrum
1101 2246 1267 2282 ecclesie
1307 2247 1524 2283 secundum

209 2303 335 2350 legem
353 2302 425 2339 Dei
445 2303 641 2351 proficere
661 2313 800 2352 peccat
821 2304 1007 2352 graviter.
1033 2306 1081 2340 Et
1100 2303 1203 2340 inter
1221 2304 1299 2341 alia
1319 2304 1429 2352 signa
1452 2306 1528 2341 1100

152 2363 192 2396 35
209 2370 267 2397 est
291 2360 519 2397 evidencius
543 2363 651 2410 quod
682 2371 739 2398 est
763 2375 900 2411 expers
930 2362 1227 2399 communionis
1252 2364 1524 2399 membrorum

209 2418 386 2455 ecclesie.
448 2419 487 2456 Si
539 2419 643 2456 enim
697 2430 799 2457 esset
852 2422 1077 2457 membrum
1132 2420 1311 2461 ecclesie.
1365 2423 1527 2457 deberet

209 2478 430 2513 secundum
471 2479 710 2526 Apostolum
751 2480 1021 2528 quodcunque
1069 2479 1177 2515 aliud
1226 2479 1361 2515 iuvare
1408 2488 1527 2527 atquc

210 2535 406 2584 proficere
454 2545 491 2571 et
535 2536 634 2572 nulli
680 2549 764 2573 esse
811 2537 1035 2574 contrarius
1076 2537 1116 2573 in
1153 2549 1274 2585 opere
1320 2537 1527 2573 meritorio

208 2594 270 2630 vel
309 2595 460 2630 obesse.
508 2595 555 2630 Et
588 2606 658 2642 per
691 2594 795 2631 idern
837 2608 882 2632 ac
922 2596 1055 2631 locum
1097 2608 1119 2632 a
1160 2595 1303 2632 maiori
1345 2595 1527 2643 sequitur

149 2664 194 2695 40
210 2653 317 2700 quod
351 2652 483 2688 nullus
517 2652 683 2689 clericus
715 2654 776 2690 vel
809 2654 987 2702 prelatus
1011 2655 1127 2690 debet
1160 2665 1243 2690 esse
1275 2653 1525 2689 ordinacioni

279 2771 299 2792 1.
315 2771 341 2798 7.
363 2768 391 2790 et
411 2771 463 2798 seq
491 2787 496 2791 .
518 2763 614 2791 Cod.:
635 2764 756 2791 volucio
772 2787 778 2793 .
796 2785 802 2791 .
821 2786 826 2792 .
842 2764 999 2792 x-olucioni
1015 2768 1070 2791 etc.
1151 2772 1176 2798 7.
1200 2764 1325 2795 matris:
1347 2764 1442 2790 adde:
1465 2772 1524 2789 non

209 2797 274 2825 fuit.
356 2797 400 2825 23.
417 2798 461 2825 Co
488 2808 511 2825 .:
534 2798 667 2833 proximi
711 2799 834 2826 uiantis.
927 2798 972 2826 1³0.
996 2798 1091 2827 Cod.:
1114 2799 1276 2835 scriptura.
1363 2798 1407 2830 [³1.
1431 2797 1524 2825 Cod.:

210 2838 313 2867 peccat
334 2833 428 2860 deest.
502 2832 546 2867 37.
568 2832 662 2860 Cod.:
685 2842 700 2860 a
715 2833 789 2862 ium.

285 2904 335 2940 18.
362 2905 489 2939 Psalm.
518 2905 590 2946 CX,
620 2916 650 2940 2.
