1944 3323
215 268 352 296 SERMO
374 257 484 315 xxa]
701 271 877 302 TERTm
905 271 1030 303 PARS

217 387 350 427 preter
384 380 459 415 1106
494 391 653 415 5611511111
681 378 880 415 1111511611111
907 392 988 415 non
1013 392 1083 427 per
1106 387 1313 414 auctorem
1340 377 1537 425 scripture

215 438 285 473 sed
318 450 388 486 per
421 438 628 474 doctorem
663 436 786 473 alium
822 446 1180 485 quantumcunque
1212 445 1396 473 sanctum
1431 435 1537 472 elici-

216 504 315 541 tum,
356 495 420 532 ille
454 508 591 531 sensus
631 508 712 531 non
752 505 809 532 est
852 508 952 544 eque
991 494 1217 532 autenticus
1256 504 1299 531 ut
1338 493 1537 542 scriptura

216 555 283 590 sed
318 553 425 602 paris
460 553 663 590 evidencie
696 566 785 590 curn
823 553 1001 590 doctoris
1039 553 1284 602 postillantis
1317 551 1535 589 sentencia.

182 613 264 648 §Et
307 611 425 648 istam
467 611 714 648 sentenciam
760 612 856 648 dicit
894 611 1142 660 Augustinus
1186 612 1226 648 in
1272 610 1442 660 epistola
1486 612 1537 647 ad

215 669 477 707 Yincencium
503 669 773 718 Rogatistam:
808 670 848 706 in
882 670 1070 707 omnibus
1104 669 1189 707 istis
1213 671 1454 707 servandum
1480 678 1537 705 est

215 737 257 764 ut
289 728 386 765 fides
410 730 519 777 quod
543 728 743 777 scriptura
766 728 815 765 sit
838 728 1045 766 verissima
1069 730 1289 765 secundum
1315 727 1537 777 quamlibet

216 786 299 823 eius
338 796 508 835 parte1n3
550 788 655 824 unde
694 800 903 836 nunquam
942 787 1076 824 audivi
1118 787 1244 835 magis
1276 787 1534 835 nephandam

215 845 385 881 heresim
426 845 674 893 publicatam
708 858 829 894 quam
864 847 971 894 quod
1005 845 1206 894 scriptura
1238 858 1351 882 sacra
1384 844 1434 881 sit
1466 845 1537 881 fal-

161 916 198 936 10
214 902 373 940 sissima
396 905 615 940 secundum
641 903 858 952 plurimam
883 903 943 940 sui
973 913 1149 952 partem3
1184 905 1260 940 hoc
1295 903 1400 940 enirn
1436 912 1537 939 esset

214 961 427 998 falsificare
452 964 580 998 Deum
605 972 642 998 et
665 962 831 999 omnino
865 962 1148 999 auctoritatem
1183 963 1324 999 tollere
1358 975 1380 998 a
1413 961 1537 1010 scrip-

214 1029 303 1057 tura
339 1022 398 1067 (ut
430 1029 541 1070 patet
575 1033 619 1057 ex
651 1020 768 1057 dictis
801 1020 942 1069 alibi)..

273 1080 420 1115 Sensus
472 1088 604 1115 autem
658 1078 898 1127 allegoricus
943 1091 1061 1128 quem
1108 1079 1286 1116 declarat
1319 1079 1537 1126 Apostolus

215 1146 273 1173 est
311 1150 411 1186 eque
452 1137 691 1183 autenticus,
731 1137 835 1174 sicut
873 1150 1011 1174 sensus
1051 1137 1196 1186 aliquis
1235 1137 1421 1182 literalis3
1467 1136 1534 1185 qui

162 1197 353 1232 15sensus
393 1197 443 1232 ad
482 1195 588 1232 istud
627 1195 731 1232 redit
770 1197 879 1244 quod
919 1196 998 1232 filie
1042 1195 1166 1232 libere
1210 1205 1394 1244 tempore
1440 1194 1536 1243 legis

213 1253 347 1301 gracie
386 1255 532 1290 debent
571 1267 593 1291 a
637 1253 829 1291 servitute
861 1256 968 1302 Agar
1012 1267 1083 1302 per
1131 1254 1359 1291 libertatem
1404 1253 1537 1289 uxoris

214 1312 337 1349 libere
371 1314 419 1349 ab
453 1312 723 1349 observanciis
755 1313 817 1349 vel
850 1312 1088 1349 ceremoniis
1121 1312 1322 1349 veteribus
1355 1311 1537 1357 liberari3

215 1380 252 1407 et
286 1371 362 1407 1106
395 1371 514 1419 plane
548 1371 760 1408 confirmat
793 1371 1095 1408 conclusionem
1129 1371 1327 1420 Apostoli.

273 1430 351 1465 Sed
389 1438 523 1478 preter
563 1431 668 1466 hunc
707 1442 867 1466 sensum
913 1429 1175 1477 allegoricum
1223 1439 1356 1478 potest
1401 1441 1538 1465 sensus

157 1499 198 1520 20
216 1487 381 1524 moralis
420 1489 481 1524 vel
518 1488 795 1536 tropologicus
835 1487 1044 1536 assignari,
1084 1488 1139 1524 ita
1184 1490 1292 1536 quod
1331 1488 1536 1524 Abraham

214 1545 282 1594 qui
336 1545 625 1594 interpretatur
670 1555 785 1594 pater
837 1547 1056 1582 multarum
1108 1546 1292 1594 gencium
1339 1545 1537 1594 significet

215 1606 342 1640 Deum
379 1613 549 1652 patrem,
585 1617 676 1640 cum
709 1604 857 1641 dicitur
891 1606 939 1641 ab
972 1605 1078 1640 Abba
1113 1606 1222 1653 quod
1263 1614 1319 1641 est
1352 1613 1467 1652 pater
1501 1613 1537 1640 et

214 1663 319 1698 Ham
344 1664 451 1711 quod
477 1672 534 1699 est
560 1663 777 1699 multarum
804 1663 989 1708 (subaudi
1013 1663 1226 1710 gencium).
1250 1665 1378 1700 Ysaac
1402 1671 1535 1699 autem

215 1720 282 1768 qui
327 1720 616 1769 interpretatur
660 1720 762 1757 risus
806 1721 867 1757 vel
917 1721 1108 1769 gaudium
1163 1721 1292 1769 signat
1332 1720 1536 1758 Christum

159 1780 196 1811 25
214 1778 329 1815 nobis
369 1792 412 1815 ex
445 1779 715 1827 promissione
748 1780 900 1825 datum,
938 1780 1066 1816 eciam
1105 1792 1262 1816 summe
1296 1779 1538 1816 miraculose

213 1836 393 1885 genitum
423 1850 465 1873 ex
496 1837 676 1884 ecclesia,
709 1847 940 1874 senescente
964 1840 1063 1875 Sara
1094 1838 1234 1883 libera,
1259 1847 1302 1874 ut
1325 1837 1538 1886 allegorice

214 1895 343 1943 signat
375 1909 523 1932 novum
558 1905 857 1942 testamentum,
894 1909 983 1933 cum
1018 1896 1307 1945 interpretatur
1339 1896 1539 1945 princeps,

215 1953 271 1990 sic
311 1954 563 2002 tropologice
601 1954 731 2002 signat
770 1954 1067 2003 predestinatos
1102 1955 1169 2004 qui
1210 1964 1301 1991 sunt
1334 1955 1449 1991 liberi
1490 1956 1538 1991 ad

217 2013 452 2048 merendum
495 2013 535 2049 in
575 2013 889 2061 comparacione
934 2015 983 2049 ad
1018 2013 1252 2059 Ismaelitas,
1303 2013 1371 2062 qui
1418 2013 1539 2049 inter-

159 2071 200 2103 30
217 2079 426 2118 pretantur
478 2081 728 2108 assumentes
781 2071 1036 2108 audicionem
1084 2072 1170 2118 Dei,
1229 2071 1321 2109 licet
1373 2080 1464 2108 sunt
1517 2084 1539 2108 a

218 2129 393 2165 medulla
427 2129 628 2166 sentencie
661 2129 794 2166 alieni.
830 2129 995 2166 Presciti
1026 2129 1189 2179 quidem
1224 2143 1268 2167 ex
1300 2139 1468 2179 peccato
1502 2138 1538 2166 et

217 2186 406 2224 servitute
440 2187 578 2224 innata
610 2197 702 2225 sunt
725 2187 826 2225 servi
857 2197 894 2225 et
917 2188 1140 2237 improprie
1173 2190 1242 2225 sed
1275 2187 1538 2237 predestinati

216 2254 424 2294 tamquam
466 2245 535 2282 filii
569 2246 749 2295 adoptivi
784 2246 853 2283 Dei
886 2246 1001 2283 liberi
1035 2256 1126 2283 sunt
1158 2246 1198 2283 in
1230 2247 1366 2295 gracia
1398 2247 1538 2295 prede-

215 2302 449 2340 stinacionis
500 2304 836 2353 inseparabiliter,
888 2305 979 2342 licet
1031 2307 1252 2342 secundum
1309 2314 1535 2354 presentem

156 2361 458 2398 ’55111111511613111
482 2362 561 2399 sint
588 2362 762 2400 filialiter
793 2363 1027 2411 castigandi.
1062 2366 1110 2400 Et
1139 2363 1195 2401 sic
1229 2373 1336 2400 totus
1366 2365 1539 2400 mundus

216 2419 407 2457 dividitur
431 2420 471 2456 in
496 2422 715 2458 Sarasenos
741 2430 777 2458 et
800 2423 1019 2470 Agarenos,
1045 2423 1120 2459 hoc
1145 2431 1215 2468 est,
1241 2421 1538 2471 predestinatos

216 2487 253 2514 et
303 2478 512 2526 prescitos,
564 2481 611 2516 de
662 2493 834 2529 quorum
889 2481 1055 2516 confusa
1109 2480 1372 2517 distinccione
1417 2490 1538 2528 atque

215 2536 365 2573 noticia
405 2536 556 2573 dictum
604 2547 660 2574 est
706 2538 889 2587 superius
928 2540 1188 2575 Sermone..
1215 2568 1222 2576 .
1249 2568 1256 2576 .
1305 2541 1386 2576 Nec
1426 2540 1538 2575 obest

215 2596 325 2644 quod
358 2597 463 2632 Deus
502 2605 616 2643 pater
649 2597 768 2633 habet
801 2598 874 2633 hos
914 2598 1054 2633 ambos
1094 2597 1209 2643 filios,
1252 2610 1342 2634 cum
1376 2596 1537 2646 presciti

275 2742 309 2781 ¹5.
332 2741 428 2769 Cod.:
451 2742 663 2776 l)011atista1n;
685 2743 726 2770 ib.
742 2743 771 2770 in
788 2752 901 2779 marg:
923 2744 1131 2779 Augustinus.
1206 2744 1244 2772 13.
1265 2745 1298 2773 In
1321 2753 1434 2780 marg:
1455 2746 1537 2772 Alle-

215 2784 350 2810 goricus.
470 2785 512 2812 19·
534 2778 566 2804 In
589 2786 702 2813 marg:
726 2779 842 2806 Sensus
864 2779 1000 2806 moralis.
1122 2779 1162 2808 35.
1185 2780 1256 2807 sint.
1278 2779 1373 2807 Cod.:
1396 2779 1473 2807 sicut
1489 2780 1535 2814 (Ρ).

216 2812 261 2840 38.
284 2812 452 2846 Sermone3
474 2812 612 2848 sequitur
634 2813 752 2840 lacuna.

288 2907 317 2940 5.
344 2909 433 2950 Aug.
462 2908 556 2951 Opp.
584 2916 670 2942 tom.
699 2909 738 2950 11,
767 2910 842 2951 245.
871 2910 922 2942 Cf.
941 2911 1162 2953 Trialogum,
1189 2922 1269 2954 pag.
1299 2911 1375 2956 239.

1753 275 1820 310 171

1581 386 1601 412 it
1623 386 1647 412 is
1669 386 1703 413 os
1721 394 1807 413 more

1588 421 1700 455 weight
1720 422 1792 447 than

1582 464 1640 490 1111)Δ
1662 457 1746 489 gloss
1768 456 1802 484 of

1622 491 1758 518 doctors.

1635 1094 1660 1112 2.
1682 1085 1748 1112 The

1551 1121 1723 1156 allegorica!
1741 1129 1827 1147 sense

1551 1156 1575 1183 is
1596 1157 1665 1183 llere
1683 1156 1821 1183 declared

1563 1192 1600 1228 by
1621 1192 1671 1219 1116
1691 1191 1821 1226 apostle.

1635 1436 1660 1464 3.
1682 1437 1749 1464 The

1563 1472 1767 1508 tropological
1790 1480 1825 1499 or

1584 1508 1681 1535 moral
1704 1516 1803 1535 sense.

1571 1846 1656 1872 Isaac
1677 1846 1812 1881 signilics

1670 1881 1720 1907 tlie

1587 1916 1804 1951 predestiuate.

1593 2021 1726 2048 Islimael
1747 2022 1797 2048 the

1596 2056 1789 2084 foreknown.

1569 2373 1736 2400 Saraseiies
1757 2373 1815 2399 and

1605 2409 1774 2442 Af-varenes.
