1944 3323
140 243 221 275 4¹4

155 1679 214 1708 We
235 1680 324 1707 know
347 1683 398 1706 uot

171 1716 251 1742 what
272 1720 301 1741 l«)
323 1715 385 1741 ask.

703 242 927 274 JouANNJs
946 241 1128 275 wrcrir
1148 242 1401 275 SERMONUM
1427 228 1579 286 [SERMO
1600 239 1734 267 xtvm.

428 347 545 385 nacio
585 347 664 383 sive
704 347 910 383 concessio
952 360 1088 384 eorum
1130 360 1205 396 que
1245 356 1335 384 sunt
1375 347 1592 396 singularia
1631 349 1735 386 dona

428 406 513 442 Dei.
549 407 595 441 Et
629 406 770 441 eodem
798 406 919 441 modo
943 406 1109 441 stultum
1135 415 1191 442 est
1214 405 1329 442 nobis
1353 406 1535 442 absolute
1559 418 1735 442 asserere

429 465 535 512 quod
570 476 733 499 oramus
766 463 825 498 vel
858 462 1025 499 facimus
1058 463 1272 512 quicquam
1309 463 1511 500 meritorie
1544 472 1586 499 ut
1619 465 1736 500 debe-

431 534 528 566 mus,
563 520 655 569 quia
688 520 719 556 si
752 520 875 556 simus
908 520 1068 568 presciti
1092 523 1216 569 (quod
1241 530 1297 558 est
1320 521 1435 558 nobis
1458 521 1735 568 incognitum),

428 579 551 626 gratis
575 578 790 614 asserimus
814 579 921 626 quod
946 587 1003 615 est
1036 578 1131 615 satis
1164 579 1409 626 ambiguum.
1444 581 1491 615 Et
1525 580 1596 615 hec
1628 579 1770 616 racio5

429 650 518 672 cum
555 649 626 672 suo
660 636 922 672 fundamento
955 638 1177 672 destrueret
1220 638 1364 673 multas
1403 637 1612 673 oraciones
1651 649 1737 685 spe-

429 694 547 730 ciales
586 703 622 730 et
663 703 839 730 moveret
879 695 927 730 ad
967 694 1255 730 ambulandum
1290 696 1507 731 secundum
1543 694 1735 742 Spiritum

429 761 464 788 et
488 765 566 787 non
601 764 775 797 carnem,
800 751 894 799 quia
928 764 1021 788 caro
1054 751 1300 800 concupiscit
1333 753 1520 789 adversus
1553 752 1734 800 spiritum

429 819 465 845 et
500 819 676 846 econtra.
713 811 816 846 Caro
851 809 953 845 enim
989 809 1162 846 afficitur
1196 809 1300 846 circa
1327 810 1529 846 sensibilia
1553 819 1589 846 et
1616 811 1735 846 bomo

429 881 501 915 pro
525 867 670 903 talibus
704 867 758 903 sic
792 876 893 913 orat,
928 876 968 903 ut
1002 867 1095 903 talia
1120 868 1175 903 sic
1199 867 1371 904 affectat.
1406 867 1579 916 Spiritus
1603 876 1734 904 autem
1758 882 1796 902 10

429 926 685 962 conformans
723 938 763 961 se
805 925 998 961 voluntati
1046 925 1177 962 divine
1221 926 1309 973 plus
1353 934 1461 962 amat
1507 925 1736 961 communia

430 992 465 1019 et
506 996 577 1030 pro
617 983 926 1031 particularibus
965 982 1037 1019 sibi
1078 982 1304 1031 incognitis,
1347 983 1421 1019 nisi
1461 983 1562 1019 forte
1602 983 1737 1019 condi-

430 1041 640 1077 cionaliter
672 1054 876 1088 nunquam
911 1049 1011 1078 orat.
1063 1040 1127 1077 Sic
1161 1050 1293 1077 autem
1329 1054 1421 1089 sepe
1456 1041 1496 1077 fit
1530 1041 1569 1076 in
1603 1050 1736 1077 orato-

430 1099 538 1134 ribus
572 1101 677 1146 quod
719 1108 835 1135 orant
876 1112 948 1147 pro
989 1098 1198 1146 oppositis,
1239 1099 1333 1147 quia
1372 1107 1532 1147 oportet
1571 1099 1736 1135 omnino

430 1170 512 1192 esse
537 1156 742 1193 dissonum
768 1155 961 1193 voluntati
988 1156 1131 1200 divine,
1150 1170 1238 1193 cum
1265 1156 1435 1193 carnalis
1459 1165 1495 1193 et
1518 1156 1737 1204 spiritualis
1758 1161 1793 1193 15

430 1215 595 1251 atl'eccio
629 1228 721 1262 sepe
753 1214 827 1250 sibi
862 1214 1028 1250 invicem
1053 1216 1314 1251 adversantur
1338 1223 1374 1251 et
1397 1227 1466 1263 per
1491 1227 1737 1263 consequens

429 1286 549 1309 orans
582 1272 662 1308 sire
701 1272 932 1308 desiderans
972 1271 1104 1308 taliter
1143 1272 1352 1321 suffragari
1391 1274 1624 1309 adversatur
1663 1272 1735 1308 sibi

431 1340 471 1366 ut
505 1330 618 1366 alteri
652 1329 781 1366 oranti
817 1330 875 1366 vel
909 1330 1150 1366 desideranti
1184 1330 1258 1365 sibi
1283 1330 1491 1377 suffragari
1516 1331 1734 1366 secundum

431 1388 707 1424 condicionem
755 1387 998 1435 oppositam,
1050 1396 1091 1423 ut
1136 1387 1165 1423 si
1212 1401 1284 1435 ego
1328 1389 1418 1424 volo
1464 1388 1655 1436 implicite
1700 1396 1737 1424 et

430 1447 611 1482 absolute
646 1448 804 1482 l'etrum
839 1445 981 1481 salvari
1015 1446 1073 1481 vel
1115 1454 1205 1481 ante
1244 1447 1383 1482 horam
1426 1445 1464 1481 in
1502 1445 1737 1494 purgatorio
1754 1460 1795 1481 20

430 1503 589 1540 liberari
616 1512 651 1540 et
677 1504 823 1539 Paulus
847 1516 965 1539 orans
1000 1503 1190 1539 humilius
1225 1503 1397 1539 dimissis
1429 1503 1575 1539 talibus
1609 1503 1736 1552 appli-

432 1561 663 1598 cacionibus
687 1570 775 1597 orat
800 1562 909 1609 quod
933 1561 1170 1608 generaliter
1200 1562 1452 1609 compleatur
1476 1561 1547 1597 Dei
1578 1560 1736 1606 volicio,

431 1628 518 1656 orat
553 1619 589 1655 in
624 1619 765 1667 spiritu
805 1618 1001 1655 voluntati
1042 1618 1171 1655 divine
1210 1618 1457 1656 conformius
1490 1632 1608 1668 quam
1652 1631 1736 1666 egO.

490 1680 542 1713 Ex
581 1677 725 1725 quibus
766 1685 874 1725 patet
907 1678 1027 1725 quod,
1068 1676 1169 1713 sicut
1206 1677 1358 1713 viantes
1390 1690 1470 1713 non
1503 1689 1739 1725 quecunque

431 1736 567 1772 volunt
590 1734 787 1771 volicione
809 1734 981 1771 sensuali
1006 1734 1155 1771 faciunt
1178 1734 1217 1770 in
1238 1748 1371 1783 opere,
1393 1735 1449 1771 sic
1472 1744 1529 1771 est
1551 1734 1738 1771 oracione
1758 1738 1794 1770 25

431 1793 712 1836 senciendum3
739 1794 855 1838 unde,
873 1792 965 1841 quia
988 1792 1220 1840 ignoramus
1237 1793 1330 1841 quid
1355 1792 1582 1841 specialiter
1605 1801 1739 1840 petere

432 1853 660 1897 debeamus,
709 1850 804 1887 dicit
843 1851 1060 1898 Apostolus
1092 1879 1099 1886 .
1131 1880 1137 1887 .
1172 1879 1179 1886 .
1212 1880 1219 1887 .
1259 1859 1293 1886 et
1331 1851 1410 1900 ipse
1448 1851 1616 1899 Spiritus
1654 1857 1740 1885 orat

427 1922 503 1958 pro
543 1909 649 1944 nobis
685 1909 891 1958 gemitibus
928 1909 1263 1954 inenarrabilibus,
1301 1921 1380 1944 non
1420 1909 1527 1956 quod
1567 1907 1739 1956 Spiritus

433 1969 601 2002 Sanctus
639 1975 773 2014 gemat
813 1966 850 2001 in
891 1979 1061 2014 persona
1100 1966 1262 2014 propria
1302 1967 1369 2002 sed
1403 1966 1578 2014 postulat
1611 1968 1736 2001 Deum

434 2033 587 2071 patrem
629 2025 736 2072 quod
784 2033 841 2060 est
886 2023 1001 2060 nobis
1046 2023 1200 2069 utilius3
1247 2037 1319 2072 pro
1359 2023 1469 2060 cuius
1508 2022 1740 2071 ignorancia
1757 2026 1798 2058 30

434 2083 624 2118 debemus
662 2094 820 2129 gemere
863 2082 967 2118 ultra
1012 2094 1130 2129 quam
1176 2081 1323 2118 scimus
1362 2081 1594 2129 exprimere,
1640 2080 1740 2117 sicut

435 2149 564 2175 turtur
597 2139 719 2187 gemit
757 2152 830 2187 pro
864 2139 1043 2187 pluribus
1068 2151 1143 2187 que
1176 2139 1348 2187 ignorat.
1383 2139 1422 2175 Si
1457 2148 1588 2176 autem
1612 2138 1741 2175 viator

435 2197 586 2244 Spiritu
621 2199 769 2233 Sancto
809 2206 845 2233 et
878 2196 1029 2244 legibus
1064 2197 1121 2232 sui
1157 2197 1320 2245 spiritus
1353 2196 1409 2233 sic
1442 2197 1613 2242 ducitur,
1647 2205 1741 2232 tunc

434 2267 514 2290 non
562 2254 753 2302 legalibus
800 2255 911 2302 penis
948 2254 1091 2291 veteris
1136 2255 1231 2302 legis
1276 2254 1483 2301 subicitur,
1524 2267 1612 2291 cum
1659 2266 1739 2290 non

434 2312 631 2360 sequitur:
668 2313 768 2348 Volo
802 2321 940 2360 parate
973 2312 1003 2348 si
1037 2311 1092 2349 sic
1116 2312 1246 2349 fecero
1279 2312 1334 2349 sic
1367 2312 1511 2361 puniri,
1535 2325 1628 2359 ergo
1651 2312 1741 2348 volo
1759 2315 1797 2346 35

433 2379 469 2406 et
504 2372 628 2406 debeo
661 2370 716 2406 sic
751 2370 895 2417 puniri.

491 2430 537 2463 Et
577 2429 647 2464 hec
687 2437 742 2464 est
783 2441 858 2464 una
900 2427 1074 2464 stulticia
1113 2440 1189 2476 que
1228 2440 1270 2463 ex
1309 2426 1599 2464 tradicionibus
1632 2426 1742 2463 adin—

433 2486 558 2522 ventis
583 2485 793 2533 adstringit
819 2487 964 2522 multos
995 2485 1235 2522 christianos
1260 2494 1300 2521 ut
1324 2484 1471 2521 faciant
1494 2493 1531 2521 et
1553 2484 1743 2520 sufferant

435 2545 540 2591 quod
565 2556 644 2579 non
668 2545 825 2579 debent.
860 2545 974 2580 Unde
1002 2544 1205 2591 generales
1228 2544 1361 2590 regule
1384 2551 1473 2590 post
1496 2541 1739 2589 evangelium

434 2601 644 2637 adinvente
677 2602 821 2637 tollunt
853 2614 874 2638 a
908 2601 1085 2649 pluribus
1118 2601 1356 2637 libertatem.
1393 2602 1442 2637 Ut
1475 2609 1607 2636 autem
1632 2601 1739 2647 Apo·
1755 2613 1799 2644 40

505 2742 546 2761 22.
568 2734 662 2763 C‹›d.:
691 2735 811 2762 volucio
833 2740 871 2768 ket
892 2735 1031 2770 passim).
1122 2736 1168 2763 26.
1190 2735 1285 2762 Cod.:
1315 2734 1390 2761 bene
1410 2733 1489 2768 quia.
1581 2740 1624 2768 27.
1647 2732 1741 2760 Cod.:

434 2770 607 2804 Apostolus
628 2771 765 2804 sequitur
786 2770 903 2797 lacuna.

506 2863 557 2894 27.
585 2853 685 2883 Rom.
707 2853 795 2892 Vlll,
823 2851 876 2884 26.
