1944 3323
199 271 334 299 samio
355 260 424 318 vr]
692 273 865 304 TERTIA
895 271 1019 304 PARS.

199 390 236 417 et
270 380 337 416 illa
375 378 684 416 circumstancia
718 392 836 415 cause
870 378 1108 425 originantis
1140 391 1209 425 per
1233 378 1349 414 istam
1376 391 1518 425 prepo-

199 438 392 475 sicionem
409 446 744 474 excommumter
760 437 1022 484 exemplatur
1044 439 1144 472 Nam
1162 438 1211 472 ad
1229 438 1344 472 Rom
1361 437 1446 477 ΧΙ’·,
1468 437 1516 471 36

200 496 296 533 dicit
329 496 568 544 Apostolus.
612 495 678 531 Ex·
717 496 799 544 ipso
838 503 873 531 et
907 507 982 544 pet·
1019 495 1142 543 ipsum
1183 502 1218 530 et
1250 507 1285 529 m
1319 494 1401 543 ipso
1433 502 1519 529 mut

201 555 339 591 omnia.
396 553 505 590 licet
557 562 690 589 autem
739 566 807 600 per
851 566 975 601 opera
1019 552 1174 588 iusticie
1221 561 1351 600 potest
1397 553 1519 588 homo

169 612 346 649 bmereri
380 611 684 653 beatitudinem,
721 612 795 647 hoc
828 620 963 648 vimen
996 624 1077 647 non
1110 619 1241 658 potest
1272 609 1355 646 sine
1385 610 1520 657 gracia

203 671 454 719 precedente„
490 669 580 705 ideo
614 669 814 705 subtiliter
848 668 943 706 dicit
967 669 1186 717 Apostolus
1221 669 1329 717 quod
1363 681 1434 704 non
1468 680 1519 704 ex

202 729 381 778 operibus
418 728 565 764 iusticie
602 740 672 776 que
699 728 872 777 fecimus
909 740 977 763 nos
1016 740 1152 763 sumus
1194 740 1216 763 a
1251 726 1424 763 Domino
1465 725 1520 762 sic

202 786 357 831 salvati,
397 785 489 823 licet
529 798 599 834 per
631 785 698 822 illa
732 798 856 834 opera
889 785 1045 822 iusticie
1077 786 1278 822 salvemur
1310 797 1353 821 ex
1386 784 1520 832 gracia

204 846 455 893 precedente.

150 918 189 938 10
263 905 382 939 Notet
423 915 517 950 ergo
558 902 685 939 fidelis
725 910 852 939 totam
894 915 1123 938 mensuram
1165 901 1386 949 prioritatis
1435 913 1521 949 pre-

204 961 380 998 cedentis
420 969 600 997 nostram
641 960 909 997 salvacionem
952 969 988 996 et
1027 959 1177 996 videbit
1210 961 1317 1008 quod
1357 959 1396 995 in
1437 968 1521 995 tota

204 1019 271 1056 illa
312 1019 521 1067 prioritate
560 1032 637 1067 qua
682 1032 832 1060 sumus,
877 1031 1014 1054 sumus
1058 1017 1294 1054 criminibus
1338 1017 1519 1054 involuti.

205 1078 421 1123 Quomodo
465 1089 560 1124 ergo
606 1090 686 1113 non
725 1089 768 1113 ex
810 1089 908 1124 pura
947 1076 1082 1124 gracia
1122 1078 1228 1112 Deus
1268 1075 1408 1124 incipit
1449 1088 1521 1112 nos

204 1136 382 1172 salvare?
416 1138 521 1171 Deus
554 1134 659 1171 enim
695 1137 870 1183 quadam
907 1134 1118 1183 prioritate
1141 1135 1268 1171 salvat
1290 1147 1376 1176 nos,
1412 1143 1521 1170 ante-

151 1199 186 1230 15
204 1207 323 1242 quam
369 1194 571 1230 salvemur
615 1194 664 1230 ab
711 1193 811 1241 ipso,
859 1202 895 1229 et
941 1192 997 1229 sic
1037 1192 1315 1229 misericordia
1353 1205 1522 1241 sequens

203 1251 380 1299 graciam
411 1251 483 1288 fuit
514 1251 689 1287 medium
716 1251 912 1288 liberandi
937 1264 1009 1287 nos
1033 1263 1055 1287 a
1080 1250 1239 1287 miseria
1263 1252 1311 1287 ad
1335 1252 1520 1287 salutem.

205 1312 273 1345 Est
313 1309 417 1346 enim
460 1309 738 1346 misericordia
777 1309 1006 1358 compassio
1040 1309 1241 1346 relevandi
1277 1309 1466 1345 miserum
1500 1321 1521 1344 a

203 1381 275 1404 sua
309 1367 487 1413 miseria:
522 1376 560 1404 et
589 1367 644 1404 sic
674 1367 831 1404 videtur
856 1367 1175 1404 misericordiam
1202 1367 1271 1404 Dei
1307 1380 1390 1404 esse
1421 1375 1521 1403 eter-

204 1439 311 1469 nam,
346 1425 438 1462 licet
470 1425 545 1462 sibi
580 1425 672 1462 insit
707 1425 920 1463 miseracio
954 1427 1239 1463 tantummodo
1273 1424 1519 1474 temporalis.

149 1484 447 1522 zoEternaliter
486 1483 590 1520 enim
633 1493 690 1521 est
730 1487 835 1521 Deus
877 1483 1104 1520 misericors
1145 1485 1213 1520 sed
1253 1484 1383 1520 solum
1425 1485 1519 1519 dum

205 1551 262 1579 est
296 1541 416 1578 miser
450 1551 616 1590 peccato
651 1542 862 1579 actualiter
896 1542 1119 1579 miseretur.
1156 1543 1368 1578 Salvamur
1394 1549 1521 1577 autem

205 1601 240 1636 in
273 1613 340 1649 spe
378 1605 434 1644 (ut
474 1599 620 1636 dicitur
654 1602 768 1637 Rom.
795 1602 928 1646 Vlw),
969 1600 1060 1637 licet
1102 1613 1208 1636 nunc
1247 1609 1284 1636 et
1324 1599 1391 1636 diu
1435 1608 1522 1647 post

206 1671 344 1694 sumus
389 1658 525 1694 multis
570 1658 856 1707 penalitatibus
906 1658 1060 1694 miseris
1107 1657 1323 1694 convoluti.
1370 1657 1522 1694 Miseri-

206 1715 344 1753 cordia
377 1716 482 1753 enim
507 1725 564 1753 est
588 1716 719 1764 primo
743 1725 780 1753 et
807 1716 1083 1765 principaliter
1106 1716 1213 1753 circa
1236 1715 1521 1752 liberacionem

150 1781 188 1812 25
206 1773 381 1811 hominis
414 1787 436 1811 a
470 1784 650 1823 peccato,
691 1775 797 1811 salus
837 1783 970 1811 autem
1006 1784 1143 1811 eterna
1176 1776 1368 1811 excedens
1403 1774 1523 1810 facul-

206 1841 329 1869 tatem
383 1841 525 1869 nature
572 1846 653 1869 non
698 1833 829 1881 potuit
877 1832 963 1870 dari
1010 1832 1132 1881 lapsis
1178 1832 1261 1869 sine
1307 1831 1442 1880 gracia
1487 1840 1523 1868 ct

208 1890 500 1936 misericordia,
535 1891 718 1939 quamvis
751 1900 831 1928 tam
867 1891 1018 1939 angelis
1042 1904 1163 1939 quam
1190 1889 1420 1927 hominibus
1444 1903 1523 1926 ser-

206 1948 391 1985 vantibus
431 1957 579 1986 statum
621 1949 854 1986 innocencie
893 1949 977 1986 sine
1017 1949 1294 1986 misericordia
1335 1949 1404 1985 sed
1444 1961 1525 1984 non

206 2006 290 2043 sine
322 2006 457 2054 gracia
490 2016 624 2055 posset
658 2007 758 2044 dari.

150 2072 191 2103 30
264 2066 408 2101 Modus
440 2074 574 2102 autern
608 2065 787 2102 salvandi
822 2066 941 2102 fiebat
969 2078 1045 2116 per
1077 2066 1278 2102 lavacrum
1313 2077 1524 2115 regenera-

206 2123 324 2159 cinnis
356 2131 391 2159 et
424 2124 701 2169 νωιοναεῐοηιζς,
740 2124 834 2172 quia
874 2137 944 2172 per
982 2133 1283 2160 sacramentum
1319 2122 1523 2171 baptismi.

207 2183 307 2218 Cum
342 2181 445 2217 enirn
482 2182 604 2218 homo
637 2181 710 2218 fuit
751 2191 934 2218 mortuus
972 2195 1043 2230 per
1082 2191 1308 2230 peccatum,
1343 2180 1525 2229 quamvis

206 2248 406 2276 vetustata
429 2249 575 2276 natura
606 2249 868 2286 remanserat,
902 2253 1062 2277 necesse
1097 2250 1154 2277 est
1187 2239 1218 2276 si
1253 2239 1525 2286 (reminiscere

207 2298 323 2334 debet
363 2297 642 2345 spiritualiter)
682 2300 791 2347 quod
832 2307 1088 2346 regeneretur
1127 2307 1245 2335 natus
1291 2299 1423 2334 denuo
1469 2302 1525 2340 (ut

150 2360 188 2393 35
207 2355 353 2392 dicitur
385 2355 578 2392 Johannis
611 2358 711 2402 1110),
753 2365 790 2393 et
829 2369 899 2405 per
939 2370 1189 2405 consequens
1222 2365 1382 2404 oportet
1416 2357 1522 2403 quod

206 2422 317 2450 vetus
352 2414 473 2450 homo
507 2423 700 2462 quantum
736 2416 785 2451 ad
819 2424 1031 2463 peccatum
1073 2415 1200 2451 active
1240 2422 1525 2462 corrumpatur

207 2480 243 2507 et
277 2480 421 2507 natura
455 2473 657 2509 substrata
690 2485 760 2521 per
793 2472 971 2521 graciam
1007 2482 1232 2510 renovetur.

276 2636 296 2656 1.
318 2629 362 2656 A:
381 2628 515 2656 cineum
503 2628 662 2656 lanciam.
727 2628 750 2656 5.
773 2630 816 2656 A:
840 2638 965 2657 merere
1033 2638 1072 2657 10.
1096 2630 1137 2657 F:
1159 2630 1260 2665 igitm.
1331 2639 1372 2663 ι...
1392 2629 1431 2657 F:
1455 2638 1524 2664 pro-

208 2663 334 2702 piietate
355 2671 433 2690 coir.
456 2663 503 2690 in:
525 2663 694 2702 prioritate
768 2672 808 2694 ιι).
830 2666 874 2692 Α;
897 2665 953 2691 sibi
977 2664 1070 2692 deest.
1144 2672 1187 2692 22
1208 2666 1253 2692 A:
1275 2665 1340 2692 IX0.
1416 2664 1457 2691 215.
1480 2666 1522 2691 A:

207 2706 351 2725 miserus.
425 2706 470 2728 2η.
493 2699 536 2725 A:
559 2698 669 2733 possit.
732 2697 772 2726 35.
797 2699 834 2726 F:
856 2704 883 2726 et
904 2708 958 2734 per
978 2707 1071 2726 conse
1099 2708 1172 2727 nens
1193 2699 1288 2727 deest.
1349 2698 1398 2726 36.
1422 2704 1523 2727 vetus:

206 2732 246 2794 Ft:
268 2741 358 2794 verus
379 2730 451 2760 witti
474 2741 569 2767 marg.
591 2741 670 2760 corr.
692 2733 729 2760 al.
752 2742 833 2761 man.
874 2739 969 2761 vetus.
1075 2708 1111 2770 517
1116 2736 1188 2762 A:
1211 2735 1364 2765 substata:
1392 2734 1431 2761 F:
1454 2734 1523 2760 sub-

208 2777 221 2794 s
239 2775 288 2795 rac
305 2776 321 2794 a

280 2861 331 2882 22.
359 2851 460 2881 Rom.
483 2851 572 2888 Vlll,
601 2860 659 2890 24:
687 2851 757 2892 Spe
784 2852 875 2884 enim
904 2852 996 2884 salvi
1009 2852 1110 2894 facti
1135 2862 1266 2883 sumus.
1389 2851 1442 2882 30.
1471 2851 1521 2881 Ad

209 2896 279 2930 Tit.
307 2897 362 2937 ΙΙΙ,
390 2897 418 2929 5.
541 2897 594 2933 35.
620 2897 698 2932 Joh.
728 2898 782 2937 111,
810 2899 844 2933 3:
877 2897 955 2930 Nisi
979 2898 1060 2940 quid
1087 2902 1233 2930 renatus
1254 2897 1368 2940 suerit
1395 2897 1522 2928 denuo.

1753 276 1799 308 41

1553 906 1609 932 wc
1630 914 1679 932 <ire
1701 904 1791 931 saved

1596 941 1632 975 by
1655 948 1756 974 inere)v

1542 975 1699 1007 folionum,
1722 982 1804 1008 upon

1622 1018 1722 1043 grace.

1591 2071 1728 2106 lhiptism
1752 2079 1767 2097 a

1600 2115 1705 2133 means
1726 2107 1759 2132 ot'

1601 2141 1760 2168 salvation.
