1944 3323
183 287 318 315 §ritmo
341 277 461 333 mxl
668 287 843 319 TERTm
872 287 996 317 mas.
1707 286 1781 321 421

180 396 371 433 stenciam
409 397 627 432 humanam
663 395 702 430 in
736 406 807 430 suo
846 406 1004 441 genere,
1047 393 1101 429 sic
1142 402 1199 429 est
1240 394 1381 440 duplex
1423 393 1498 428 exi—

179 454 330 491 stencia
370 455 479 490 illam
520 465 702 501 sequens.
750 453 880 488 [labet
920 451 1025 488 enim
1069 453 1191 487 horno
1231 463 1314 486 esse
1359 451 1498 497 ydeale
1555 455 1624 494 '1'1123
1643 457 1787 495 double*

179 521 359 549 eternum
394 512 613 548 secundum
649 511 756 559 quod
791 519 847 546 est
881 509 1153 547 essencialiter
1187 510 1292 545 Deus
1326 508 1428 544 sicut
1462 517 1498 544 et
1525 495 1782 553 ''1'ff4ssff'2ssjfi'ffihm

178 570 355 620 quelibet
400 578 597 615 creatura,
643 582 724 605 non
769 577 904 605 tamen
945 567 1180 604 conceditur
1220 567 1327 615 quod
1367 565 1499 602 omnis
1515 558 1789 622 scngssass‘ffxfbifffissis

145 631 300 665 §homo
335 628 384 664 sit
418 631 537 673 Deus,
579 636 615 664 et
654 627 709 663 sic
743 629 790 664 de
822 626 1055 663 nominibus
1088 624 1338 672 signantibus
1372 624 1499 674 quali-
1567 627 1735 657 ancestors.

178 696 280 724 tates
325 685 615 723 substanciales
660 685 700 722 in
740 698 896 733 genere.
947 683 1194 721 Conceditur
1232 692 1369 720 tamen
1408 695 1496 719 cum

177 744 419 794 pronomine
443 744 626 792 signante
650 743 922 780 substanciam
948 751 1143 787 nostram,
1178 750 1220 777 ut
1243 743 1352 790 quod
1377 742 1499 777 homo

178 814 235 841 est
281 806 386 840 Deus
431 811 524 839 ante
570 801 708 838 mundi
754 801 1007 839 creacionem
1055 801 1275 836 secundum
1321 799 1496 848 primum

179 875 262 899 esse
295 875 411 898 suum
447 870 630 898 eternum
657 861 717 908 (ut
740 860 882 896 diffuse
907 859 1156 896 declaratum
1183 867 1240 894 est
1264 857 1303 894 in
1330 858 1498 895 materia

124 933 161 953 10
179 922 226 957 de
256 920 384 966 ideis),
417 921 485 956 sed
519 920 740 956 secundum
775 931 859 956 esse
888 918 1108 967 precedens
1142 915 1399 953 existenciam
1435 929 1499 953 ac-

178 979 327 1015 tualem
363 987 420 1015 est
453 990 537 1014 esse
570 977 763 1014 seminale
797 979 847 1014 ad
881 989 999 1026 quem
1034 987 1194 1012 sensum
1219 974 1402 1012 Christus
1426 975 1499 1011 fuit

178 1037 218 1073 in
256 1036 401 1073 lumbis
441 1037 601 1073 Abrahe
642 1044 679 1072 et
717 1048 838 1072 omne
882 1046 1018 1071 semen
1064 1032 1240 1069 hominis
1286 1033 1325 1068 in
1363 1033 1498 1081 primo

178 1095 354 1132 homine.
402 1096 449 1131 Et
489 1093 592 1131 sicut
633 1093 765 1142 prima
806 1093 976 1130 materia
1023 1099 1206 1140 expectat
1250 1091 1497 1128 sentenciam

177 1155 225 1190 de
263 1153 375 1194 ideis,
417 1152 473 1189 sic
512 1153 689 1189 secunda
730 1151 899 1188 materia
946 1157 1129 1198 expectat
1175 1149 1497 1186 declaracioncm

124 1213 224 1248 xbde
248 1210 477 1248 racionibus
511 1210 793 1255 seminalibus3
827 1211 895 1246 sed
926 1209 1056 1258 prima
1090 1207 1293 1244 sentencia
1328 1217 1385 1244 est
1419 1221 1499 1245 me-

177 1270 384 1318 taphysica
425 1278 460 1305 et
500 1270 677 1305 secunda
716 1268 1000 1317 philosophica
1033 1280 1132 1315 quas
1172 1279 1373 1315 suppono.
1420 1268 1497 1303 Sed

178 1338 267 1376 post
314 1327 630 1375 produccionem
673 1327 848 1363 hominis
890 1327 929 1362 in
968 1334 1058 1362 actu
1099 1325 1337 1361 individuali
1378 1326 1497 1361 habet
1558 1328 1613 1366 His
1634 1327 1745 1375 douaeble

177 1386 377 1434 duplicem
404 1385 661 1422 existenciam
687 1386 775 1434 plus
808 1386 1019 1423 famosam,
1054 1382 1207 1420 scilicet
1241 1382 1495 1420 existenciam
1526 1368 1776 1425 „aiiii-{ieffisin

176 1445 401 1481 naturalem
437 1454 475 1480 et
509 1444 763 1481 existenciam
790 1444 1030 1491 graciosam.
1066 1443 1296 1478 Secundum
1324 1442 1495 1490 primam
1600 1441 1700 1468 grace.

121 1503 420 1539 zoinformatur
459 1502 594 1539 anima
633 1503 693 1538 vel
732 1502 895 1550 spiritus
929 1514 1005 1549 que
1046 1510 1104 1537 est
1144 1502 1284 1537 eadem
1327 1513 1497 1548 persona

123 1591 127 1594 .
177 1574 266 1597 cum
292 1561 474 1606 homine3
509 1570 546 1597 et
570 1562 703 1608 quoad
728 1561 945 1597 secundam
973 1557 1229 1595 existenciam
1255 1558 1497 1595 informatur

175 1619 310 1667 gracia
344 1619 464 1668 primi
498 1618 663 1667 spiritus
697 1618 916 1656 habitantis
950 1617 989 1653 in
1025 1617 1201 1654 homine.
1244 1616 1355 1653 Sicut
1390 1616 1495 1653 enim

177 1679 299 1713 homo
340 1679 458 1714 habet
504 1677 543 1713 in
588 1686 680 1713 actu
726 1689 809 1713 esse
854 1675 1036 1713 naturale
1084 1689 1152 1723 per
1199 1675 1394 1718 animam,
1441 1675 1496 1711 sic

177 1737 295 1772 habet
329 1749 414 1772 esse
447 1735 656 1784 spirituale
690 1748 760 1783 per
793 1734 970 1783 graciam
996 1734 1297 1770 informantem.
1332 1736 1379 1769 Et
1405 1746 1494 1769 cum

119 1797 156 1828 23
176 1802 234 1830 tot
281 1794 412 1830 modis
458 1793 604 1830 dicitur
648 1807 771 1830 unum
812 1792 1093 1842 oppositorum
1135 1801 1233 1841 quot
1273 1791 1420 1828 dicitur
1460 1800 1495 1827 et

175 1852 389 1901 reliquum,
435 1860 544 1900 patet
586 1853 695 1900 quod
739 1860 900 1900 oportet
946 1852 1108 1888 credere
1152 1863 1234 1887 non
1273 1863 1358 1887 esse
1397 1863 1494 1898 qua-

176 1911 341 1958 druplex
375 1910 550 1947 hominis
585 1911 920 1958 correspondens.
967 1911 1015 1946 Et
1048 1918 1159 1957 patet
1192 1908 1495 1945 racionabilitas

176 1968 468 2005 condicionalis
502 1968 631 2017 prime
670 1968 845 2017 apostoli
886 1970 981 2004 dum
1023 1967 1079 2004 sic
1119 1967 1236 2004 dicit:
1284 1967 1326 2002 Si
1355 1967 1494 2016 spiritu

176 2027 340 2064 vivimus
363 2035 431 2063 etc.
466 2028 567 2064 Cum
602 2026 707 2063 enim
743 2027 873 2063 omnis
906 2026 1036 2063 viator
1060 2026 1163 2062 sicut
1187 2025 1362 2074 quelibet
1387 2037 1496 2061 crea-

119 2088 160 2119 30
176 2094 266 2121 tura
297 2084 562 2122 necessitatur
594 2085 744 2122 moveri
771 2086 820 2121 acl
845 2098 960 2121 suum
986 2084 1218 2130 terminum,
1253 2092 1363 2132 patet
1387 2084 1494 2131 quod

178 2144 299 2179 homo
343 2143 478 2180 vivens
523 2145 743 2180 secundum
790 2143 1124 2180 informacionem
1172 2141 1305 2190 gracie
1350 2150 1495 2190 quarto

177 2203 298 2238 rnodo
318 2203 434 2238 debet
454 2201 864 2250 proporcionabiliter
883 2202 1105 2238 ambulare.
1130 2204 1232 2238 Nam
1253 2199 1494 2236 dimittendo

175 2259 498 2296 ambulacionem
532 2259 650 2297 istam
685 2260 883 2296 desineret
918 2261 1040 2296 homo
1074 2259 1129 2296 sic
1162 2259 1304 2295 vivere.

233 2320 401 2354 Fructus
435 2327 571 2355 autem
605 2318 722 2355 huius
755 2318 833 2354 vite
867 2319 1145 2366 duodecuplex
1179 2317 1219 2353 in
1251 2315 1378 2365 priori
1412 2315 1494 2363 epi-
1515 2327 1585 2365 Tm·-
1605 2328 1666 2354 hesi
1688 2332 1783 2362 guam

118 2378 157 2410 35
175 2377 279 2413 stola
302 2377 544 2423 declaratur,
575 2385 612 2412 et
635 2385 829 2425 quantum
866 2378 916 2413 ad
950 2376 1148 2413 cautelam
1182 2374 1358 2423 fugiendi
1392 2373 1495 2422 peri-
1521 2364 1776 2424 afffiut'g‘affssffics

175 2434 264 2471 cula
308 2434 440 2482 prima
492 2444 529 2471 et
568 2434 779 2482 potissima
819 2443 876 2471 est
921 2448 992 2470 mm
1035 2434 1209 2485 gloriari
1245 2433 1409 2468 inaniter
1447 2433 1494 2468 de
1572 2432 1722 2466 boasting.

175 2492 366 2540 operibus
406 2492 568 2535 nostris,
615 2492 686 2529 etsi
727 2494 833 2529 bona
878 2492 1088 2529 moraliter
1131 2491 1355 2536 videantur,
1402 2503 1492 2526 cum

176 2550 307 2598 prima
346 2551 502 2587 cautela
537 2550 687 2588 diaboli
722 2551 771 2586 sit
805 2550 1041 2587 extollencia
1075 2549 1250 2586 hominis
1283 2561 1494 2597 suggerere

176 2608 302 2645 instar
346 2608 419 2644 sui.
466 2610 558 2645 Ideo
604 2608 700 2645 dicit
739 2610 958 2657 Apostolus
1004 2622 1075 2644 non
1115 2608 1334 2658 efficiamur
1371 2607 1493 2643 inanis

115 2680 159 2710 40
174 2667 303 2717 glorie
335 2667 476 2715 cupidi,
499 2667 657 2702 invicem
678 2675 950 2715 provocantes,
983 2667 1140 2702 invicem
1166 2666 1386 2701 invidentes.
1423 2664 1492 2700 Illa

241 2821 287 2850 38.
311 2822 344 2850 In
367 2830 481 2857 marga
503 2831 523 2850 1.

246 2917 300 2958 36,
329 2919 382 2963 39.
410 2918 486 2951 Gal.
506 2920 546 2959 V,
574 2918 628 2951 26.
