1944 3323
160 225 174 237 η

129 226 207 260 238
709 234 932 266 JOHANNIS
952 233 1136 265 WYCLIF
1156 235 1409 267 SERMONUM
1446 220 1598 278 [SERMO
1620 232 1726 260 XXIX·

189 347 328 387 Such-an
360 381 364 385 .
415 338 626 379 Medicina,
661 339 802 387 inquit,
843 348 901 376 est
933 340 1089 388 reliqua
1122 340 1342 388 perfeccior
1374 353 1445 389 per
1478 354 1599 390 quam
1632 350 1727 379 nata

141 387 337 445 ²¹⁵⁵‘sslmrss‘glf'g1
358 390 383 410 ¹³
415 406 473 432 est
504 396 655 444 acquiri
681 397 871 433 sanctitas
895 397 1112 443 intenci0r3
1147 411 1240 445 ergo
1264 407 1337 435 etc.
1373 400 1449 435 Sed
1474 408 1725 447 assumptum

170 452 355 514 dignifard‘s
414 453 526 490 istius
560 454 719 502 argucie
759 455 905 491 dicitur
938 468 1022 492 esse
1056 465 1145 503 post
1178 457 1384 505 crapulam
1421 465 1457 493 et
1490 457 1725 494 ebrietatem

228 496 320 515 “am'
415 512 621 548 monachis
666 512 961 560 sompniatum:
1008 526 1130 549 unum
1178 522 1312 550 tamen
1359 513 1442 551 scio
1481 516 1590 563 quod
1629 515 1726 552 talia

412 570 597 617 sompnia
631 583 712 606 non
746 570 964 619 adquirunt
997 571 1287 608 beatitudinem
1323 573 1391 609 sed
1426 573 1565 621 pocius
1599 573 1759 621 preci-5

412 627 541 675 pitant
574 629 623 664 ad
657 628 869 664 infernum.
916 629 1097 665 Christus
1137 629 1242 665 enim
1284 638 1320 666 et
1352 629 1413 666 sui
1447 630 1620 678 apostoli
1654 643 1726 679 per

412 685 615 733 religionis
632 687 859 722 communis
874 687 1177 723 observanciam
1203 689 1252 724 ad
1270 687 1536 725 intenciorem
1556 690 1724 737 gradum

412 743 671 779 beatitudinis
705 744 923 792 attigerunt
945 758 1066 793 quam
1092 744 1215 793 aliqui
1240 746 1287 782 de
1318 745 1483 793 privatis
1516 746 1725 783 ordinibus

412 801 606 849 attingere
640 801 903 843 suffecerunt;
950 802 1040 839 ideo
1081 815 1124 839 ex
1163 803 1366 839 miraculis
1412 804 1640 851 patentibus
1685 804 1726 841 in

411 859 490 895 vita
523 872 662 895 eorum
696 860 812 908 pauci
845 861 905 896 vel
937 861 1035 896 nulli
1070 862 1117 897 de
1142 860 1226 897 istis
1249 861 1458 897 ordinibus
1482 871 1573 898 sunt
1597 862 1722 908 beati3
1748 875 1784 896 10

412 930 502 953 nam
559 917 717 965 empcio
770 918 1093 955 canonizacionis
1141 920 1246 966 apud
1297 921 1519 956 Romanam
1571 920 1725 957 curiam

412 975 545 1011 fratris
578 977 639 1012 vel
679 976 867 1012 monachi
908 989 951 1012 ex
994 978 1069 1013 hoc
1109 978 1215 1025 quod
1259 977 1434 1013 comedit
1473 979 1724 1026 lampredam

412 1033 609 1080 integram
642 1033 726 1070 sine
759 1043 855 1082 potu
889 1035 949 1071 vel
982 1048 1024 1071 ex
1058 1036 1134 1071 hoc
1158 1036 1264 1083 quod
1291 1047 1436 1083 corpus
1460 1049 1574 1072 suum
1601 1036 1726 1073 movit

412 1091 599 1127 feretrum
635 1092 827 1139 agitatum
863 1105 884 1129 a
918 1094 1090 1129 demone
1121 1106 1211 1129 cum
1245 1093 1441 1129 similibus
1474 1093 1726 1131 illusionibus

413 1148 560 1185 diaboli
607 1151 667 1185 vel
711 1150 1038 1198 apparicionibus
1091 1151 1330 1199 sompniatis
1382 1164 1463 1188 non
1516 1151 1782 1189 constituit15

412 1208 570 1243 beatum
607 1207 646 1243 in
679 1208 846 1244 ecclesia
878 1208 1166 1257 triumphante.
1201 1211 1294 1245 Ideo
1327 1209 1429 1245 absit
1454 1211 1561 1259 quod
1585 1222 1724 1247 omnes

413 1265 743 1302 canonizaciones
768 1266 998 1302 huiusmodi
1020 1267 1098 1303 sint
1122 1276 1164 1303 ut
1187 1267 1345 1303 articuli
1370 1267 1461 1304 fidei
1484 1270 1533 1304 ab
1558 1267 1725 1305 ecclesia

414 1323 613 1359 catholica
647 1326 907 1371 acceptande.

125 1391 193 1430 Itis
207 1391 401 1429 argiiedthat
471 1381 616 1417 Tercio
649 1383 780 1429 arguit
814 1394 857 1418 ex
891 1382 1089 1418 conformi
1113 1391 1322 1430 assumpto
1346 1383 1528 1431 putrido:
1563 1386 1617 1420 Ex
1649 1385 1725 1420 hoc

143 1427 382 1488 ¹21,J1'L‘}5¹'3¹‚⁸C‡J
414 1438 563 1474 scilicet
597 1441 705 1487 quod
738 1440 1028 1487 impedimenta
1061 1454 1136 1488 que
1169 1450 1259 1477 sunt
1298 1440 1531 1489 impeditiva
1571 1442 1783 1478 hominizo

144 1496 378 1557 hiffieffllggffism
415 1496 453 1531 in
487 1497 632 1532 viando
672 1510 806 1534 versus
846 1498 1134 1534 beatitudinem
1176 1498 1379 1546 copiosius
1417 1500 1613 1536 tolluntur
1652 1513 1723 1549 per

170 1565 218 1591 the
240 1552 356 1600 wayito
415 1555 717 1591 observanciam
750 1555 954 1603 religionis
987 1556 1139 1604 private
1169 1569 1287 1605 quam
1322 1570 1392 1605 per
1423 1558 1725 1595 observanciam

163 1600 364 1627 b¹⁰⁵5“d¹³⁸⁵⁵·
416 1612 619 1659 religionis
654 1614 892 1659 communis,
928 1627 1021 1662 ergo
1061 1623 1135 1651 etc.
1190 1618 1290 1651 Nam
1330 1614 1435 1651 istud
1474 1625 1725 1665 assumptum

416 1670 621 1707 blas-femie
660 1671 789 1707 innuit
828 1671 1136 1719 religiosarchas
1180 1686 1273 1709 suos
1312 1686 1396 1709 esse
1440 1675 1726 1722 prudenciores

416 1741 536 1775 quam
570 1729 642 1764 fuit
675 1729 862 1765 dominus
894 1732 1005 1766 Jcsus
1039 1730 1233 1767 Christus.
1269 1733 1354 1778 Ipse
1387 1732 1493 1767 enim
1525 1745 1606 1768 non
1638 1745 1727 1781 pre-
1744 1735 1783 1767 25

416 1785 519 1833 cepit
552 1800 644 1823 suos
678 1789 931 1835 presbyteros
964 1787 1114 1824 includi
1137 1797 1372 1836 sumptuose
1396 1789 1436 1826 in
1459 1791 1634 1826 claustro
1658 1791 1726 1826 sed

416 1844 472 1879 ire
504 1844 539 1879 in
573 1845 757 1880 mundum
791 1846 1011 1881 universum
1045 1859 1090 1882 ac
1115 1847 1326 1895 predicare
1359 1848 1600 1898 evangelium
1626 1848 1730 1884 omni

144 1911 222 1951 This
243 1920 382 1939 assumes·
416 1909 596 1937 creature
635 1903 694 1948 (ut
733 1912 842 1950 patet
874 1903 1041 1939 Matthei
1075 1904 1247 1950 ultimo).
1292 1907 1341 1940 Et
1380 1905 1410 1941 si
1449 1918 1530 1941 non
1572 1905 1612 1941 in
1650 1906 1725 1942 isto

127 1947 180 2009 Ἓξ
196 1947 394 2009 ξξῖξᾟῗθῇζὸξῗ
416 1961 536 1995 verbo
553 1960 782 2008 evangelico
798 1961 963 1997 fundent
979 1961 1243 1999 inclusionem
1262 1962 1539 2010 religiosorum
1560 1976 1724 2000 suorum

205 2017 320 2044 Christ.
416 2016 519 2053 inter
558 2017 730 2065 parietes
774 2019 833 2055 vel
878 2018 917 2055 in
962 2020 1151 2066 claustro,
1199 2021 1328 2057 audeo
1369 2021 1500 2058 dicere
1539 2023 1646 2070 quod
1685 2022 1725 2057 in
1743 2023 1784 2055 30

415 2083 500 2111 tota
539 2075 737 2123 scripture
775 2076 919 2124 pagina
960 2090 1039 2113 non
1076 2078 1314 2115 fundabunt.
1360 2078 1400 2115 Si
1441 2079 1548 2116 enim
1588 2080 1727 2116 volunt

416 2145 499 2169 esse
532 2134 706 2170 scolares
739 2134 965 2182 penitencie
999 2148 1089 2172 cum
1120 2136 1314 2184 Baptista,
1349 2145 1486 2184 petant
1516 2138 1723 2174 heremum

416 2191 642 2227 habitantes
688 2193 760 2228 sub
813 2192 904 2229 divo
956 2201 993 2229 et
1044 2206 1127 2230 non
1178 2195 1396 2230 abutantur
1448 2195 1726 2232 artificialibus

415 2248 563 2284 nostris
595 2251 645 2285 ad
678 2262 778 2286 onus
811 2251 976 2287 ecclesie
1008 2252 1097 2299 plus
1131 2265 1251 2300 quam
1284 2251 1363 2289 ille.

152 2317 220 2345 The
239 2317 324 2353 signs
344 2317 379 2344 of
474 2306 710 2343 Consideret
743 2320 837 2355 ergo
870 2308 998 2345 fidelis
1031 2311 1237 2358 quomodo
1271 2311 1482 2357 generacio
1515 2311 1591 2347 ista
1614 2311 1726 2347 adul·
1742 2312 1782 2345 35

134 2353 188 2414 Q}
205 2353 315 2414 ζὶξξξζξ
335 2360 394 2414 3ξῇ
416 2372 501 2400 tera
533 2365 644 2412 signa
677 2365 808 2413 querit
845 2375 882 2402 et
920 2366 1054 2403 videat
1091 2367 1122 2403 si
1160 2368 1220 2404 lex
1260 2368 1453 2416 evangelii
1493 2378 1530 2405 et
1568 2369 1724 2417 signum

172 2422 215 2449 fat
237 2422 350 2449 bellies.
416 2421 545 2458 crucis
578 2423 727 2459 Christi
765 2423 815 2459 sit
853 2424 1006 2472 pocior,
1046 2437 1140 2461 nam
1181 2426 1253 2462 sub
1294 2425 1416 2473 signis
1449 2426 1529 2462 suis
1561 2426 1726 2474 gignunt

416 2480 562 2516 buccas
601 2481 744 2517 rubeas
784 2490 821 2517 et
860 2491 1015 2518 ventres
1054 2483 1220 2531 pingues
1261 2495 1350 2519 cum
1390 2484 1635 2520 omnimodis
1668 2484 1725 2521 in-

415 2537 600 2574 solenciis
633 2547 907 2586 peccatorum.
952 2542 1000 2575 Et
1038 2549 1148 2588 patet
1181 2542 1387 2589 quomodo
1419 2541 1531 2589 signa
1561 2554 1725 2590 genera-

417 2594 542 2631 cionis
566 2595 682 2632 huius
706 2597 886 2634 adultere
920 2597 1050 2634 minus
1082 2597 1308 2647 impediunt
1341 2612 1363 2635 a
1396 2598 1570 2647 peccatis
1602 2612 1722 2648 quam
1739 2612 1784 2644 40

486 2736 509 2754 2.
530 2727 634 2755 Recte:
657 2729 817 2756 intensior.
914 2731 941 2757 ὃ.
964 2730 1058 2758 Cod.:
1079 2731 1275 2767 attingerunt.
1373 2741 1400 2768 9.
1423 2732 1516 2761 Cod.:
1538 2733 1724 2761 sufficerunt.

418 2771 451 2790 11.
473 2762 568 2790 Cod.:
590 2764 839 2791 canonizacionis
861 2764 912 2791 hii.
985 2764 1033 2799 34.
1056 2765 1151 2794 Cod.:
1173 2767 1225 2794 illi.

489 2845 540 2878 28.
570 2847 722 2886 xxvm,
747 2857 797 2890 19.
