1944 3323
163 235 300 266 SERMO
321 224 478 283 xxvnr]
652 236 832 269 TERTlA
859 237 982 268 PARS.

164 345 467 395 impossibilitat
501 354 538 382 et
572 358 593 381 a
626 357 745 381 sensu
779 344 952 392 Spiritus
986 343 1122 380 Sancti
1157 343 1347 382 infatuat:
1381 345 1487 380 unde

165 418 187 442 a
221 404 422 454 probabili
454 404 612 440 videtur
645 402 830 439 fidelibus
864 404 971 451 quod
1006 415 1144 439 sensus
1177 402 1268 439 talis
1302 402 1352 438 sit
1384 402 1488 450 peri-

166 464 325 500 culosus
374 472 494 511 atque
539 461 752 507 hereticus,
808 461 902 509 quia
955 463 1177 497 secundum
1225 462 1487 508 Jeronymum

166 522 233 571 qui
284 521 524 570 scripturam
567 533 722 557 sacram
765 519 881 556 aliter
926 519 1110 568 intelligit
1155 532 1276 567 quam
1317 519 1489 566 Spiritus

132 582 336 618 §Sanctus
381 578 537 627 flagitat
576 578 775 616 hereticus
821 587 879 615 est
919 579 1153 615 censendus.
1203 579 1281 614 Sed
1321 586 1402 613 tam
1450 577 1488 613 in

165 647 408 675 testamento
431 637 554 674 veteri
579 650 700 686 quam
725 649 833 673 novo
858 636 931 673 fuit
961 637 1035 673 ista
1060 636 1260 685 scriptura
1285 636 1489 672 intellecta

166 697 350 742 fideliter,
392 698 556 745 quando
596 696 705 732 nulla
745 695 835 732 talis
875 695 1079 732 sentencia
1114 696 1162 731 de
1194 707 1299 743 papa
1335 694 1489 731 cesario

166 764 223 792 est
268 764 417 791 exorta.
464 755 541 791 Sed
586 767 710 790 unum
756 754 914 790 videtur
956 763 991 790 et
1025 753 1224 801 scripture
1265 765 1487 789 consonum

166 815 274 862 quod
326 813 524 850 luminare
577 813 706 849 maius
758 813 807 849 sit
852 813 910 849 vir
963 812 1210 860 apostolicus
1255 811 1486 860 pauperior,

109 885 148 907 10
168 871 360 909 humilior
398 881 435 909 et
466 871 650 908 fidelibus
690 871 831 908 ceteris
865 870 1074 917 servicior3
1108 871 1217 919 quod
1251 883 1271 906 a
1305 879 1489 918 tempore

166 930 393 968 dotacionis
435 934 491 976 (ut
533 930 696 978 dicitur)
732 929 831 966 nulli
871 942 976 978 pape
1016 929 1170 965 cesario
1217 930 1486 977 competebat.

165 991 258 1026 Ideo
318 989 413 1038 quid
474 989 538 1025 isti
599 988 692 1025 fidei
751 987 945 1036 evangelii
999 987 1104 1024 Petri
1163 995 1200 1024 et
1260 986 1489 1035 patriarche

163 1047 515 1084 Jerosolimitano?
548 1060 627 1083 non
662 1046 766 1084 enirn
801 1046 974 1095 pertinet
1009 1046 1158 1082 directe
1192 1047 1260 1082 sed
1294 1054 1490 1094 repugnat

164 1106 229 1142 isti
277 1105 369 1142 fidei
415 1105 613 1154 scripture
654 1107 761 1154 quod
807 1118 926 1154 papa,
966 1104 1200 1153 patriarcha
1237 1105 1299 1141 vel
1344 1103 1489 1152 aliquis

111 1167 147 1200 15
164 1165 342 1213 prelatus
383 1164 558 1201 cesarius
598 1163 647 1200 sit
689 1164 818 1200 maior
850 1163 889 1199 in
923 1164 1076 1212 populo
1110 1164 1244 1211 quoad
1278 1164 1488 1199 mundum.

222 1222 397 1260 Maiores
436 1235 530 1271 ergo
570 1222 610 1259 in
650 1222 804 1259 clericis
845 1223 991 1258 debent
1032 1234 1115 1258 esse
1159 1222 1199 1257 in
1240 1221 1384 1257 maiori
1429 1222 1489 1257 vel

164 1281 373 1318 humiliori
408 1281 633 1318 ministerio
676 1281 800 1329 magis
839 1282 1059 1317 secundum
1088 1310 1094 1316 .
1121 1310 1128 1317 .
1157 1310 1163 1316 .
1191 1310 1212 1321 .,
1254 1279 1293 1316 id
1328 1288 1398 1323 est,
1440 1281 1489 1316 ad

165 1339 237 1376 Dei
270 1341 466 1376 honorem
502 1349 539 1376 et
573 1340 739 1376 ecclesie
772 1339 1051 1376 obedienciam
1088 1340 1176 1387 plus
1201 1338 1488 1378 ministrantes,

165 1399 320 1435 secluso
354 1400 402 1435 ab
437 1398 491 1435 eis
524 1398 695 1435 seculari
719 1398 902 1435 dominio
935 1407 977 1434 ut
1000 1410 1174 1442 venen03
1208 1398 1276 1433 sed
1310 1398 1489 1434 seculare

108 1456 389 1494 2odominium
433 1458 550 1494 debet
589 1457 712 1493 seculi
752 1456 1027 1505 potentatibus
1067 1456 1369 1493 concomitante
1413 1456 1488 1492 vir-

166 1524 250 1552 tute
285 1524 321 1552 et
355 1515 489 1563 gracia
523 1515 738 1562 reservari3
781 1515 871 1552 ideo
911 1515 1115 1563 subiungit
1149 1517 1306 1551 Petrus:
1347 1515 1489 1551 Omnes

167 1575 368 1619 honorate,
419 1574 718 1623 fraternitatem
773 1574 937 1623 diligite,
985 1574 1111 1610 Deum
1162 1574 1302 1615 timete,
1354 1586 1487 1623 regem

167 1632 430 1683 honorificate.
483 1633 634 1669 Omnes
685 1632 882 1681 (inquam)
934 1632 1117 1668 homines
1163 1633 1360 1668 honorate
1405 1640 1487 1668 tam

167 1691 395 1739 superiores
428 1692 563 1739 quoad
598 1692 792 1727 mundum
826 1691 888 1727 vel
918 1692 1045 1726 Deum
1081 1703 1202 1739 quam
1237 1690 1362 1726 eciam
1399 1703 1489 1726 nos-

110 1750 150 1783 25
168 1758 249 1785 met
272 1749 394 1798 ipsos,
430 1762 520 1786 cum
546 1749 765 1797 Apostolus
798 1748 970 1797 precipit
996 1778 1002 1784 .
1031 1779 1037 1785 .
1066 1779 1072 1785 .
1101 1779 1107 1785 .
1143 1756 1183 1784 ut
1214 1749 1297 1785 sitis
1329 1749 1488 1785 invicem

167 1809 313 1844 honore
339 1808 621 1858 prevenientes.
668 1809 716 1843 Et
749 1807 853 1844 istud
896 1807 938 1843 fit
972 1807 1138 1853 reccius,
1173 1808 1336 1855 quando
1370 1820 1491 1855 supra

167 1866 315 1903 bestias
345 1866 426 1902 sive
450 1865 615 1903 divicias
648 1867 778 1902 honor
801 1865 1060 1902 racionabilis
1084 1875 1266 1902 creature
1290 1867 1490 1902 honorato

168 1924 436 1973 impenditur3
470 1937 542 1961 nec
576 1925 668 1961 hinc
701 1934 898 1973 repugnat
932 1925 1000 1960 sed
1034 1925 1174 1972 pocius
1209 1936 1252 1960 ex
1286 1924 1363 1960 fide
1398 1937 1490 1961 con-

169 1982 350 2031 sequitur
395 1984 502 2032 quod
554 1983 645 2019 talis
696 1984 826 2020 honor
876 1982 1045 2020 includit
1099 1982 1350 2022 societatem,
1399 1996 1489 2019 cum

113 2043 154 2076 30
170 2042 316 2078 Paulus
351 2050 387 2078 et
422 2042 626 2078 Barnabas
658 2042 818 2078 fuerunt
858 2041 954 2078 socii
991 2043 1122 2086 Petro,
1155 2041 1329 2078 Johanni
1363 2043 1490 2078 Evan-

169 2099 307 2148 geliste
354 2109 391 2136 et
430 2099 573 2136 ceteris
613 2099 682 2148 qui
721 2099 761 2135 in
800 2100 967 2137 caritate
1006 2099 1230 2147 perfeccius
1270 2099 1490 2136 dilexerant

169 2158 312 2194 fratres
334 2171 439 2194 suos.
461 2159 554 2194 Ideo
577 2158 680 2194 absit
699 2159 806 2206 quod
827 2160 966 2195 Petrus
990 2157 1159 2195 includit
1176 2159 1490 2206 repugnanciam

170 2216 210 2252 in
239 2216 370 2252 verbis
405 2215 484 2252 suis
509 2218 643 2265 quoad
676 2216 795 2253 istam
828 2216 1091 2261 sentenciam,
1126 2218 1194 2253 sed
1229 2216 1491 2253 conformiter

171 2275 220 2311 ad
246 2275 414 2311 Paulum
447 2274 619 2311 intendit
642 2277 750 2323 quod
784 2284 950 2323 propter
979 2275 1167 2311 timorem
1193 2275 1263 2311 Dei
1300 2276 1490 2312 debemus

75 2322 374 2390 26⁰212honorare
414 2345 524 2381 reges
566 2341 602 2369 et
641 2332 844 2381 principes
883 2335 1105 2370 secundum
1146 2335 1341 2370 honorem
1383 2334 1449 2382 qui
1484 2332 1487 2387 ζ

172 2391 227 2428 eis
269 2390 454 2427 convenit
488 2399 525 2427 et
557 2390 612 2427 sic
646 2392 842 2428 honorem
878 2393 973 2428 dare
1007 2391 1171 2428 cuilibet
1203 2392 1317 2428 fratri
1350 2402 1490 2428 nostro

172 2450 392 2486 secundum
432 2450 540 2497 quod
586 2449 739 2486 dictant
784 2451 918 2498 regule
963 2450 1060 2498 legis
1095 2449 1262 2493 Christi;
1309 2463 1389 2487 non
1435 2460 1491 2487 cst

171 2507 211 2544 in
234 2507 311 2544 isto
335 2507 596 2556 quaternario
620 2509 713 2544 data
743 2520 814 2556 per
837 2508 1038 2557 opposita,
1070 2521 1159 2544 cum
1192 2517 1273 2545 tam
1300 2510 1490 2545 debemus

240 2663 274 2682 11.
297 2654 391 2682 Cod.:
414 2655 494 2682 nulle
516 2663 593 2691 pape
614 2657 738 2684 cesarie.
875 2666 914 2692 17.
937 2658 1118 2685 secundum.
1140 2658 1199 2685 Hic
1218 2659 1347 2685 verbum
1369 2659 1490 2685 excidit.

169 2697 217 2723 24.
240 2689 335 2717 Cod.:
358 2690 527 2725 superiore.
600 2690 642 2718 25.
664 2692 811 2727 precipit:
833 2693 972 2728 sequitur
992 2693 1100 2720 lacuna
1121 2693 1150 2720 in
1172 2693 1240 2720 cod.

244 2785 272 2816 3.
303 2785 485 2827 Hieroymi
514 2786 652 2818 Comm.
679 2785 711 2817 in
739 2787 829 2819 Jesa.
859 2788 881 2826 1,
909 2798 982 2830 cap.
1011 2788 1034 2826 I,
1061 2789 1130 2820 vol.
1160 2789 1215 2827 IV,
1244 2799 1322 2832 pag.
1351 2788 1389 2820 25
1422 2789 1491 2829 (ed.

174 2832 316 2863 Domin.
351 2832 556 2871 vallarsius,
593 2833 716 2865 Venet.
765 2832 876 2875 1766).
931 2834 982 2866 Cf.
1019 2835 1240 2878 Trialogum‚
1291 2845 1368 2878 pag.
1415 2835 1489 2875 243.

175 2886 227 2911 21.
255 2878 278 2910 l.
306 2878 396 2910 Petri
427 2878 465 2917 ΙΙ,
488 2889 538 2921 17.
638 2879 690 2911 25.
721 2880 823 2912 Rom.
848 2880 919 2919 XII,
944 2891 994 2913 10.

1695 238 1715 264 h>

1731 240 1774 275 Ῑι

1526 822 1706 857 According
1727 828 1756 850 10

1528 857 1688 892 scripture
1708 859 1757 885 the

1512 897 1633 927 greater
1653 893 1729 927 light
1750 894 1774 920 is

1558 928 1594 954 he
1615 928 1686 954 who
1708 929 1732 955 is

1545 970 1659 997 poorer
1680 964 1737 990 and

1602 1006 1688 1025 more

1506 1033 1690 1060 servit-came
1709 1033 1781 1060 than

1540 1069 1577 1095 all
1601 1069 1650 1095 the
1673 1073 1743 1096 rest.

1517 1467 1642 1494 Secular
1665 1475 1771 1502 power

1522 1502 1632 1529 should
1655 1502 1764 1536 belong

1503 1538 1574 1573 only
1597 1542 1627 1564 to
1649 1538 1780 1572 laymeu.
