1944 3323
153 753 330 780 Excellence
350 754 385 781 οῖ’

147 788 279 815 Clirist’s
300 789 381 823 gil'ts.

196 1622 274 1658 l)t11y
296 1624 329 1650 ot

174 1658 349 1693 preaching.

717 226 938 257 ,ΙΟΗΑΝΝΙΞ
957 226 1139 257 WYCLIF
1158 226 1415 258 shJRMONUM
1449 212 1599 269 [SERMO
1621 224 1726 252 XLVI.

422 333 520 368 tollit
549 340 707 381 peccata
742 333 885 375 mnndi,
926 332 1010 379 ipsa
1049 332 1207 368 instruit
1242 342 1419 369 errantes
1452 332 1490 367 in
1524 334 1658 369 seculo
1693 343 1729 370 et

422 390 507 438 ipsa
542 390 693 438 quietat
726 389 1014 426 beatificandos
1046 389 1085 425 in
1119 390 1260 437 patria.
1296 392 1387 426 Ideo
1409 390 1599 426 nimirum
1624 392 1729 439 Apo-

421 449 546 484 stolus
572 449 829 484 commendat
853 447 970 484 istam
994 457 1180 484 naturam
1203 448 1318 484 nobis
1343 457 1424 484 tam
1448 448 1728 495 necessariam,

421 508 582 554 quando
622 505 718 541 dicit
744 506 935 555 fiduciam
969 506 1150 541 habemns
1177 519 1251 555 per
1280 506 1474 542 Christum
1508 508 1559 542 ad
1591 508 1729 554 Deum,

422 564 487 600 ubi
521 565 683 611 planum
719 572 775 599 est
809 565 915 612 quod
949 577 1019 612 per
1041 576 1189 600 nomen
1213 564 1359 601 Christi
1384 564 1620 612 simpliciter
1644 565 1727 601 eius

421 621 651 658 humanitas
685 630 915 658 annotatur.

478 680 690 716 Gratitudo
729 688 862 715 autem
896 679 1043 716 Christi
1083 688 1119 716 et
1158 679 1251 716 doni
1291 681 1350 716 sui
1390 680 1571 728 precipui
1605 682 1728 717 excel-

419 738 547 774 lencia
581 750 624 774 ex
656 739 732 774 hoc
765 746 874 785 patet
897 739 1004 787 quod
1027 738 1126 786 fecit
1158 739 1351 787 apostolos
1384 747 1420 774 et
1454 751 1590 774 eorum
1624 739 1727 775 vica-

419 795 499 832 rios
532 796 726 831 ministros
750 797 932 847 ydoneos
964 796 1051 831 novi
1081 797 1305 832 testamenti.
1341 797 1441 832 Cum
1467 796 1571 832 enim
1594 796 1724 844 ipsum

418 862 704 890 testamentum
738 854 788 890 sit
820 853 1082 890 novissimum
1116 853 1349 890 immediate
1382 856 1530 890 ducens
1563 856 1613 891 ad
1635 856 1726 891 bea-

418 911 631 948 titudinem
665 921 702 948 et
737 925 780 948 ex
814 911 890 948 fide
923 911 1119 960 scripture
1150 912 1225 948 Joh
1231 941 1374 949 .....
1408 912 1504 949 dicit
1527 913 1724 949 Christus:

423 971 494 1006 Ubi
530 983 603 1020 ego
635 982 732 1017 snm,
770 971 861 1006 illuc
893 977 927 1005 et
971 970 1144 1006 minister
1182 983 1287 1006 mens
1324 971 1410 1017 erit,
1454 979 1562 1018 patet
1606 984 1726 1019 quam

418 1028 600 1075 preciosa
640 1037 697 1064 est
731 1028 805 1065 ista
837 1028 1046 1076 ydoneitas
1079 1027 1290 1064 ministerii
1322 1028 1478 1065 viatori.
1525 1028 1588 1065 Sic
1621 1029 1726 1065 enim

418 1087 587 1134 cupidus
619 1088 765 1134 gaudet
799 1088 845 1122 de
879 1095 1038 1122 terreno
1072 1086 1294 1122 ministerio
1326 1086 1535 1131 lucrativo,
1570 1096 1611 1123 ut
1635 1100 1726 1124 con-

418 1144 532 1191 tingit
577 1146 624 1181 de
674 1144 867 1192 dignitate
913 1143 1083 1180 seculari
1130 1145 1190 1181 vel
1238 1144 1526 1189 ecclesiastica3
1575 1154 1726 1193 quanto

418 1202 543 1250 magis
577 1204 767 1250 gauderet
802 1204 849 1238 de
882 1202 970 1248 isto,
1005 1214 1094 1238 cum
1130 1202 1397 1239 ministerium
1428 1202 1546 1239 infert
1569 1203 1725 1239 eviden-

417 1261 512 1304 cius7
548 1260 670 1297 levius
710 1269 746 1297 et
786 1260 936 1297 cercius
976 1260 1349 1308 incomparabiliter
1390 1260 1516 1297 maius
1554 1262 1723 1298 lucrum.

417 1320 493 1355 Sed
535 1332 603 1367 per
642 1318 875 1366 filargiriam
916 1318 1012 1354 fides
1056 1318 1201 1355 titubat
1234 1318 1274 1354 in
1307 1320 1380 1355 hac
1413 1328 1525 1366 parte
1569 1319 1723 1367 ydiota:

417 1378 523 1425 quod
570 1386 647 1413 stat
698 1376 737 1412 in
781 1389 898 1413 sensu
943 1377 1154 1425 scripture,
1200 1390 1287 1412 cum
1338 1379 1442 1413 Luce
1481 1379 1636 1423 XXIV‘Q,
1671 1379 1720 1423 45

416 1434 622 1471 scribitur:
668 1435 787 1470 Dedit
823 1435 900 1470 illis
931 1447 1081 1470 sensnm
1123 1443 1161 1470 ut
1200 1434 1459 1486 intelligerent
1496 1436 1725 1485 scrzpturas,

417 1502 453 1529 et
485 1494 661 1529 secundo
695 1492 734 1528 in
767 1492 1000 1529 fortitudine
1034 1493 1313 1541 perseverandi
1348 1493 1387 1529 in
1410 1493 1478 1530 tali
1504 1493 1724 1530 ministerio

416 1563 535 1599 quam
572 1551 698 1587 eciam
733 1551 864 1598 sepius
898 1550 974 1587 illis
1010 1551 1131 1588 dedit.

473 1610 576 1645 Tota
626 1618 758 1645 autem
812 1608 1060 1646 ministracio
1111 1609 1323 1646 laudabilis
1368 1609 1406 1645 in
1450 1610 1725 1646 sacerdotibus

416 1676 493 1703 stat
527 1667 565 1703 in
600 1668 674 1703 hoc
707 1669 814 1715 quod
848 1667 1042 1704 instanter
1070 1677 1213 1704 vocant
1247 1681 1286 1704 se
1320 1668 1427 1715 ipsos
1461 1677 1496 1703 et
1530 1669 1723 1716 populum

416 1726 464 1761 ad
499 1738 637 1761 cenam
671 1725 929 1761 novissimam
953 1728 1043 1762 Jesu
1068 1725 1216 1761 Christi
1249 1728 1305 1770 (ut
1330 1734 1437 1773 patet
1463 1728 1566 1762 Luce
1589 1727 1724 1771 X1V0).
1743 1752 1757 1758 -

416 1784 529 1819 Unde
562 1783 664 1819 inter
692 1796 831 1819 omnes
865 1784 1001 1831 culpas
1035 1783 1168 1820 clerici
1192 1783 1347 1820 videtur
1371 1784 1466 1819 mihi
1500 1784 1608 1821 illam
1643 1797 1725 1821 esse

416 1841 541 1888 magis
580 1841 880 1889 dampnabilem
922 1854 997 1890 que
1036 1855 1115 1877 non
1156 1841 1228 1877 rite
1268 1841 1406 1889 implet
1447 1842 1623 1878 officium
1669 1843 1724 1879 sic

413 1898 602 1942 vocandi3
636 1912 728 1936 nam
763 1900 861 1936 tales
894 1909 984 1936 sunt
1019 1909 1058 1935 ut
1092 1899 1147 1936 sic
1180 1901 1311 1947 quoad
1346 1901 1539 1936 honorem
1564 1900 1723 1937 Domini

414 1956 679 1993 infidelissimi
705 1966 742 1994 et
758 1959 890 2005 quoad
916 1957 1131 1994 utilitatem
1154 1967 1387 1994 vocatorum
1413 1958 1722 1995 sceleratissimi.

414 2014 453 2051 Si
488 2015 592 2050 enim
629 2015 701 2051 rite
735 2017 917 2051 vocando
951 2016 1132 2051 subditos
1168 2015 1355 2052 invitatos
1389 2017 1528 2052 darent
1563 2018 1610 2052 ad
1647 2018 1721 2054 hoc

415 2072 606 2108 maiorem
642 2086 820 2120 operam,
856 2083 949 2109 tunc
982 2074 1111 2110 forent
1146 2074 1232 2121 plus
1272 2087 1344 2121 pro
1378 2075 1528 2110 honore
1563 2075 1723 2111 Domini

414 2139 449 2166 et
475 2143 548 2178 pro
573 2131 743 2166 utilitate
766 2131 895 2167 vocati
921 2140 957 2167 et
983 2145 1051 2179 per
1075 2145 1322 2180 consequens
1345 2133 1432 2180 plus
1456 2146 1528 2180 pro
1552 2146 1723 2180 persona

414 2188 577 2235 propria
624 2197 917 2236 promerentem
964 2199 1000 2225 et
1048 2191 1105 2229 (ut
1151 2203 1243 2237 sepe
1288 2189 1380 2234 dixi)
1427 2200 1483 2226 est
1527 2191 1566 2226 in
1612 2200 1723 2238 parte

413 2246 604 2282 indicium
650 2248 697 2282 de
743 2246 819 2282 illis
865 2246 931 2295 qui
979 2247 1143 2284 dimissa
1188 2248 1271 2295 lege
1313 2248 1473 2284 Domini
1515 2249 1723 2296 predicant

414 2304 624 2340 mendacia
667 2303 747 2341 sive
785 2304 953 2341 ludicria
993 2306 1051 2341 vel
1097 2314 1250 2353 ponunt
1296 2305 1333 2341 in
1378 2306 1722 2353 evangelizacione

412 2362 665 2408 instanciam,
725 2362 1070 2399 mendicacionem
1123 2364 1183 2399 vel
1227 2364 1382 2400 lucrum
1436 2365 1719 2412 temporalium

412 2419 737 2465 commiscentes3
778 2420 844 2456 illa
885 2421 989 2456 enim
1030 2421 1372 2458 ministracionem
1420 2422 1718 2470 predicancium

411 2477 590 2513 inficiunt
629 2487 666 2514 et
706 2478 1057 2515 conversacionem
1098 2479 1235 2527 populi
1270 2479 1435 2516 subiecti
1470 2493 1561 2528 sepe
1595 2490 1717 2517 retar-

411 2537 518 2571 dant.
564 2535 674 2572 Sicut
712 2544 845 2572 autem
886 2537 1058 2584 populus
1098 2538 1213 2573 debet
1252 2550 1364 2574 servo
1404 2540 1509 2574 bono
1542 2548 1578 2574 et
1612 2539 1717 2575 fideli

1747 868 1784 890 10

1747 1147 1782 1178 15

1741 2018 1781 2048 30

1741 2307 1778 2339 35

410 2592 449 2628 in
482 2592 565 2629 istis
596 2595 770 2635 credere,
804 2593 859 2630 sic
888 2594 1135 2642 pigrescente
1168 2608 1280 2632 servo
1313 2595 1352 2631 in
1387 2597 1461 2632 hoc
1495 2596 1717 2634 ministerio
1732 2608 1776 2638 40

479 2734 510 2753 11.
531 2726 615 2754 Joh.:
638 2728 775 2762 sequitur
796 2729 911 2755 lacuna.
986 2737 1031 2756 20.
1048 2729 1151 2757 Recte:
1174 2731 1305 2765 Aperuit
1326 2731 1395 2758 illis.
1472 2730 1509 2758 31.
1526 2730 1620 2757 Cod.:
1645 2735 1715 2758 tunc

408 2761 498 2788 forte.
572 2760 614 2789 33.
637 2760 731 2789 Cod.:
760 2762 802 2790 sie
823 2771 893 2797 sepe
914 2763 986 2791 dixi.
1060 2763 1103 2800 37.
1126 2764 1219 2792 Cocl.:
1248 2765 1471 2800 predicantum.

482 2854 507 2875 x.
534 2843 612 2876 Joh.
639 2844 662 2885 Ι,
691 2855 743 2888 29.
858 2844 890 2887 8,
916 2855 947 2888 9.
975 2846 1013 2878 ΙΙ.
1041 2846 1121 2878 Cor.
1150 2846 1202 2887 ΙΙΙ,
1229 2845 1260 2878 6.
1381 2858 1429 2880 12.
1455 2847 1533 2880 Joh.
1560 2848 1631 2888 XII,
1660 2847 1712 2880 26.
