<?xml version="1.0" encoding="UTF-8"?>
<!DOCTYPE html PUBLIC "-//W3C//DTD XHTML 1.0 Transitional//EN"
    "http://www.w3.org/TR/xhtml1/DTD/xhtml1-transitional.dtd">
<html xmlns="http://www.w3.org/1999/xhtml" xml:lang="en" lang="en">
 <head>
  <title>
</title>
<meta http-equiv="Content-Type" content="text/html;charset=utf-8" />
  <meta name='ocr-system' content='tesseract 3.04.00' />
  <meta name='ocr-capabilities' content='ocr_page ocr_carea ocr_par ocr_line ocrx_word'/>
</head>
<body>
  <div class='ocr_page' id='page_1' title='image "./iohanniswyclifse0703wycl_0276.png"; bbox 0 0 1944 3323; ppageno 0'>
   <div class='ocr_carea' id='block_1_1' title="bbox 167 1574 406 1774">
    <p class='ocr_par' dir='ltr' id='par_1_1' title="bbox 167 1574 406 1774">
     <span class='ocr_line' id='line_1_1' title="bbox 168 1574 403 1607; baseline 0 -8"><span class='ocrx_word' id='word_1_1' title='bbox 168 1584 195 1607; x_wconf 55' lang='lat'>4,</span> <span class='ocrx_word' id='word_1_2' title='bbox 218 1574 262 1601; x_wconf 71' lang='lat' dir='ltr'>He</span> <span class='ocrx_word' id='word_1_3' title='bbox 283 1574 367 1607; x_wconf 68' lang='lat' dir='ltr'>gives</span> <span class='ocrx_word' id='word_1_4' title='bbox 388 1583 403 1599; x_wconf 69' lang='lat' dir='ltr'>a</span> 
     </span>
     <span class='ocr_line' id='line_1_2' title="bbox 234 1609 343 1635; baseline -0.009 0"><span class='ocrx_word' id='word_1_5' title='bbox 234 1609 343 1635; x_wconf 74' lang='lat' dir='ltr'>foolish</span> 
     </span>
     <span class='ocr_line' id='line_1_3' title="bbox 167 1643 406 1677; baseline -0.004 -7"><span class='ocrx_word' id='word_1_6' title='bbox 167 1649 327 1677; x_wconf 75' lang='lat' dir='ltr'>argument</span> <span class='ocrx_word' id='word_1_7' title='bbox 348 1643 406 1669; x_wconf 80' lang='lat' dir='ltr'>and</span> 
     </span>
     <span class='ocr_line' id='line_1_4' title="bbox 210 1678 367 1705; baseline -0.006 0"><span class='ocrx_word' id='word_1_8' title='bbox 210 1687 280 1705; x_wconf 57' lang='lat' dir='ltr'>sav&lt;</span> <span class='ocrx_word' id='word_1_9' title='bbox 301 1678 322 1705; x_wconf 91' lang='lat' dir='ltr'>it</span> <span class='ocrx_word' id='word_1_10' title='bbox 344 1678 367 1704; x_wconf 66' lang='lat' dir='ltr'>is</span> 
     </span>
     <span class='ocr_line' id='line_1_5' title="bbox 181 1710 391 1740; baseline 0 -1"><span class='ocrx_word' id='word_1_11' title='bbox 181 1710 332 1740; x_wconf 64' lang='lat' dir='ltr'>modellcd</span> <span class='ocrx_word' id='word_1_12' title='bbox 354 1721 391 1739; x_wconf 84' lang='lat' dir='ltr'>on</span> 
     </span>
     <span class='ocr_line' id='line_1_6' title="bbox 245 1748 334 1774; baseline -0.011 0"><span class='ocrx_word' id='word_1_13' title='bbox 245 1748 334 1774; x_wconf 82' lang='lat' dir='ltr'>mine.</span> 
     </span>
    </p>
   </div>
   <div class='ocr_carea' id='block_1_2' title="bbox 164 1863 412 1967">
    <p class='ocr_par' dir='ltr' id='par_1_2' title="bbox 164 1863 412 1967">
     <span class='ocr_line' id='line_1_7' title="bbox 164 1863 412 1895; baseline -0.004 -5"><span class='ocrx_word' id='word_1_14' title='bbox 164 1863 229 1890; x_wconf 82' lang='lat' dir='ltr'>The</span> <span class='ocrx_word' id='word_1_15' title='bbox 251 1864 311 1895; x_wconf 61' lang='lat' dir='ltr'>dot,r</span> <span class='ocrx_word' id='word_1_16' title='bbox 331 1864 378 1889; x_wconf 65' lang='lat' dir='ltr'>sor</span> <span class='ocrx_word' id='word_1_17' title='bbox 399 1872 412 1889; x_wconf 70' lang='grc' dir='ltr'>ιι</span> 
     </span>
     <span class='ocr_line' id='line_1_8' title="bbox 170 1899 411 1931; baseline 0 -7"><span class='ocrx_word' id='word_1_18' title='bbox 170 1899 259 1924; x_wconf 77' lang='lat' dir='ltr'>while</span> <span class='ocrx_word' id='word_1_19' title='bbox 279 1899 411 1931; x_wconf 65' lang='lat' dir='ltr'>changes</span> 
     </span>
     <span class='ocr_line' id='line_1_9' title="bbox 182 1934 389 1967; baseline -0.005 -8"><span class='ocrx_word' id='word_1_20' title='bbox 182 1934 244 1959; x_wconf 81' lang='lat' dir='ltr'>into</span> <span class='ocrx_word' id='word_1_21' title='bbox 265 1941 300 1959; x_wconf 79' lang='lat' dir='ltr'>an</span> <span class='ocrx_word' id='word_1_22' title='bbox 324 1941 389 1967; x_wconf 73' lang='lat' dir='ltr'>ape.</span> 
     </span>
    </p>
   </div>
   <div class='ocr_carea' id='block_1_3' title="bbox 730 232 1742 290">
    <p class='ocr_par' dir='ltr' id='par_1_3' title="bbox 730 232 1742 290">
     <span class='ocr_line' id='line_1_10' title="bbox 730 232 1742 290; baseline -0.003 -12"><span class='ocrx_word' id='word_1_23' title='bbox 730 247 951 279; x_wconf 82' lang='lat' dir='ltr'>JOHANNIS</span> <span class='ocrx_word' id='word_1_24' title='bbox 972 247 1153 279; x_wconf 83' lang='lat' dir='ltr'>WYCLIF</span> <span class='ocrx_word' id='word_1_25' title='bbox 1172 246 1426 279; x_wconf 83' lang='lat' dir='ltr'>SERMONUM</span> <span class='ocrx_word' id='word_1_26' title='bbox 1461 232 1614 290; x_wconf 80' lang='lat' dir='ltr'>[SERMO</span> <span class='ocrx_word' id='word_1_27' title='bbox 1635 242 1742 271; x_wconf 78' lang='lat' dir='ltr'>XXXI-</span> 
     </span>
    </p>
   </div>
   <div class='ocr_carea' id='block_1_4' title="bbox 434 352 1810 2423">
    <p class='ocr_par' dir='ltr' id='par_1_4' title="bbox 434 352 1809 1557">
     <span class='ocr_line' id='line_1_11' title="bbox 434 352 1742 401; baseline -0.001 -12"><span class='ocrx_word' id='word_1_28' title='bbox 434 353 699 401; x_wconf 84' lang='lat' dir='ltr'>Augustinum</span> <span class='ocrx_word' id='word_1_29' title='bbox 738 352 772 388; x_wconf 77' lang='lat' dir='ltr'>si</span> <span class='ocrx_word' id='word_1_30' title='bbox 807 353 935 401; x_wconf 84' lang='lat' dir='ltr'>aliqua</span> <span class='ocrx_word' id='word_1_31' title='bbox 973 353 1021 389; x_wconf 75' lang='lat' dir='ltr'>sit</span> <span class='ocrx_word' id='word_1_32' title='bbox 1066 353 1221 399; x_wconf 73' lang='lat' dir='ltr'>veritas,</span> <span class='ocrx_word' id='word_1_33' title='bbox 1265 353 1300 388; x_wconf 86' lang='lat' dir='ltr'>in</span> <span class='ocrx_word' id='word_1_34' title='bbox 1341 353 1412 388; x_wconf 79' lang='lat' dir='ltr'>hac</span> <span class='ocrx_word' id='word_1_35' title='bbox 1451 353 1648 401; x_wconf 80' lang='lat' dir='ltr'>scriptura</span> <span class='ocrx_word' id='word_1_36' title='bbox 1687 353 1742 388; x_wconf 87' lang='lat' dir='ltr'>in-</span> 
     </span>
     <span class='ocr_line' id='line_1_12' title="bbox 436 410 1742 458; baseline -0.001 -11"><span class='ocrx_word' id='word_1_37' title='bbox 436 413 595 447; x_wconf 78' lang='lat' dir='ltr'>venitur.</span> <span class='ocrx_word' id='word_1_38' title='bbox 631 413 678 446; x_wconf 83' lang='lat' dir='ltr'>Et</span> <span class='ocrx_word' id='word_1_39' title='bbox 710 410 784 446; x_wconf 87' lang='lat' dir='ltr'>ista</span> <span class='ocrx_word' id='word_1_40' title='bbox 817 419 874 446; x_wconf 88' lang='lat' dir='ltr'>est</span> <span class='ocrx_word' id='word_1_41' title='bbox 906 410 1108 447; x_wconf 80' lang='lat' dir='ltr'>sentencia</span> <span class='ocrx_word' id='word_1_42' title='bbox 1130 410 1313 458; x_wconf 85' lang='lat' dir='ltr'>Apostoli</span> <span class='ocrx_word' id='word_1_43' title='bbox 1346 411 1397 447; x_wconf 87' lang='lat' dir='ltr'>ad</span> <span class='ocrx_word' id='word_1_44' title='bbox 1430 411 1591 447; x_wconf 82' lang='lat' dir='ltr'>Galatas</span> <span class='ocrx_word' id='word_1_45' title='bbox 1625 413 1673 456; x_wconf 87' lang='lat'>10,</span> <span class='ocrx_word' id='word_1_46' title='bbox 1699 411 1742 446; x_wconf 87' lang='lat'>8:</span> 
     </span>
     <span class='ocr_line' id='line_1_13' title="bbox 435 468 1745 521; baseline -0.002 -17"><span class='ocrx_word' id='word_1_47' title='bbox 435 470 478 504; x_wconf 84' lang='lat' dir='ltr'>Si</span> <span class='ocrx_word' id='word_1_48' title='bbox 497 470 579 518; x_wconf 78' lang='lat' dir='ltr'>quis</span> <span class='ocrx_word' id='word_1_49' title='bbox 612 468 715 504; x_wconf 79' lang='lat' dir='ltr'>vobis</span> <span class='ocrx_word' id='word_1_50' title='bbox 747 468 854 503; x_wconf 81' lang='lat' dir='ltr'>aliud</span> <span class='ocrx_word' id='word_1_51' title='bbox 886 468 1213 521; x_wconf 46' lang='lat' dir='ltr'>evangelizaverit</span> <span class='ocrx_word' id='word_1_52' title='bbox 1245 481 1356 517; x_wconf 80' lang='lat' dir='ltr'>quam</span> <span class='ocrx_word' id='word_1_53' title='bbox 1390 468 1745 518; x_wconf 50' lang='lat' dir='ltr'>evangelizavimus</span> 
     </span>
     <span class='ocr_line' id='line_1_14' title="bbox 436 525 1744 575; baseline -0.001 -14"><span class='ocrx_word' id='word_1_54' title='bbox 436 527 552 573; x_wconf 73' lang='lat' dir='ltr'>vohis,</span> <span class='ocrx_word' id='word_1_55' title='bbox 596 526 714 562; x_wconf 82' lang='lat' dir='ltr'>eciam</span> <span class='ocrx_word' id='word_1_56' title='bbox 759 526 795 562; x_wconf 82' lang='lat' dir='ltr'>si</span> <span class='ocrx_word' id='word_1_57' title='bbox 827 526 875 561; x_wconf 80' lang='lat' dir='ltr'>sil</span> <span class='ocrx_word' id='word_1_58' title='bbox 913 525 1076 575; x_wconf 77' lang='lat' dir='ltr'><em>angelus</em></span> <span class='ocrx_word' id='word_1_59' title='bbox 1114 527 1160 562; x_wconf 82' lang='lat' dir='ltr'>de</span> <span class='ocrx_word' id='word_1_60' title='bbox 1197 527 1290 573; x_wconf 84' lang='lat' dir='ltr'>celo,</span> <span class='ocrx_word' id='word_1_61' title='bbox 1329 527 1532 562; x_wconf 75' lang='lat' dir='ltr'>anathema</span> <span class='ocrx_word' id='word_1_62' title='bbox 1571 526 1639 571; x_wconf 75' lang='lat' dir='ltr'>sil;</span> <span class='ocrx_word' id='word_1_63' title='bbox 1678 525 1744 561; x_wconf 88' lang='lat' dir='ltr'>ubi</span> 
     </span>
     <span class='ocr_line' id='line_1_15' title="bbox 436 583 1778 632; baseline 0 -13"><span class='ocrx_word' id='word_1_64' title='bbox 436 593 543 632; x_wconf 81' lang='lat' dir='ltr'>patet</span> <span class='ocrx_word' id='word_1_65' title='bbox 559 585 666 631; x_wconf 88' lang='lat' dir='ltr'>quod</span> <span class='ocrx_word' id='word_1_66' title='bbox 681 583 898 631; x_wconf 80' lang='lat' dir='ltr'>Apostolus</span> <span class='ocrx_word' id='word_1_67' title='bbox 922 583 1112 631; x_wconf 88' lang='lat' dir='ltr'>supponit</span> <span class='ocrx_word' id='word_1_68' title='bbox 1127 583 1375 632; x_wconf 84' lang='lat' dir='ltr'>evangelium</span> <span class='ocrx_word' id='word_1_69' title='bbox 1401 597 1516 620; x_wconf 88' lang='lat' dir='ltr'>suum</span> <span class='ocrx_word' id='word_1_70' title='bbox 1541 583 1745 620; x_wconf 85' lang='lat' dir='ltr'>includere</span> <span class='ocrx_word' id='word_1_71' title='bbox 1763 588 1778 619; x_wconf 80' lang='lat'><strong>5</strong></span> 
     </span>
     <span class='ocr_line' id='line_1_16' title="bbox 436 640 1745 690; baseline 0 -13"><span class='ocrx_word' id='word_1_72' title='bbox 436 642 618 690; x_wconf 77' lang='lat' dir='ltr'>explicite</span> <span class='ocrx_word' id='word_1_73' title='bbox 649 642 710 677; x_wconf 90' lang='lat' dir='ltr'>vel</span> <span class='ocrx_word' id='word_1_74' title='bbox 742 640 937 689; x_wconf 82' lang='lat' dir='ltr'>implicite</span> <span class='ocrx_word' id='word_1_75' title='bbox 975 640 1152 689; x_wconf 84' lang='lat' dir='ltr'>singulas</span> <span class='ocrx_word' id='word_1_76' title='bbox 1183 641 1382 678; x_wconf 82' lang='lat' dir='ltr'>veritates.</span> <span class='ocrx_word' id='word_1_77' title='bbox 1429 642 1615 678; x_wconf 87' lang='lat' dir='ltr'>Secundo</span> <span class='ocrx_word' id='word_1_78' title='bbox 1654 654 1745 689; x_wconf 86' lang='lat' dir='ltr'>sup-</span> 
     </span>
     <span class='ocr_line' id='line_1_17' title="bbox 436 698 1745 747; baseline 0 -12"><span class='ocrx_word' id='word_1_79' title='bbox 436 699 549 747; x_wconf 88' lang='lat' dir='ltr'>ponit</span> <span class='ocrx_word' id='word_1_80' title='bbox 587 700 695 747; x_wconf 89' lang='lat' dir='ltr'>quod</span> <span class='ocrx_word' id='word_1_81' title='bbox 734 699 765 735; x_wconf 90' lang='lat' dir='ltr'>si</span> <span class='ocrx_word' id='word_1_82' title='bbox 805 698 1018 747; x_wconf 85' lang='lat' dir='ltr'>quisquam</span> <span class='ocrx_word' id='word_1_83' title='bbox 1060 699 1304 746; x_wconf 87' lang='lat' dir='ltr'>evangelizat</span> <span class='ocrx_word' id='word_1_84' title='bbox 1350 700 1457 736; x_wconf 87' lang='lat' dir='ltr'>aliud</span> <span class='ocrx_word' id='word_1_85' title='bbox 1497 712 1616 747; x_wconf 86' lang='lat' dir='ltr'>quam</span> <span class='ocrx_word' id='word_1_86' title='bbox 1662 698 1745 747; x_wconf 87' lang='lat' dir='ltr'>ipse</span> 
     </span>
     <span class='ocr_line' id='line_1_18' title="bbox 436 756 1745 805; baseline -0.001 -11"><span class='ocrx_word' id='word_1_87' title='bbox 436 756 720 805; x_wconf 79' lang='lat' dir='ltr'>evangelizavit</span> <span class='ocrx_word' id='word_1_88' title='bbox 770 756 951 804; x_wconf 77' lang='lat' dir='ltr'>explicite</span> <span class='ocrx_word' id='word_1_89' title='bbox 995 757 1055 792; x_wconf 89' lang='lat' dir='ltr'>vel</span> <span class='ocrx_word' id='word_1_90' title='bbox 1106 756 1313 804; x_wconf 84' lang='lat' dir='ltr'>implicite,</span> <span class='ocrx_word' id='word_1_91' title='bbox 1365 766 1459 793; x_wconf 88' lang='lat' dir='ltr'>tunc</span> <span class='ocrx_word' id='word_1_92' title='bbox 1504 757 1745 805; x_wconf 84' lang='lat' dir='ltr'>evangelizat</span> 
     </span>
     <span class='ocr_line' id='line_1_19' title="bbox 436 814 1745 863; baseline -0.001 -12"><span class='ocrx_word' id='word_1_93' title='bbox 436 827 612 851; x_wconf 83' lang='lat' dir='ltr'>errorem</span> <span class='ocrx_word' id='word_1_94' title='bbox 647 823 684 851; x_wconf 92' lang='lat' dir='ltr'>et</span> <span class='ocrx_word' id='word_1_95' title='bbox 717 814 903 850; x_wconf 86' lang='lat' dir='ltr'>heresim.</span> <span class='ocrx_word' id='word_1_96' title='bbox 936 816 985 850; x_wconf 87' lang='lat' dir='ltr'>Et</span> <span class='ocrx_word' id='word_1_97' title='bbox 1008 814 1125 850; x_wconf 87' lang='lat' dir='ltr'>istam</span> <span class='ocrx_word' id='word_1_98' title='bbox 1150 814 1268 851; x_wconf 88' lang='lat' dir='ltr'>fidem</span> <span class='ocrx_word' id='word_1_99' title='bbox 1292 814 1467 851; x_wconf 79' lang='lat' dir='ltr'>adiceret</span> <span class='ocrx_word' id='word_1_100' title='bbox 1491 815 1599 851; x_wconf 86' lang='lat' dir='ltr'>canis</span> <span class='ocrx_word' id='word_1_101' title='bbox 1622 815 1745 863; x_wconf 83' lang='lat' dir='ltr'>niger,</span> 
     </span>
     <span class='ocr_line' id='line_1_20' title="bbox 437 871 1805 921; baseline 0.001 -13"><span class='ocrx_word' id='word_1_102' title='bbox 437 882 653 921; x_wconf 81' lang='lat' dir='ltr'>antequam</span> <span class='ocrx_word' id='word_1_103' title='bbox 695 872 897 920; x_wconf 87' lang='lat' dir='ltr'>superflue</span> <span class='ocrx_word' id='word_1_104' title='bbox 936 880 973 908; x_wconf 91' lang='lat' dir='ltr'>et</span> <span class='ocrx_word' id='word_1_105' title='bbox 1005 871 1180 919; x_wconf 88' lang='lat' dir='ltr'>ydiotice</span> <span class='ocrx_word' id='word_1_106' title='bbox 1219 872 1508 920; x_wconf 87' lang='lat' dir='ltr'>multiplicaret</span> <span class='ocrx_word' id='word_1_107' title='bbox 1547 873 1646 909; x_wconf 85' lang='lat' dir='ltr'>tales</span> <span class='ocrx_word' id='word_1_108' title='bbox 1685 885 1805 909; x_wconf 87' lang='lat' dir='ltr'>ar-1o</span> 
     </span>
     <span class='ocr_line' id='line_1_21' title="bbox 436 929 1745 978; baseline -0.001 -11"><span class='ocrx_word' id='word_1_109' title='bbox 436 930 583 978; x_wconf 82' lang='lat' dir='ltr'>gucias.</span> <span class='ocrx_word' id='word_1_110' title='bbox 618 932 700 978; x_wconf 87' lang='lat' dir='ltr'>Ego</span> <span class='ocrx_word' id='word_1_111' title='bbox 734 938 867 966; x_wconf 85' lang='lat' dir='ltr'>autern</span> <span class='ocrx_word' id='word_1_112' title='bbox 901 938 1116 978; x_wconf 87' lang='lat' dir='ltr'>protestor,</span> <span class='ocrx_word' id='word_1_113' title='bbox 1150 929 1251 966; x_wconf 89' lang='lat' dir='ltr'>sicut</span> <span class='ocrx_word' id='word_1_114' title='bbox 1283 942 1376 978; x_wconf 88' lang='lat' dir='ltr'>sepe</span> <span class='ocrx_word' id='word_1_115' title='bbox 1409 930 1612 966; x_wconf 88' lang='lat' dir='ltr'>confessus</span> <span class='ocrx_word' id='word_1_116' title='bbox 1645 943 1745 975; x_wconf 89' lang='lat' dir='ltr'>sum,</span> 
     </span>
     <span class='ocr_line' id='line_1_22' title="bbox 437 987 1748 1037; baseline 0 -13"><span class='ocrx_word' id='word_1_117' title='bbox 437 990 544 1037; x_wconf 86' lang='lat' dir='ltr'>quod</span> <span class='ocrx_word' id='word_1_118' title='bbox 583 988 614 1024; x_wconf 91' lang='lat' dir='ltr'>si</span> <span class='ocrx_word' id='word_1_119' title='bbox 654 987 875 1037; x_wconf 85' lang='lat' dir='ltr'>quidquam</span> <span class='ocrx_word' id='word_1_120' title='bbox 915 987 1116 1036; x_wconf 85' lang='lat' dir='ltr'>scripsero</span> <span class='ocrx_word' id='word_1_121' title='bbox 1154 989 1215 1024; x_wconf 93' lang='lat' dir='ltr'>vel</span> <span class='ocrx_word' id='word_1_122' title='bbox 1255 987 1390 1024; x_wconf 87' lang='lat' dir='ltr'>dixero</span> <span class='ocrx_word' id='word_1_123' title='bbox 1429 988 1467 1023; x_wconf 88' lang='lat' dir='ltr'>in</span> <span class='ocrx_word' id='word_1_124' title='bbox 1508 1000 1748 1037; x_wconf 89' lang='lat' dir='ltr'>quacunque</span> 
     </span>
     <span class='ocr_line' id='line_1_23' title="bbox 436 1045 1749 1094; baseline -0.002 -11"><span class='ocrx_word' id='word_1_125' title='bbox 436 1046 622 1093; x_wconf 88' lang='lat' dir='ltr'>sciencia,</span> <span class='ocrx_word' id='word_1_126' title='bbox 667 1047 774 1094; x_wconf 90' lang='lat' dir='ltr'>quod</span> <span class='ocrx_word' id='word_1_127' title='bbox 817 1058 899 1082; x_wconf 88' lang='lat' dir='ltr'>non</span> <span class='ocrx_word' id='word_1_128' title='bbox 948 1046 998 1081; x_wconf 93' lang='lat' dir='ltr'>sit</span> <span class='ocrx_word' id='word_1_129' title='bbox 1048 1045 1252 1082; x_wconf 86' lang='lat' dir='ltr'>fundabile</span> <span class='ocrx_word' id='word_1_130' title='bbox 1302 1046 1341 1081; x_wconf 91' lang='lat' dir='ltr'>in</span> <span class='ocrx_word' id='word_1_131' title='bbox 1394 1045 1606 1093; x_wconf 85' lang='lat' dir='ltr'>scriptura,</span> <span class='ocrx_word' id='word_1_132' title='bbox 1651 1046 1749 1082; x_wconf 87' lang='lat' dir='ltr'>illud</span> 
     </span>
     <span class='ocr_line' id='line_1_24' title="bbox 437 1104 1750 1151; baseline 0 -11"><span class='ocrx_word' id='word_1_133' title='bbox 437 1105 617 1140; x_wconf 85' lang='lat' dir='ltr'>dolenter</span> <span class='ocrx_word' id='word_1_134' title='bbox 640 1116 798 1149; x_wconf 86' lang='lat' dir='ltr'>revoco,</span> <span class='ocrx_word' id='word_1_135' title='bbox 833 1104 1027 1140; x_wconf 84' lang='lat' dir='ltr'>confitens</span> <span class='ocrx_word' id='word_1_136' title='bbox 1050 1105 1157 1151; x_wconf 91' lang='lat' dir='ltr'>quod</span> <span class='ocrx_word' id='word_1_137' title='bbox 1189 1116 1282 1151; x_wconf 92' lang='lat' dir='ltr'>sepe</span> <span class='ocrx_word' id='word_1_138' title='bbox 1315 1116 1558 1149; x_wconf 80' lang='lat' dir='ltr'>erraveram3</span> <span class='ocrx_word' id='word_1_139' title='bbox 1593 1112 1630 1140; x_wconf 91' lang='lat' dir='ltr'>et</span> <span class='ocrx_word' id='word_1_140' title='bbox 1652 1116 1750 1151; x_wconf 82' lang='lat' dir='ltr'>rogo</span> 
     </span>
     <span class='ocr_line' id='line_1_25' title="bbox 438 1161 1805 1210; baseline 0 -12"><span class='ocrx_word' id='word_1_141' title='bbox 438 1171 478 1198; x_wconf 86' lang='lat' dir='ltr'>ut</span> <span class='ocrx_word' id='word_1_142' title='bbox 522 1162 689 1199; x_wconf 89' lang='lat' dir='ltr'>ecclesia</span> <span class='ocrx_word' id='word_1_143' title='bbox 733 1161 830 1197; x_wconf 88' lang='lat' dir='ltr'>illud</span> <span class='ocrx_word' id='word_1_144' title='bbox 869 1163 1014 1197; x_wconf 85' lang='lat' dir='ltr'>habeat</span> <span class='ocrx_word' id='word_1_145' title='bbox 1053 1170 1094 1197; x_wconf 91' lang='lat' dir='ltr'>ut</span> <span class='ocrx_word' id='word_1_146' title='bbox 1135 1173 1331 1206; x_wconf 68' lang='lat' dir='ltr'>errorem,</span> <span class='ocrx_word' id='word_1_147' title='bbox 1371 1163 1439 1197; x_wconf 90' lang='lat' dir='ltr'>sed</span> <span class='ocrx_word' id='word_1_148' title='bbox 1483 1163 1602 1198; x_wconf 90' lang='lat' dir='ltr'>credo</span> <span class='ocrx_word' id='word_1_149' title='bbox 1642 1163 1805 1210; x_wconf 69' lang='lat' dir='ltr'>quodi}</span> 
     </span>
     <span class='ocr_line' id='line_1_26' title="bbox 437 1219 1749 1267; baseline -0.001 -11"><span class='ocrx_word' id='word_1_150' title='bbox 437 1232 508 1256; x_wconf 89' lang='lat' dir='ltr'>nec</span> <span class='ocrx_word' id='word_1_151' title='bbox 547 1220 586 1255; x_wconf 89' lang='lat' dir='ltr'>in</span> <span class='ocrx_word' id='word_1_152' title='bbox 624 1219 753 1267; x_wconf 83' lang='lat' dir='ltr'>logica</span> <span class='ocrx_word' id='word_1_153' title='bbox 792 1231 865 1255; x_wconf 90' lang='lat' dir='ltr'>nec</span> <span class='ocrx_word' id='word_1_154' title='bbox 897 1219 937 1255; x_wconf 92' lang='lat' dir='ltr'>in</span> <span class='ocrx_word' id='word_1_155' title='bbox 969 1219 1225 1267; x_wconf 86' lang='lat' dir='ltr'>philosophia</span> <span class='ocrx_word' id='word_1_156' title='bbox 1258 1232 1330 1255; x_wconf 89' lang='lat' dir='ltr'>nec</span> <span class='ocrx_word' id='word_1_157' title='bbox 1362 1219 1564 1267; x_wconf 80' lang='lat' dir='ltr'>theologia</span> <span class='ocrx_word' id='word_1_158' title='bbox 1597 1220 1749 1256; x_wconf 87' lang='lat' dir='ltr'>tociens</span> 
     </span>
     <span class='ocr_line' id='line_1_27' title="bbox 436 1277 1749 1325; baseline 0 -12"><span class='ocrx_word' id='word_1_159' title='bbox 436 1277 739 1314; x_wconf 84' lang='lat' dir='ltr'>infundabiliter</span> <span class='ocrx_word' id='word_1_160' title='bbox 783 1289 1011 1313; x_wconf 87' lang='lat' dir='ltr'>erraveram</span> <span class='ocrx_word' id='word_1_161' title='bbox 1050 1289 1071 1313; x_wconf 86' lang='lat' dir='ltr'>a</span> <span class='ocrx_word' id='word_1_162' title='bbox 1122 1277 1335 1325; x_wconf 86' lang='lat' dir='ltr'>scriptura,</span> <span class='ocrx_word' id='word_1_163' title='bbox 1389 1277 1492 1313; x_wconf 89' lang='lat' dir='ltr'>sicut</span> <span class='ocrx_word' id='word_1_164' title='bbox 1537 1277 1749 1325; x_wconf 83' lang='lat' dir='ltr'>religiones</span> 
     </span>
     <span class='ocr_line' id='line_1_28' title="bbox 437 1334 1748 1372; baseline -0.002 0"><span class='ocrx_word' id='word_1_165' title='bbox 437 1336 592 1372; x_wconf 90' lang='lat' dir='ltr'>novelle</span> <span class='ocrx_word' id='word_1_166' title='bbox 639 1335 679 1371; x_wconf 91' lang='lat' dir='ltr'>in</span> <span class='ocrx_word' id='word_1_167' title='bbox 716 1334 796 1371; x_wconf 90' lang='lat' dir='ltr'>suis</span> <span class='ocrx_word' id='word_1_168' title='bbox 835 1334 1191 1371; x_wconf 86' lang='lat' dir='ltr'>adinvencioni&#39;ous</span> <span class='ocrx_word' id='word_1_169' title='bbox 1231 1347 1276 1371; x_wconf 90' lang='lat' dir='ltr'>ac</span> <span class='ocrx_word' id='word_1_170' title='bbox 1322 1334 1463 1370; x_wconf 89' lang='lat' dir='ltr'>ritibus</span> <span class='ocrx_word' id='word_1_171' title='bbox 1504 1343 1748 1371; x_wconf 87' lang='lat' dir='ltr'>erraverunt.</span> 
     </span>
     <span class='ocr_line' id='line_1_29' title="bbox 440 1392 1771 1440; baseline -0.002 -10"><span class='ocrx_word' id='word_1_172' title='bbox 440 1395 530 1430; x_wconf 91' lang='lat' dir='ltr'>Ideo</span> <span class='ocrx_word' id='word_1_173' title='bbox 562 1394 704 1430; x_wconf 90' lang='lat' dir='ltr'>vellem</span> <span class='ocrx_word' id='word_1_174' title='bbox 738 1394 847 1440; x_wconf 89' lang='lat' dir='ltr'>quod</span> <span class='ocrx_word' id='word_1_175' title='bbox 885 1392 960 1440; x_wconf 89' lang='lat' dir='ltr'>ipsi</span> <span class='ocrx_word' id='word_1_176' title='bbox 1000 1393 1306 1440; x_wconf 85' lang='lat' dir='ltr'>supersederent</span> <span class='ocrx_word' id='word_1_177' title='bbox 1340 1394 1388 1428; x_wconf 89' lang='lat' dir='ltr'>ab</span> <span class='ocrx_word' id='word_1_178' title='bbox 1422 1392 1511 1438; x_wconf 89' lang='lat' dir='ltr'>illis,</span> <span class='ocrx_word' id='word_1_179' title='bbox 1545 1393 1647 1429; x_wconf 91' lang='lat' dir='ltr'>sicut</span> <span class='ocrx_word' id='word_1_180' title='bbox 1680 1405 1771 1440; x_wconf 87' lang='lat' dir='ltr'>ego-</span> 
     </span>
     <span class='ocr_line' id='line_1_30' title="bbox 439 1448 1809 1499; baseline 0 -12"><span class='ocrx_word' id='word_1_181' title='bbox 439 1464 622 1499; x_wconf 87' lang='lat' dir='ltr'>propono</span> <span class='ocrx_word' id='word_1_182' title='bbox 661 1448 921 1498; x_wconf 80' lang='lat' dir='ltr'>supersedere</span> <span class='ocrx_word' id='word_1_183' title='bbox 966 1451 1014 1486; x_wconf 89' lang='lat' dir='ltr'>ab</span> <span class='ocrx_word' id='word_1_184' title='bbox 1060 1449 1263 1486; x_wconf 89' lang='lat' dir='ltr'>erroribus</span> <span class='ocrx_word' id='word_1_185' title='bbox 1303 1450 1606 1498; x_wconf 85' lang='lat' dir='ltr'>philosophicis,</span> <span class='ocrx_word' id='word_1_186' title='bbox 1654 1463 1751 1498; x_wconf 90' lang='lat' dir='ltr'>quo-</span> <span class='ocrx_word' id='word_1_187' title='bbox 1769 1467 1809 1487; x_wconf 84' lang='lat'>20</span> 
     </span>
     <span class='ocr_line' id='line_1_31' title="bbox 439 1507 1307 1557; baseline -0.001 -12"><span class='ocrx_word' id='word_1_188' title='bbox 439 1521 564 1557; x_wconf 91' lang='lat' dir='ltr'>usque</span> <span class='ocrx_word' id='word_1_189' title='bbox 598 1508 705 1556; x_wconf 87' lang='lat' dir='ltr'>ipsos</span> <span class='ocrx_word' id='word_1_190' title='bbox 738 1507 992 1544; x_wconf 86' lang='lat' dir='ltr'>fundaverint</span> <span class='ocrx_word' id='word_1_191' title='bbox 1023 1507 1063 1544; x_wconf 86' lang='lat' dir='ltr'>in</span> <span class='ocrx_word' id='word_1_192' title='bbox 1096 1507 1307 1556; x_wconf 86' lang='lat' dir='ltr'>scriptura.</span> 
     </span>
    </p>

    <p class='ocr_par' dir='ltr' id='par_1_5' title="bbox 440 1565 1807 1843">
     <span class='ocr_line' id='line_1_32' title="bbox 499 1565 1752 1614; baseline -0.001 -12"><span class='ocrx_word' id='word_1_193' title='bbox 499 1568 652 1612; x_wconf 86' lang='lat' dir='ltr'>Quarto</span> <span class='ocrx_word' id='word_1_194' title='bbox 702 1565 850 1614; x_wconf 85' lang='lat' dir='ltr'>arguit:</span> <span class='ocrx_word' id='word_1_195' title='bbox 902 1567 1002 1602; x_wconf 90' lang='lat' dir='ltr'>Cum</span> <span class='ocrx_word' id='word_1_196' title='bbox 1049 1567 1154 1602; x_wconf 86' lang='lat' dir='ltr'>Deus</span> <span class='ocrx_word' id='word_1_197' title='bbox 1204 1578 1274 1614; x_wconf 85' lang='lat' dir='ltr'>per</span> <span class='ocrx_word' id='word_1_198' title='bbox 1328 1578 1367 1602; x_wconf 89' lang='lat' dir='ltr'>se</span> <span class='ocrx_word' id='word_1_199' title='bbox 1418 1565 1564 1602; x_wconf 83' lang='lat' dir='ltr'>sufficit</span> <span class='ocrx_word' id='word_1_200' title='bbox 1617 1578 1752 1602; x_wconf 88' lang='lat' dir='ltr'>creare</span> 
     </span>
     <span class='ocr_line' id='line_1_33' title="bbox 442 1623 1749 1672; baseline -0.001 -12"><span class='ocrx_word' id='word_1_201' title='bbox 442 1626 637 1660; x_wconf 86' lang='lat' dir='ltr'>mundum</span> <span class='ocrx_word' id='word_1_202' title='bbox 663 1632 699 1660; x_wconf 92' lang='lat' dir='ltr'>et</span> <span class='ocrx_word' id='word_1_203' title='bbox 721 1637 803 1660; x_wconf 88' lang='lat' dir='ltr'>non</span> <span class='ocrx_word' id='word_1_204' title='bbox 827 1623 958 1660; x_wconf 87' lang='lat' dir='ltr'>minus</span> <span class='ocrx_word' id='word_1_205' title='bbox 991 1632 1133 1672; x_wconf 84' lang='lat' dir='ltr'>potens</span> <span class='ocrx_word' id='word_1_206' title='bbox 1166 1632 1223 1660; x_wconf 89' lang='lat' dir='ltr'>est</span> <span class='ocrx_word' id='word_1_207' title='bbox 1254 1636 1359 1660; x_wconf 88' lang='lat' dir='ltr'>nunc</span> <span class='ocrx_word' id='word_1_208' title='bbox 1383 1637 1503 1672; x_wconf 83' lang='lat' dir='ltr'>quam</span> <span class='ocrx_word' id='word_1_209' title='bbox 1538 1633 1632 1660; x_wconf 87' lang='lat' dir='ltr'>tunc</span> <span class='ocrx_word' id='word_1_210' title='bbox 1665 1624 1749 1666; x_wconf 86' lang='lat' dir='ltr'>fuit,</span> 
     </span>
     <span class='ocr_line' id='line_1_34' title="bbox 441 1681 1752 1730; baseline -0.002 -11"><span class='ocrx_word' id='word_1_211' title='bbox 441 1695 533 1730; x_wconf 90' lang='lat' dir='ltr'>ergo</span> <span class='ocrx_word' id='word_1_212' title='bbox 556 1695 661 1718; x_wconf 90' lang='lat' dir='ltr'>nunc</span> <span class='ocrx_word' id='word_1_213' title='bbox 684 1682 760 1718; x_wconf 86' lang='lat' dir='ltr'>alie</span> <span class='ocrx_word' id='word_1_214' title='bbox 784 1694 903 1718; x_wconf 89' lang='lat' dir='ltr'>cause</span> <span class='ocrx_word' id='word_1_215' title='bbox 925 1682 1099 1718; x_wconf 84' lang='lat' dir='ltr'>secunde</span> <span class='ocrx_word' id='word_1_216' title='bbox 1127 1682 1392 1730; x_wconf 86' lang='lat' dir='ltr'>superfluunt.</span> <span class='ocrx_word' id='word_1_217' title='bbox 1425 1683 1563 1718; x_wconf 86' lang='lat' dir='ltr'>Talem</span> <span class='ocrx_word' id='word_1_218' title='bbox 1595 1681 1752 1729; x_wconf 87' lang='lat' dir='ltr'>(inquit)</span> 
     </span>
     <span class='ocr_line' id='line_1_35' title="bbox 440 1738 1807 1787; baseline 0 -11"><span class='ocrx_word' id='word_1_219' title='bbox 440 1741 611 1777; x_wconf 88' lang='lat' dir='ltr'>formam</span> <span class='ocrx_word' id='word_1_220' title='bbox 651 1739 754 1776; x_wconf 87' lang='lat' dir='ltr'>facio</span> <span class='ocrx_word' id='word_1_221' title='bbox 796 1752 868 1787; x_wconf 86' lang='lat' dir='ltr'>ego</span> <span class='ocrx_word' id='word_1_222' title='bbox 906 1738 946 1775; x_wconf 87' lang='lat' dir='ltr'>in</span> <span class='ocrx_word' id='word_1_223' title='bbox 980 1739 1056 1775; x_wconf 87' lang='lat' dir='ltr'>fine</span> <span class='ocrx_word' id='word_1_224' title='bbox 1088 1748 1283 1776; x_wconf 86' lang='lat' dir='ltr'>tractatus</span> <span class='ocrx_word' id='word_1_225' title='bbox 1316 1739 1447 1785; x_wconf 78' lang='lat' dir='ltr'>tercii3</span> <span class='ocrx_word' id='word_1_226' title='bbox 1495 1752 1588 1787; x_wconf 86' lang='lat' dir='ltr'>ergo</span> <span class='ocrx_word' id='word_1_227' title='bbox 1620 1739 1651 1775; x_wconf 90' lang='lat' dir='ltr'>si</span> <span class='ocrx_word' id='word_1_228' title='bbox 1684 1739 1751 1775; x_wconf 88' lang='lat' dir='ltr'>illa</span> <span class='ocrx_word' id='word_1_229' title='bbox 1769 1744 1807 1776; x_wconf 82' lang='lat'>25</span> 
     </span>
     <span class='ocr_line' id='line_1_36' title="bbox 440 1797 1273 1843; baseline 0 -10"><span class='ocrx_word' id='word_1_230' title='bbox 440 1798 570 1834; x_wconf 86' lang='lat' dir='ltr'>forma</span> <span class='ocrx_word' id='word_1_231' title='bbox 602 1811 683 1833; x_wconf 91' lang='lat' dir='ltr'>non</span> <span class='ocrx_word' id='word_1_232' title='bbox 714 1798 857 1843; x_wconf 86' lang='lat' dir='ltr'>valeat,</span> <span class='ocrx_word' id='word_1_233' title='bbox 890 1809 963 1833; x_wconf 89' lang='lat' dir='ltr'>nec</span> <span class='ocrx_word' id='word_1_234' title='bbox 996 1809 1085 1833; x_wconf 88' lang='lat' dir='ltr'>mea</span> <span class='ocrx_word' id='word_1_235' title='bbox 1115 1797 1273 1834; x_wconf 87' lang='lat' dir='ltr'>valebit.</span> 
     </span>
    </p>

    <p class='ocr_par' dir='ltr' id='par_1_6' title="bbox 440 1855 1810 2423">
     <span class='ocr_line' id='line_1_37' title="bbox 500 1855 1751 1903; baseline -0.001 -12"><span class='ocrx_word' id='word_1_236' title='bbox 500 1855 573 1891; x_wconf 88' lang='lat' dir='ltr'>Hic</span> <span class='ocrx_word' id='word_1_237' title='bbox 606 1855 817 1892; x_wconf 88' lang='lat' dir='ltr'>considero</span> <span class='ocrx_word' id='word_1_238' title='bbox 842 1857 949 1903; x_wconf 90' lang='lat' dir='ltr'>quod</span> <span class='ocrx_word' id='word_1_239' title='bbox 971 1855 1108 1902; x_wconf 89' lang='lat' dir='ltr'>ydiota</span> <span class='ocrx_word' id='word_1_240' title='bbox 1141 1864 1306 1903; x_wconf 87' lang='lat' dir='ltr'>propter</span> <span class='ocrx_word' id='word_1_241' title='bbox 1328 1855 1456 1890; x_wconf 87' lang='lat' dir='ltr'>zelum</span> <span class='ocrx_word' id='word_1_242' title='bbox 1482 1867 1599 1903; x_wconf 88' lang='lat' dir='ltr'>quem</span> <span class='ocrx_word' id='word_1_243' title='bbox 1635 1855 1751 1891; x_wconf 87' lang='lat' dir='ltr'>habet</span> 
     </span>
     <span class='ocr_line' id='line_1_38' title="bbox 441 1912 1750 1949; baseline -0.002 0"><span class='ocrx_word' id='word_1_244' title='bbox 441 1915 491 1949; x_wconf 86' lang='lat' dir='ltr'>ad</span> <span class='ocrx_word' id='word_1_245' title='bbox 523 1912 808 1949; x_wconf 89' lang='lat' dir='ltr'>sustinenciam</span> <span class='ocrx_word' id='word_1_246' title='bbox 842 1913 1020 1949; x_wconf 89' lang='lat' dir='ltr'>veritatis</span> <span class='ocrx_word' id='word_1_247' title='bbox 1053 1912 1258 1948; x_wconf 89' lang='lat' dir='ltr'>induendo</span> <span class='ocrx_word' id='word_1_248' title='bbox 1293 1913 1463 1949; x_wconf 90' lang='lat' dir='ltr'>formam</span> <span class='ocrx_word' id='word_1_249' title='bbox 1498 1912 1612 1949; x_wconf 89' lang='lat' dir='ltr'>simie</span> <span class='ocrx_word' id='word_1_250' title='bbox 1645 1912 1750 1948; x_wconf 86' lang='lat' dir='ltr'>exuit</span> 
     </span>
     <span class='ocr_line' id='line_1_39' title="bbox 442 1969 1750 2018; baseline -0.002 -11"><span class='ocrx_word' id='word_1_251' title='bbox 442 1971 611 2007; x_wconf 88' lang='lat' dir='ltr'>formam</span> <span class='ocrx_word' id='word_1_252' title='bbox 647 1971 769 2007; x_wconf 84' lang='lat' dir='ltr'>canis.</span> <span class='ocrx_word' id='word_1_253' title='bbox 804 1970 945 2018; x_wconf 84' lang='lat' dir='ltr'>Arguit</span> <span class='ocrx_word' id='word_1_254' title='bbox 978 1970 1082 2007; x_wconf 88' lang='lat' dir='ltr'>enim</span> <span class='ocrx_word' id='word_1_255' title='bbox 1116 1983 1186 2018; x_wconf 89' lang='lat' dir='ltr'>per</span> <span class='ocrx_word' id='word_1_256' title='bbox 1210 1971 1342 2007; x_wconf 87' lang='lat' dir='ltr'>locum</span> <span class='ocrx_word' id='word_1_257' title='bbox 1378 1983 1400 2006; x_wconf 89' lang='lat' dir='ltr'>a</span> <span class='ocrx_word' id='word_1_258' title='bbox 1432 1969 1578 2006; x_wconf 83' lang='lat' dir='ltr'>simiali</span> <span class='ocrx_word' id='word_1_259' title='bbox 1612 1969 1750 2005; x_wconf 86' lang='lat' dir='ltr'>simili-</span> 
     </span>
     <span class='ocr_line' id='line_1_40' title="bbox 440 2027 1810 2077; baseline -0.001 -13"><span class='ocrx_word' id='word_1_260' title='bbox 440 2029 589 2074; x_wconf 87' lang='lat' dir='ltr'>tudine,</span> <span class='ocrx_word' id='word_1_261' title='bbox 625 2030 786 2077; x_wconf 87' lang='lat' dir='ltr'>quando</span> <span class='ocrx_word' id='word_1_262' title='bbox 819 2028 1061 2065; x_wconf 87' lang='lat' dir='ltr'>latraciones</span> <span class='ocrx_word' id='word_1_263' title='bbox 1095 2028 1235 2064; x_wconf 90' lang='lat' dir='ltr'>canine</span> <span class='ocrx_word' id='word_1_264' title='bbox 1267 2028 1343 2064; x_wconf 87' lang='lat' dir='ltr'>sibi</span> <span class='ocrx_word' id='word_1_265' title='bbox 1376 2028 1582 2064; x_wconf 83' lang='lat' dir='ltr'>deficiunt.</span> <span class='ocrx_word' id='word_1_266' title='bbox 1617 2027 1751 2064; x_wconf 84' lang='lat' dir='ltr'>Prima</span> <span class='ocrx_word' id='word_1_267' title='bbox 1769 2033 1810 2065; x_wconf 81' lang='lat'>30</span> 
     </span>
     <span class='ocr_line' id='line_1_41' title="bbox 440 2085 1751 2134; baseline -0.001 -12"><span class='ocrx_word' id='word_1_268' title='bbox 440 2095 571 2123; x_wconf 87' lang='lat' dir='ltr'>autem</span> <span class='ocrx_word' id='word_1_269' title='bbox 613 2086 775 2134; x_wconf 85' lang='lat' dir='ltr'>argucia</span> <span class='ocrx_word' id='word_1_270' title='bbox 811 2099 892 2122; x_wconf 89' lang='lat' dir='ltr'>non</span> <span class='ocrx_word' id='word_1_271' title='bbox 931 2087 1050 2123; x_wconf 85' lang='lat' dir='ltr'>habet</span> <span class='ocrx_word' id='word_1_272' title='bbox 1089 2087 1266 2122; x_wconf 89' lang='lat' dir='ltr'>colorem</span> <span class='ocrx_word' id='word_1_273' title='bbox 1306 2085 1397 2122; x_wconf 88' lang='lat' dir='ltr'>licet</span> <span class='ocrx_word' id='word_1_274' title='bbox 1435 2086 1536 2122; x_wconf 90' lang='lat' dir='ltr'>forte</span> <span class='ocrx_word' id='word_1_275' title='bbox 1576 2094 1618 2121; x_wconf 89' lang='lat' dir='ltr'>ut</span> <span class='ocrx_word' id='word_1_276' title='bbox 1651 2085 1751 2122; x_wconf 87' lang='lat' dir='ltr'>alius</span> 
     </span>
     <span class='ocr_line' id='line_1_42' title="bbox 440 2143 1750 2192; baseline -0.001 -12"><span class='ocrx_word' id='word_1_277' title='bbox 440 2145 560 2180; x_wconf 87' lang='lat' dir='ltr'>frater</span> <span class='ocrx_word' id='word_1_278' title='bbox 589 2157 682 2180; x_wconf 90' lang='lat' dir='ltr'>suus</span> <span class='ocrx_word' id='word_1_279' title='bbox 714 2144 903 2192; x_wconf 88' lang='lat' dir='ltr'>ignorans</span> <span class='ocrx_word' id='word_1_280' title='bbox 926 2156 1066 2181; x_wconf 80' lang='lat' dir='ltr'>vocem</span> <span class='ocrx_word' id='word_1_281' title='bbox 1101 2143 1308 2192; x_wconf 89' lang='lat' dir='ltr'>propriam</span> <span class='ocrx_word' id='word_1_282' title='bbox 1342 2143 1603 2192; x_wconf 89' lang='lat' dir='ltr'>prophetizet.</span> <span class='ocrx_word' id='word_1_283' title='bbox 1650 2146 1750 2179; x_wconf 90' lang='lat' dir='ltr'>Nam</span> 
     </span>
     <span class='ocr_line' id='line_1_43' title="bbox 440 2201 1752 2250; baseline -0.001 -12"><span class='ocrx_word' id='word_1_284' title='bbox 440 2215 575 2238; x_wconf 88' lang='lat' dir='ltr'>verum</span> <span class='ocrx_word' id='word_1_285' title='bbox 611 2211 667 2238; x_wconf 89' lang='lat' dir='ltr'>est</span> <span class='ocrx_word' id='word_1_286' title='bbox 694 2203 752 2249; x_wconf 80' lang='lat' dir='ltr'>(ut</span> <span class='ocrx_word' id='word_1_287' title='bbox 775 2201 936 2250; x_wconf 87' lang='lat' dir='ltr'>dicitur)</span> <span class='ocrx_word' id='word_1_288' title='bbox 963 2203 1070 2250; x_wconf 89' lang='lat' dir='ltr'>quod</span> <span class='ocrx_word' id='word_1_289' title='bbox 1105 2203 1229 2238; x_wconf 88' lang='lat' dir='ltr'>multe</span> <span class='ocrx_word' id='word_1_290' title='bbox 1262 2214 1380 2238; x_wconf 83' lang='lat' dir='ltr'>cause</span> <span class='ocrx_word' id='word_1_291' title='bbox 1412 2203 1584 2238; x_wconf 90' lang='lat' dir='ltr'>secunde</span> <span class='ocrx_word' id='word_1_292' title='bbox 1617 2214 1752 2249; x_wconf 87' lang='lat' dir='ltr'>super-</span> 
     </span>
     <span class='ocr_line' id='line_1_44' title="bbox 440 2259 1750 2308; baseline -0.001 -13"><span class='ocrx_word' id='word_1_293' title='bbox 440 2260 582 2305; x_wconf 83' lang='lat' dir='ltr'>fluunt,</span> <span class='ocrx_word' id='word_1_294' title='bbox 617 2272 706 2296; x_wconf 86' lang='lat' dir='ltr'>cum</span> <span class='ocrx_word' id='word_1_295' title='bbox 740 2260 779 2296; x_wconf 89' lang='lat' dir='ltr'>in</span> <span class='ocrx_word' id='word_1_296' title='bbox 814 2259 924 2305; x_wconf 83' lang='lat' dir='ltr'>cibis,</span> <span class='ocrx_word' id='word_1_297' title='bbox 959 2260 999 2296; x_wconf 90' lang='lat' dir='ltr'>in</span> <span class='ocrx_word' id='word_1_298' title='bbox 1036 2259 1196 2308; x_wconf 89' lang='lat' dir='ltr'>potibus</span> <span class='ocrx_word' id='word_1_299' title='bbox 1229 2269 1266 2295; x_wconf 91' lang='lat' dir='ltr'>et</span> <span class='ocrx_word' id='word_1_300' title='bbox 1296 2259 1437 2295; x_wconf 89' lang='lat' dir='ltr'>eduliis</span> <span class='ocrx_word' id='word_1_301' title='bbox 1462 2260 1750 2295; x_wconf 86' lang='lat' dir='ltr'>monachorum</span> 
     </span>
     <span class='ocr_line' id='line_1_45' title="bbox 440 2316 1809 2365; baseline 0.001 -12"><span class='ocrx_word' id='word_1_302' title='bbox 440 2327 530 2354; x_wconf 86' lang='lat' dir='ltr'>sunt</span> <span class='ocrx_word' id='word_1_303' title='bbox 553 2317 849 2365; x_wconf 84' lang='lat' dir='ltr'>superfluitates</span> <span class='ocrx_word' id='word_1_304' title='bbox 879 2317 1064 2365; x_wconf 87' lang='lat' dir='ltr'>plurime,</span> <span class='ocrx_word' id='word_1_305' title='bbox 1096 2326 1137 2353; x_wconf 90' lang='lat' dir='ltr'>ut</span> <span class='ocrx_word' id='word_1_306' title='bbox 1161 2317 1201 2353; x_wconf 90' lang='lat' dir='ltr'>in</span> <span class='ocrx_word' id='word_1_307' title='bbox 1224 2317 1418 2353; x_wconf 87' lang='lat' dir='ltr'>fructibus</span> <span class='ocrx_word' id='word_1_308' title='bbox 1448 2329 1491 2353; x_wconf 83' lang='lat' dir='ltr'>ex</span> <span class='ocrx_word' id='word_1_309' title='bbox 1521 2316 1575 2353; x_wconf 89' lang='lat' dir='ltr'>eis</span> <span class='ocrx_word' id='word_1_310' title='bbox 1597 2316 1751 2364; x_wconf 81' lang='lat' dir='ltr'>genitis,</span> <span class='ocrx_word' id='word_1_311' title='bbox 1771 2322 1809 2354; x_wconf 77' lang='lat'>35</span> 
     </span>
     <span class='ocr_line' id='line_1_46' title="bbox 441 2374 1752 2423; baseline -0.001 -12"><span class='ocrx_word' id='word_1_312' title='bbox 441 2384 591 2412; x_wconf 88' lang='lat' dir='ltr'>etcum</span> <span class='ocrx_word' id='word_1_313' title='bbox 627 2388 765 2412; x_wconf 89' lang='lat' dir='ltr'>omnes</span> <span class='ocrx_word' id='word_1_314' title='bbox 801 2375 864 2411; x_wconf 89' lang='lat' dir='ltr'>ille</span> <span class='ocrx_word' id='word_1_315' title='bbox 898 2375 975 2411; x_wconf 89' lang='lat' dir='ltr'>sint</span> <span class='ocrx_word' id='word_1_316' title='bbox 1010 2387 1128 2412; x_wconf 87' lang='lat' dir='ltr'>cause</span> <span class='ocrx_word' id='word_1_317' title='bbox 1161 2376 1334 2411; x_wconf 87' lang='lat' dir='ltr'>secunde</span> <span class='ocrx_word' id='word_1_318' title='bbox 1367 2374 1631 2423; x_wconf 86' lang='lat' dir='ltr'>superfluunt.</span> <span class='ocrx_word' id='word_1_319' title='bbox 1667 2376 1752 2410; x_wconf 89' lang='lat' dir='ltr'>Hoc</span> 
     </span>
    </p>
   </div>
   <div class='ocr_carea' id='block_1_5' title="bbox 443 2530 1751 2602">
    <p class='ocr_par' dir='ltr' id='par_1_7' title="bbox 443 2530 1751 2602">
     <span class='ocr_line' id='line_1_47' title="bbox 511 2530 1751 2566; baseline -0.001 -7"><span class='ocrx_word' id='word_1_320' title='bbox 511 2539 534 2559; x_wconf 87' lang='lat'>2.</span> <span class='ocrx_word' id='word_1_321' title='bbox 558 2531 651 2560; x_wconf 82' lang='lat' dir='ltr'>Cod.:</span> <span class='ocrx_word' id='word_1_322' title='bbox 676 2532 812 2559; x_wconf 78' lang='lat' dir='ltr'>Galatos.</span> <span class='ocrx_word' id='word_1_323' title='bbox 894 2540 918 2566; x_wconf 81' lang='lat'>7.</span> <span class='ocrx_word' id='word_1_324' title='bbox 942 2532 1036 2559; x_wconf 88' lang='lat' dir='ltr'>Cod.:</span> <span class='ocrx_word' id='word_1_325' title='bbox 1059 2532 1145 2559; x_wconf 76' lang='lat' dir='ltr'>alius.</span> <span class='ocrx_word' id='word_1_326' title='bbox 1226 2539 1253 2566; x_wconf 74' lang='lat'>9.</span> <span class='ocrx_word' id='word_1_327' title='bbox 1275 2531 1379 2559; x_wconf 81' lang='lat' dir='ltr'>Recte:</span> <span class='ocrx_word' id='word_1_328' title='bbox 1401 2531 1582 2559; x_wconf 80' lang='lat' dir='ltr'>addisceret.</span> <span class='ocrx_word' id='word_1_329' title='bbox 1655 2538 1698 2558; x_wconf 84' lang='lat'>22.</span> <span class='ocrx_word' id='word_1_330' title='bbox 1720 2530 1751 2558; x_wconf 88' lang='lat' dir='ltr'>In</span> 
     </span>
     <span class='ocr_line' id='line_1_48' title="bbox 443 2564 1550 2602; baseline 0 -9"><span class='ocrx_word' id='word_1_331' title='bbox 443 2574 556 2601; x_wconf 40' lang='lat' dir='ltr'>marga</span> <span class='ocrx_word' id='word_1_332' title='bbox 577 2576 606 2599; x_wconf 59' lang='lat'>4.</span> <span class='ocrx_word' id='word_1_333' title='bbox 680 2574 723 2602; x_wconf 72' lang='lat'>27.</span> <span class='ocrx_word' id='word_1_334' title='bbox 744 2567 777 2594; x_wconf 87' lang='lat' dir='ltr'>In</span> <span class='ocrx_word' id='word_1_335' title='bbox 800 2575 913 2601; x_wconf 68' lang='lat' dir='ltr'>marg:</span> <span class='ocrx_word' id='word_1_336' title='bbox 934 2566 1117 2601; x_wconf 68' lang='lat' dir='ltr'>Responsio.</span> <span class='ocrx_word' id='word_1_337' title='bbox 1193 2564 1234 2594; x_wconf 74' lang='lat'>33.</span> <span class='ocrx_word' id='word_1_338' title='bbox 1257 2566 1350 2593; x_wconf 83' lang='lat' dir='ltr'>Cod.:</span> <span class='ocrx_word' id='word_1_339' title='bbox 1372 2574 1461 2593; x_wconf 78' lang='lat' dir='ltr'>cause</span> <span class='ocrx_word' id='word_1_340' title='bbox 1482 2567 1550 2593; x_wconf 85' lang='lat' dir='ltr'>due.</span> 
     </span>
    </p>
   </div>
   <div class='ocr_carea' id='block_1_6' title="bbox 442 2672 1751 2900">
    <p class='ocr_par' dir='ltr' id='par_1_8' title="bbox 442 2672 1751 2900">
     <span class='ocr_line' id='line_1_49' title="bbox 517 2672 1750 2715; baseline -0.002 -11"><span class='ocrx_word' id='word_1_341' title='bbox 517 2684 541 2704; x_wconf 89' lang='lat'>1.</span> <span class='ocrx_word' id='word_1_342' title='bbox 570 2672 657 2704; x_wconf 75' lang='lat' dir='ltr'>Vide</span> <span class='ocrx_word' id='word_1_343' title='bbox 676 2673 780 2704; x_wconf 79' lang='lat' dir='ltr'>Trial.</span> <span class='ocrx_word' id='word_1_344' title='bbox 809 2672 864 2714; x_wconf 67' lang='lat'>64,</span> <span class='ocrx_word' id='word_1_345' title='bbox 893 2684 967 2712; x_wconf 64' lang='lat'>240,</span> <span class='ocrx_word' id='word_1_346' title='bbox 998 2673 1071 2715; x_wconf 67' lang='lat'>370.</span> <span class='ocrx_word' id='word_1_347' title='bbox 1180 2683 1228 2704; x_wconf 89' lang='lat'>11.</span> <span class='ocrx_word' id='word_1_348' title='bbox 1256 2673 1306 2705; x_wconf 90' lang='lat' dir='ltr'>Cf.</span> <span class='ocrx_word' id='word_1_349' title='bbox 1333 2673 1607 2704; x_wconf 75' lang='lat' dir='ltr'>Protestationes</span> <span class='ocrx_word' id='word_1_350' title='bbox 1636 2672 1750 2703; x_wconf 84' lang='lat' dir='ltr'>multi-</span> 
     </span>
     <span class='ocr_line' id='line_1_50' title="bbox 442 2718 1751 2761; baseline 0 -12"><span class='ocrx_word' id='word_1_351' title='bbox 442 2718 547 2761; x_wconf 79' lang='lat' dir='ltr'>plices</span> <span class='ocrx_word' id='word_1_352' title='bbox 568 2718 903 2759; x_wconf 70' lang='lat' dir='ltr'>magistrijohannis</span> <span class='ocrx_word' id='word_1_353' title='bbox 921 2718 1067 2750; x_wconf 78' lang='lat' dir='ltr'>Wikleff</span> <span class='ocrx_word' id='word_1_354' title='bbox 1081 2729 1131 2761; x_wconf 78' lang='lat' dir='ltr'>ap.</span> <span class='ocrx_word' id='word_1_355' title='bbox 1151 2720 1283 2759; x_wconf 78' lang='lat' dir='ltr'>Hofler,</span> <span class='ocrx_word' id='word_1_356' title='bbox 1301 2721 1398 2750; x_wconf 83' lang='lat' dir='ltr'>Anna</span> <span class='ocrx_word' id='word_1_357' title='bbox 1426 2729 1493 2750; x_wconf 87' lang='lat' dir='ltr'>von</span> <span class='ocrx_word' id='word_1_358' title='bbox 1517 2719 1751 2758; x_wconf 73' lang='lat' dir='ltr'>Luxemburg,</span> 
     </span>
     <span class='ocr_line' id='line_1_51' title="bbox 443 2764 1751 2807; baseline -0.002 -11"><span class='ocrx_word' id='word_1_359' title='bbox 443 2765 594 2805; x_wconf 74' lang='lat' dir='ltr'>Konigin</span> <span class='ocrx_word' id='word_1_360' title='bbox 644 2775 712 2795; x_wconf 89' lang='lat' dir='ltr'>von</span> <span class='ocrx_word' id='word_1_361' title='bbox 763 2765 933 2807; x_wconf 79' lang='lat' dir='ltr'>England,</span> <span class='ocrx_word' id='word_1_362' title='bbox 981 2764 1250 2796; x_wconf 81' lang='lat' dir='ltr'>Denkschriften</span> <span class='ocrx_word' id='word_1_363' title='bbox 1300 2766 1331 2796; x_wconf 84' lang='lat' dir='ltr'>d.</span> <span class='ocrx_word' id='word_1_364' title='bbox 1375 2765 1407 2797; x_wconf 90' lang='lat' dir='ltr'>k.</span> <span class='ocrx_word' id='word_1_365' title='bbox 1448 2765 1638 2796; x_wconf 83' lang='lat' dir='ltr'>Akademie</span> <span class='ocrx_word' id='word_1_366' title='bbox 1690 2766 1751 2795; x_wconf 86' lang='lat' dir='ltr'>der</span> 
     </span>
     <span class='ocr_line' id='line_1_52' title="bbox 443 2810 1749 2854; baseline 0 -13"><span class='ocrx_word' id='word_1_367' title='bbox 443 2810 754 2852; x_wconf 80' lang='lat' dir='ltr'>Wissenschaften,</span> <span class='ocrx_word' id='word_1_368' title='bbox 800 2811 875 2843; x_wconf 92' lang='lat' dir='ltr'>XX.</span> <span class='ocrx_word' id='word_1_369' title='bbox 922 2811 1027 2851; x_wconf 81' lang='lat' dir='ltr'>Band,</span> <span class='ocrx_word' id='word_1_370' title='bbox 1071 2821 1148 2854; x_wconf 80' lang='lat' dir='ltr'>pag.</span> <span class='ocrx_word' id='word_1_371' title='bbox 1200 2812 1390 2853; x_wconf 77' lang='lat'>147-150.</span> <span class='ocrx_word' id='word_1_372' title='bbox 1438 2821 1489 2842; x_wconf 81' lang='lat'>22.</span> <span class='ocrx_word' id='word_1_373' title='bbox 1538 2812 1632 2842; x_wconf 72' lang='lat' dir='ltr'>Fasc.</span> <span class='ocrx_word' id='word_1_374' title='bbox 1676 2810 1749 2850; x_wconf 61' lang='lat' dir='ltr'>ziz„</span> 
     </span>
     <span class='ocr_line' id='line_1_53' title="bbox 442 2866 623 2900; baseline 0.006 -12"><span class='ocrx_word' id='word_1_375' title='bbox 442 2867 518 2900; x_wconf 86' lang='lat' dir='ltr'>pag.</span> <span class='ocrx_word' id='word_1_376' title='bbox 548 2866 623 2898; x_wconf 67' lang='lat'>240.</span> 
     </span>
    </p>
   </div>
  </div>
 </body>
</html>
