1944 3323
92 1248 295 1283 Explanation
318 1249 352 1276 os

98 1288 192 1310 terms
215 1285 286 1310 used
309 1283 337 1310 in

185 1322 255 1345 text.

666 261 890 294 JOHANNIS
908 261 1091 293 WYCLlF
1110 261 1365 294 SERMONUM
1426 248 1577 306 [SERMO
1598 259 1680 287 XVI-

373 368 497 418 patris
529 368 656 406 nostri
689 377 827 405 satane
849 368 925 404 hoc
948 367 1117 404 facimus
1141 376 1177 404 et
1199 376 1329 405 totum
1352 368 1501 404 facturn
1526 369 1680 417 peccati

373 427 532 464 Christo
555 426 813 475 imponimus,
848 435 884 462 et
917 425 1019 462 inter
1051 425 1187 463 omnia
1219 435 1384 475 peccata
1407 439 1483 475 que
1515 437 1681 475 regnant

372 485 412 522 in
445 486 578 522 seculo
610 487 686 521 hoc
719 493 776 521 est
809 483 1053 530 horribilius,
1078 484 1117 520 in
1140 493 1296 521 tantum
1321 486 1428 533 quod
1451 486 1680 522 sacerdotes

373 544 467 592 legis
494 543 638 580 veteris
670 543 896 579 scindentes
928 542 1165 579 vestimenta
1197 555 1268 579 sua
1301 542 1580 580 convenientes
1612 556 1681 580 no—

373 602 527 639 biscum
574 602 613 637 in
656 600 865 649 principiis
909 601 985 637 hoc
1030 601 1252 647 horrerent,
1299 610 1335 637 et
1379 609 1519 638 contra
1563 601 1715 638 istam-5

373 659 667 708 blasphemiam
714 660 935 696 clamarent
980 658 1123 707 singuli
1169 658 1389 696 christiani.
1441 661 1531 696 Non
1576 659 1680 696 enim

373 717 557 766 concipio
587 730 663 766 que
697 717 775 754 alia
808 716 1083 754 consideracio
1117 716 1355 754 christianos
1389 725 1426 753 et
1458 717 1684 766 specialiter

372 777 599 812 sacerdotes
633 789 654 812 a
688 775 1002 823 degeneracione
1035 787 1082 811 ac
1120 776 1314 812 blasfemo
1349 775 1561 812 mendacio
1593 777 1684 812 Jesu

374 833 521 871 Christi
554 833 680 871 nostri
714 833 836 871 cicius
869 841 1087 870 revocaret.

862 970 1060 1010 SERMO
1094 969 1201 1009 XVI.

430 1066 594 1103 Nescitis
626 1067 727 1115 qnod
757 1066 811 1102 lzii
841 1066 904 1115 qui
934 1066 969 1102 in
1008 1065 1133 1101 stadio
1171 1072 1335 1101 currunt
1373 1077 1502 1101 omnes
1534 1065 1683 1114 quidem

374 1132 550 1169 currunt,
582 1125 651 1161 sed
682 1137 778 1161 unus
810 1124 949 1173 accipit
981 1123 1168 1159 bravium.
1205 1125 1238 1159 Ia
1264 1124 1356 1160 Cor.
1381 1124 1466 1169 IX0,
1492 1133 1557 1169 24.

430 1185 472 1219 In
504 1182 579 1220 ista
613 1182 784 1231 epistola
806 1182 1024 1230 Apostolus
1057 1182 1241 1218 hortatur
1274 1180 1436 1218 racione
1469 1181 1684 1230 exemplari

373 1241 508 1278 fideles
541 1240 692 1277 viantes
726 1242 775 1277 ad
807 1240 975 1276 viriliter
1008 1240 1293 1276 decertandum
1327 1252 1401 1287 pro
1441 1239 1685 1288 acquirenda

372 1299 620 1336 beatitudine
644 1311 734 1335 cum
768 1297 950 1334 hostibus
983 1297 1258 1346 spiritualibus
1291 1306 1334 1333 ut
1367 1309 1498 1343 carne,
1533 1299 1684 1335 mundo

372 1366 492 1405 atque
516 1357 690 1394 diabolo.
714 1359 782 1393 Est
806 1365 938 1393 autem
963 1355 1136 1392 stadium
1161 1355 1340 1403 spacium
1366 1364 1524 1392 centum
1547 1355 1686 1403 viginti

373 1428 512 1464 passus
546 1414 766 1460 continens,
803 1424 839 1451 et
873 1413 1018 1450 dicitur
1051 1426 1072 1450 a
1104 1421 1210 1450 stare
1247 1426 1317 1462 per
1350 1413 1528 1461 apocrifa
1562 1413 1686 1461 genti-

372 1473 482 1519 lium,
517 1473 612 1522 quia
643 1481 800 1509 tantum
833 1472 1013 1520 spacium
1048 1471 1216 1508 incurrit
1249 1472 1441 1508 Hercules
1480 1484 1560 1508 uno
1594 1484 1685 1508 ane-

371 1531 456 1568 litu.
491 1533 539 1568 Et
571 1531 717 1567 dicitur
749 1530 922 1567 stadium
956 1538 1097 1566 octava
1129 1542 1222 1578 pars
1246 1528 1425 1566 miliaris.
1460 1531 1527 1565 Est
1551 1538 1684 1566 autem

371 1590 546 1626 bravium
579 1601 693 1637 grece
726 1589 874 1637 palma,
905 1589 965 1625 vel
999 1600 1148 1624 corona
1170 1587 1444 1636 triumphalis;
1470 1596 1506 1624 et
1530 1596 1685 1624 constat

83 1655 114 1682 [ιι
139 1663 195 1682 0111·
216 1655 355 1690 spiritual
372 1649 419 1684 de
443 1647 731 1685 exercitacione
747 1646 957 1683 hominum
981 1646 1021 1682 in
1046 1647 1120 1682 hoc
1136 1646 1230 1682 ludo
1248 1675 1255 1682 .
1275 1675 1281 1682 .
1300 1676 1308 1684 .
1326 1645 1400 1682 ‚sic
1424 1645 1686 1693 spiritualiter

101 1697 167 1716 racc
190 1698 234 1716 we
256 1695 339 1717 must

100 1733 155 1751 run
178 1724 338 1759 straiglitlv

110 1758 168 1786 aud
191 1757 327 1795 steadily]

105 2288 165 2316 We
186 2288 260 2315 shall
283 2291 335 2313 not

89 2325 125 2352 bc
144 2324 287 2359 impedcd
310 2324 348 2358 by

166 2359 268 2387 rivals.

371 1714 455 1743 tota
492 1705 573 1743 vita
604 1717 766 1754 presens
801 1714 858 1741 est
891 1705 1062 1753 quedam
1103 1703 1335 1751 agonizacio
1374 1712 1513 1740 contra
1553 1704 1685 1740 hostes

372 1764 599 1812 spirituales
633 1771 669 1799 et
692 1764 865 1812 quedam
900 1775 1036 1798 rursus
1070 1763 1118 1798 ad
1152 1773 1368 1809 supernum
1403 1761 1583 1798 bravium
1617 1763 1685 1798 ad-

372 1822 625 1871 quirendum.
671 1822 731 1857 Ad
771 1822 846 1857 hoc
885 1829 1018 1857 autem
1055 1819 1236 1856 bravium
1273 1831 1491 1867 supernum
1526 1828 1686 1867 oportet

373 1880 531 1916 fidelem
567 1879 711 1916 directe
743 1887 779 1915 et
812 1879 986 1915 continue
1027 1890 1187 1914 currere
1226 1890 1296 1924 per
1329 1889 1453 1926 opera
1487 1877 1684 1923 caritatis;

371 1938 515 1974 directe
546 1936 639 1986 quia
671 1936 882 1985 obliquans
916 1938 964 1972 ab
997 1935 1138 1972 itinere
1170 1937 1410 1982 retardatur,
1445 1943 1482 1971 et
1513 1935 1688 1972 continue

372 1995 465 2044 quia
498 1995 637 2041 stacio,
672 1994 853 2031 deviacio
886 1995 946 2031 vel
979 1993 1280 2042 retrogradacio
1321 2002 1378 2030 est
1417 1993 1686 2041 dampnabilis

373 2054 412 2090 in
443 2053 595 2099 viante3
629 2053 669 2089 in
702 2054 778 2089 hoc
812 2065 904 2100 ergo
938 2052 1069 2088 differt
1102 2051 1285 2088 bravium
1319 2050 1415 2099 legis
1450 2050 1610 2097 Christi,
1645 2051 1685 2087 id

372 2121 442 2156 est,
476 2111 675 2159 premium
709 2124 846 2148 cursus
869 2112 918 2147 ab
943 2110 1029 2147 aliis
1052 2109 1210 2156 braviis,
1235 2111 1343 2158 quod
1366 2118 1444 2146 stat
1467 2108 1685 2157 quemlibet

1703 982 1742 1004 10

1704 1296 1741 1328 15

1702 1596 1744 1618 20

1702 1876 1742 1909 25

372 2170 501 2218 ipsum
528 2169 747 2217 acquirere,
773 2169 866 2217 quia
888 2181 969 2205 non
1002 2176 1159 2204 terrena
1193 2167 1413 2216 cupiditate
1445 2169 1513 2204 sed
1546 2178 1684 2203 amore
1701 2165 1744 2198 30

373 2227 578 2264 celestium
613 2227 785 2264 curritur
818 2228 867 2263 ad
902 2227 1004 2262 hunc
1039 2226 1171 2262 finem.
1206 2225 1311 2262 Finis
1341 2234 1475 2262 autem
1497 2224 1571 2261 iste
1594 2237 1684 2261 cum

372 2285 421 2321 sit
453 2297 514 2321 res
548 2285 766 2333 spiritualis
800 2293 856 2321 est
890 2297 935 2321 eo
970 2283 1125 2320 dulcior
1165 2297 1244 2332 quo
1284 2283 1466 2331 pluribus
1505 2295 1685 2320 commu-

371 2343 549 2388 nicatur-3
583 2355 655 2379 nec
688 2344 871 2379 tardatur
904 2342 959 2378 sic
993 2354 1155 2378 currens
1189 2350 1354 2389 propter
1396 2340 1587 2377 invidiam
1625 2340 1687 2377 vel

372 2400 681 2449 impedicionem
728 2399 1001 2436 concurrentis
1046 2399 1142 2436 socii
1188 2400 1254 2436 sed
1294 2399 1462 2435 iuvatur.
1511 2401 1686 2435 Econtra

372 2467 505 2495 autem
547 2467 603 2494 est
648 2460 695 2495 de
740 2457 1070 2495 concurrentibus
1114 2457 1153 2493 in
1192 2457 1321 2493 stadio
1362 2465 1398 2493 et
1435 2469 1508 2504 pro
1547 2455 1684 2492 bravio

371 2516 605 2564 temporali;
630 2517 719 2552 ideo
735 2517 952 2564 Apostolus
976 2527 1127 2563 ponens
1151 2514 1267 2551 istam
1293 2513 1563 2551 differenciam
1590 2513 1685 2550 dicit

371 2574 411 2611 in
446 2574 708 2610 similitudine
740 2574 989 2622 exemplante
1023 2575 1129 2621 quod
1170 2586 1300 2609 omnes
1331 2573 1385 2609 sic
1417 2579 1617 2608 currentes
1649 2571 1684 2607 in

442 2729 470 2752 4.
490 2720 584 2748 Cod.:
601 2721 828 2747 conve-uiantes.
885 2720 911 2748 8.
928 2720 1022 2747 Com:
1040 2719 1208 2746 blasfemia.
1266 2726 1304 2745 12.
1321 2718 1416 2746 Cod.:
1433 2717 1504 2745 Cor.
1520 2717 1575 2745 IXO
1592 2721 1620 2743 et
1634 2717 1684 2744 Xv.

378 2763 416 2790 17.
439 2755 533 2782 Cod.:
554 2754 705 2790 ypocrifa.
787 2754 825 2782 18.
849 2759 942 2782 recte:
965 2754 1108 2781 cucurrit.
1182 2761 1220 2780 21.
1243 2753 1300 2780 Hic
1319 2753 1356 2780 ali
1383 2757 1435 2779 uot
1454 2752 1546 2780 verba
1566 2752 1685 2778 desum.

376 2789 419 2817 23.
442 2788 536 2817 Cod.:
558 2788 757 2823 spiritualiter
777 2794 805 2816 et
825 2789 962 2824 quidam.
1036 2796 1082 2823 29.
1105 2788 1198 2816 Cod.:
1222 2792 1277 2814 stat
1299 2795 1360 2823 quo
1376 2786 1519 2829 >amlibet.

452 2894 500 2916 10.
527 2883 579 2916 Cf.
599 2877 968 2926 Wyclif'sSermons,
997 2884 1050 2914 ed.
1078 2882 1122 2925 by
1142 2882 1290 2922 Arnold‚
1316 2892 1395 2924 pag.
1423 2882 1461 2921 II,
1491 2880 1681 2921 257—260.

1702 2455 1741 2488 35
