1944 3323
192 263 328 292 SERMO
350 252 447 309 vul-1
679 266 858 298 TERTm
886 268 1008 298 mas.

193 372 420 421 frequenter
465 372 690 413 defendere,
742 382 778 409 et
823 381 976 410 actores
1025 383 1213 410 secuntur
1259 375 1508 412 defendendo

192 430 360 467 iuridice
389 431 495 467 bona
520 443 595 479 que
628 432 794 478 parvulo
826 431 1096 480 pertinebunt.
1133 434 1246 469 Unde
1269 441 1380 469 actor
1402 436 1508 482 apud

192 488 480 537 grammaticos
523 488 670 525 dicitur
709 489 906 535 defensor,
955 499 1161 538 patronus,
1208 491 1434 528 causidicus
1474 501 1509 528 ct

192 548 413 583 advocatus
447 556 484 583 et
518 555 574 583 est
607 547 771 584 actitare
804 548 1032 596 frequenter
1066 561 1195 596 agere.

159 608 175 640 5
250 606 624 653 Correspondenter
669 617 761 653 ergo
807 607 855 642 ad
895 605 1011 643 istam
1057 606 1364 643 similitudinem
1407 610 1510 644 Deus

192 663 376 700 educavit
420 663 644 706 ecclesiam,
689 676 782 700 nam
823 663 862 700 in
901 664 1101 713 principio
1140 667 1303 713 quando
1343 667 1511 703 ecclesia

192 730 276 758 erat
309 722 475 769 parvula
514 730 617 758 etate
656 731 693 758 et
725 722 897 759 sciencia
931 732 968 759 et
1001 723 1056 760 sic
1090 724 1286 771 petulans,
1321 733 1357 760 et
1391 724 1511 760 indis-

193 788 300 816 creta
340 779 498 816 servivit
536 781 608 816 sub
641 780 822 828 partibus
857 781 1007 827 mundi,
1050 781 1270 829 figuraliter
1308 784 1511 819 noscendo

193 838 370 874 futurum
411 838 589 874 seculum
629 851 700 886 per
740 840 907 876 sabbata
947 848 983 876 et
1015 840 1228 876 neomenia
1262 849 1298 876 et
1331 853 1401 888 per
1434 841 1511 877 alia

139 908 177 929 10
193 908 269 944 que
309 905 501 944 ceperunt
541 897 590 932 ab
630 896 746 933 astris
785 906 821 933 et
860 897 1069 946 principiis
1110 897 1336 935 intrinsecis
1372 899 1510 936 mundi

193 967 268 1002 que
309 954 530 1002 figurarunt
570 964 728 1003 tempus
766 955 899 1003 gracie
940 964 976 992 et
1009 956 1185 993 futuram
1219 957 1509 993 beatitudinem

193 1021 520 1061 consequentem.
557 1014 670 1049 Unde
703 1022 788 1050 tota
822 1014 879 1050 lex
912 1023 1023 1050 vetus
1057 1014 1204 1051 dicitur
1227 1015 1340 1063 quasi
1374 1016 1510 1064 alpha-

191 1072 324 1107 betum
351 1072 459 1120 quod
494 1083 565 1119 pro
599 1071 682 1119 lege
715 1071 838 1108 veteri
863 1072 1091 1109 discebatur
1112 1086 1132 1110 a
1156 1074 1308 1121 populo
1335 1075 1510 1110 Hebreo-

191 1142 293 1165 rum.
319 1130 394 1165 Sed
415 1141 488 1177 pro
507 1138 689 1177 tempore
710 1129 807 1178 legis
828 1130 961 1178 gracie
982 1130 1058 1179 legi
1080 1132 1196 1168 debet
1216 1144 1287 1168 sua
1307 1132 1510 1169 sentencia

138 1190 174 1220 15
191 1196 228 1223 et
249 1187 324 1223 frui
347 1189 464 1224 debet
485 1187 725 1224 christianus
747 1188 878 1225 fructu
895 1201 1012 1237 quern
1036 1189 1235 1238 posterius
1258 1190 1508 1238 germinavit.

191 1246 305 1282 Unde
328 1258 399 1294 per
422 1246 527 1282 hunc
551 1255 700 1282 textum
724 1249 948 1283 notandum
973 1249 1081 1296 quod
1096 1249 1314 1296 Apostolus
1337 1250 1409 1285 sub
1434 1248 1509 1285 isto

190 1303 431 1352 pronomine
463 1317 532 1340 nos
563 1304 747 1353 intelligit
780 1314 907 1342 totam
941 1306 1152 1343 ecclesiam
1182 1306 1446 1343 successivam
1473 1316 1509 1344 et

191 1361 336 1398 iterum
370 1363 554 1399 elementa
587 1362 774 1411 intelligit
797 1373 932 1412 partes
957 1364 1097 1400 mundi
1120 1373 1162 1400 ut
1186 1366 1315 1402 celum
1341 1374 1377 1402 et
1401 1375 1508 1403 astra

191 1433 268 1468 que
301 1420 410 1468 prius
444 1421 655 1458 ecclesiam
688 1421 728 1457 in
761 1422 978 1470 alphabeto
1022 1423 1172 1460 tradito
1216 1423 1506 1463 instruxerunt:

134 1490 174 1511 20
192 1479 422 1527 pedagogus
457 1478 560 1515 enim
596 1479 690 1516 facit
723 1492 815 1516 suos
849 1480 1066 1529 discipulos
1099 1481 1334 1518 subservire.

1539 624 1572 639 so
1595 614 1642 640 llic
1663 615 1786 641 ‹jhurch

1563 657 1625 674 was
1646 649 1762 676 trained

1540 683 1636 710 under
1656 684 1788 711 sensibu-

1555 719 1769 746 observunces.

249 1538 296 1573 Et
336 1537 461 1573 tercio
501 1539 724 1574 notandum
766 1540 874 1587 quod
907 1551 1046 1576 sensus
1078 1540 1263 1588 Apostoli
1303 1549 1360 1576 est
1400 1542 1507 1589 quod
1523 1544 1601 1571 Now
1624 1553 1668 1571 wc
1690 1545 1797 1571 should

191 1654 391 1689 credendo
429 1653 560 1702 ipsum
598 1654 765 1700 venisse,
808 1664 844 1691 et
877 1657 1077 1703 sperando
1118 1669 1188 1704 per
1221 1656 1352 1705 ipsum
1388 1656 1510 1693 beati-

190 1711 370 1747 tudinem
413 1711 618 1748 dimittant
651 1713 941 1750 astronomiam
982 1723 1020 1750 et
1059 1714 1299 1751 cerimonias
1334 1727 1379 1751 ac
1412 1715 1510 1751 ritus

134 1770 173 1801 25
189 1778 340 1806 veteres
357 1779 514 1818 tempus
538 1770 670 1818 gracie
695 1771 923 1819 figurantes.
948 1774 1025 1809 Sed
1050 1773 1125 1809 heu
1142 1773 1261 1809 hodie
1283 1773 1511 1810 introducte

189 1836 280 1864 sunt
313 1827 579 1865 infundabiles
619 1830 846 1866 ceremonie
878 1830 1113 1867 Antichristi
1148 1833 1197 1867 ad
1232 1844 1401 1880 quarum
1443 1833 1511 1868 ob-

189 1886 417 1923 servancias
463 1888 551 1935 plus
596 1900 717 1936 quam
763 1889 813 1924 ad
853 1889 1090 1937 decalogum
1131 1898 1268 1926 nostra
1313 1889 1511 1926 limitatur

190 1944 371 1989 ecclesia,
407 1954 443 1981 et
472 1945 528 1982 sic
561 1945 601 1981 in
634 1946 882 1983 discibilibus
917 1956 954 1984 et
983 1947 1257 1995 operabilibus
1290 1948 1408 1984 saluti
1441 1961 1509 1984 sue

190 2001 397 2039 inutilibus
448 2004 536 2051 plus
587 2017 707 2052 quam
760 2004 913 2041 iuvenis
965 2005 1132 2042 ecclesia
1184 2005 1427 2043 insolencius
1473 2016 1509 2043 et

134 2061 175 2091 30
191 2061 453 2109 multiplicius
484 2071 686 2110 evagatur.
722 2065 802 2099 Nec
827 2063 973 2099 mirum
999 2064 1092 2112 quia
1115 2063 1279 2101 viduata
1302 2077 1323 2101 a
1348 2065 1508 2101 Christo

193 2128 229 2155 et
268 2119 348 2156 suis
387 2120 581 2168 apostolis
621 2121 780 2157 ducitur
812 2134 882 2169 per
920 2122 1163 2159 tradiciones
1203 2123 1364 2159 frivolas
1397 2123 1508 2159 Anti-

192 2177 329 2213 christi
369 2187 406 2214 et
444 2178 500 2214 sic
537 2187 745 2227 tamquam
787 2192 886 2216 anus
926 2180 1131 2229 decrepita
1170 2180 1210 2216 in
1251 2180 1382 2217 modis
1414 2194 1508 2229 pue-

193 2235 331 2272 rilibus
360 2235 628 2273 iuvenescitur
652 2246 688 2274 et
711 2238 867 2286 sopitur
890 2238 1009 2275 nimis
1040 2252 1184 2287 magna
1208 2252 1302 2287 pars
1327 2240 1509 2276 doctrine

191 2294 374 2341 Apostoli
407 2294 446 2330 in
481 2295 651 2342 epistola
683 2309 755 2333 sua
788 2298 837 2333 ad
872 2298 1036 2333 Galatas
1069 2306 1106 2333 et
1132 2299 1312 2334 Hebreos
1348 2299 1394 2334 de
1428 2311 1509 2334 ces-

134 2352 173 2384 35
189 2351 351 2388 sacione
384 2352 570 2400 legalium
606 2363 643 2390 et
670 2354 880 2391 libertacio
915 2354 1092 2392 ecclesie.
1131 2356 1213 2401 Ubi,
1244 2356 1386 2405 inquit,
1412 2357 1511 2392 venit

187 2410 386 2459 plenitudo
420 2412 618 2460 temporis,
651 2414 803 2461 quando
838 2421 954 2462 pater
985 2421 1116 2450 noster
1147 2415 1295 2450 celestis
1334 2414 1509 2451 decrevit

190 2480 262 2503 nos
288 2460 380 2504 ‘esse
405 2469 621 2506 discrecius
654 2470 924 2514 instruendos,
959 2472 1203 2522 misitfilizmz
1227 2473 1506 2521 suumsactum

191 2538 241 2562 ex·
279 2527 438 2563 muliere
459 2528 615 2576 factum
653 2530 720 2564 sub
761 2530 860 2579 lege,
903 2537 942 2565 ut
979 2542 1043 2566 eos
1075 2531 1140 2579 qui
1177 2532 1245 2566 sub
1280 2531 1366 2580 lege
1398 2539 1509 2566 erant

192 2584 412 2629 redimeret,
436 2593 475 2621 ut
497 2586 745 2635 adopcionem
762 2588 942 2637 filiorum
966 2588 1236 2637 reciperemus.
1262 2589 1350 2624 Fuit
1373 2598 1505 2625 autem

132 2652 177 2682 40
193 2641 374 2679 Christus
404 2643 530 2679 factus
561 2656 603 2680 ex
636 2645 802 2682 muliere
832 2654 868 2682 et
892 2658 962 2694 per
988 2659 1237 2694 consequens
1267 2660 1358 2683 vere
1383 2647 1508 2683 factus

261 2761 300 2780 10.
324 2752 418 2780 Cod.:
441 2759 595 2788 seperunt.
671 2763 704 2782 11.
727 2755 821 2782 Cod.:
845 2756 1043 2783 beatitudine,
1120 2758 1159 2784 υἱ.
1182 2756 1277 2784 Cod.:
1301 2758 1357 2784 hoc
1379 2762 1504 2784 textum.

190 2794 236 2814 20.
258 2787 353 2815 Cod.:
375 2793 401 2815 et
424 2793 601 2824 petagogus.
733 2798 775 2817 22.
798 2790 892 2818 Cod.:
915 2791 1023 2825 legam.
1157 2792 1203 2818 26.
1226 2791 1320 2819 Coti:
1343 2797 1369 2819 ct
1391 2800 1505 2818 carum.

191 2830 237 2857 29.
260 2822 354 2850 Cod.:
376 2823 523 2850 invenies.
597 2823 641 2851 35.
663 2824 821 2853 libertacio
844 2825 907 2853 scil.
931 2825 1061 2862 sopitur.
1144 2825 1187 2861 37.
1212 2826 1306 2854 Cod.:
1328 2826 1504 2854 dis-cresim.

261 2893 408 2938 35—39.
436 2895 510 2928 Gal.
541 2895 598 2934 lV,
624 2907 656 2938 4.

480 1595 485 1601 .
647 1596 653 1601 .
1201 1597 1208 1603 .
1460 1599 1466 1604 .
1523 1579 1570 1606 lav
1593 1579 1677 1606 these
1704 1580 1799 1608 asido.

190 1603 373 1643 tempore
411 1596 508 1643 legis
547 1608 680 1643 gracoe
719 1596 855 1633 fideles
887 1598 1019 1645 legant
1053 1597 1237 1646 figuraha
1269 1599 1316 1634 de
1350 1601 1508 1644 Messla,
1553 1611 1558 1615 ·

1584 2069 1633 2095 but
1656 2078 1739 2096 more

1560 2104 1765 2131 burdcnsomc

1529 2147 1604 2165 (ntes
1625 2147 1674 2165 arc·
1696 2139 1789 2165 intro—

1585 2174 1681 2200 duced
1706 2174 1742 2209 by

1570 2209 1742 2236 Antichrist
