1944 3323
147 268 284 298 SERMO
298 259 454 316 xxxnr]
637 271 813 303 TERTIA
841 271 965 302 PARS·

149 378 415 427 mitigativam
450 377 749 427 regulacionem
784 377 950 414 ecclesie
973 377 1121 413 factam
1146 389 1168 413 a
1192 375 1355 413 Christo
1381 378 1464 412 Deo

147 445 184 473 et
218 436 381 474 homine
414 437 482 485 qui
524 445 582 473 est
620 435 878 484 singulariter
917 444 1037 484 caput
1071 435 1167 471 eius.
1215 436 1330 471 Unde
1362 434 1465 471 sicut

148 494 437 543 apparentibus
482 496 637 532 duabus
682 494 807 530 iribus
853 494 964 531 color
1002 493 1140 530 viridis
1185 491 1366 529 inferiori
1407 502 1465 529 est

147 553 333 602 superior
372 562 410 589 et
448 552 622 602 amplior
661 565 705 589 ex
743 551 948 601 aqueitate
989 551 1152 600 duplici,
1194 551 1250 588 sic
1283 550 1465 588 Christus

113 617 238 660 §post
272 611 599 648 incarnacionem
634 611 716 660 agit
749 610 1052 648 misericordius
1085 623 1176 647 cum
1200 623 1272 647 sua
1295 609 1465 646 ecclesia

57 665 131 727 Fold-
147 682 268 718 quam
302 669 380 718 egit
413 669 453 706 in
481 665 485 723 Ι
513 669 637 707 veteri
670 677 927 706 testamento.
975 671 1056 705 Nec
1088 677 1250 717 oportet
1283 669 1391 717 quod
1425 667 1465 703 in

50 711 112 753 ²57
146 727 231 763 istis
254 727 445 776 exemplis
468 727 518 764 sit
544 727 768 765 similitudo
802 727 1054 773 omnimoda,
1089 739 1179 763 curn
1214 726 1464 775 impossibile

146 785 195 822 sit
219 788 347 822 Deum
381 787 432 823 ad
465 795 574 823 extra
607 799 725 835 agere
758 785 834 823 nisi
867 785 987 822 simul
1020 794 1113 833 agat
1146 784 1462 822 misericorditer

146 852 267 893 atque
305 844 420 881 iuste.
470 844 667 882 Raciones
707 853 845 882 tamen
884 844 986 881 sicut
1026 844 1183 881 colores
1222 843 1334 879 iridis
1374 843 1465 880 sunt

91 920 130 941 10
147 901 345 939 distincte.

205 962 324 1006 Quod
357 969 492 997 autem
527 962 730 998 Johannes
764 960 858 997 vidit
891 960 1030 1011 viginti
1060 967 1227 1009 quatuor
1258 960 1393 996 sedilia
1427 960 1462 995 in

146 1018 307 1055 circuitu
339 1019 442 1056 sedis
473 1019 562 1067 Dei,
600 1019 731 1068 signat
769 1018 1071 1055 universitatem
1111 1017 1366 1067 posicionum
1401 1031 1464 1054 su-

146 1077 351 1125 periorum
378 1077 556 1114 fidelium
580 1077 620 1114 in
644 1077 813 1115 ecclesia
837 1076 1050 1123 militante,
1086 1076 1166 1114 sive
1190 1076 1268 1113 sint
1293 1089 1463 1125 persone

145 1135 349 1184 simplices
393 1135 474 1172 sive
519 1148 692 1184 persone
737 1148 780 1173 ex
819 1136 955 1172 multis
997 1135 1198 1184 episcopis
1238 1144 1462 1183 aggregate.

91 1201 128 1233 15
145 1193 211 1231 Sic
243 1193 349 1230 enim
375 1193 503 1230 David
536 1194 738 1231 ordinavit
761 1195 884 1230 XXIV
906 1195 1137 1231 sacerdotes
1171 1193 1344 1230 maiores
1377 1206 1464 1230 suc-

146 1252 293 1289 cessive
322 1251 597 1289 ministrantes
625 1253 666 1289 in
694 1253 846 1301 templo
875 1256 931 1298 (ut
962 1262 1072 1301 patet
1100 1255 1125 1289 1.
1156 1252 1285 1289 Paral.
1309 1253 1463 1297 XXV0),

145 1319 182 1346 et
220 1319 365 1347 notant
404 1310 631 1348 arsmetrici
670 1323 833 1348 sensum
875 1310 1079 1347 misticum
1114 1312 1335 1347 secundum
1371 1323 1463 1359 pro-

145 1367 359 1417 prietatem
393 1369 509 1406 huius
542 1369 714 1416 numeri,
753 1369 858 1406 sicut
897 1369 962 1406 ille
1001 1382 1194 1406 numerus
1234 1378 1292 1406 est
1325 1381 1463 1417 super-

146 1426 286 1463 ficialis
320 1428 518 1464 resultans
552 1440 595 1465 ex
628 1429 751 1465 ductu
784 1427 1032 1476 quaternarii
1072 1427 1111 1464 in
1151 1427 1368 1473 senarium,
1407 1427 1463 1463 sic

87 1503 130 1524 20
145 1485 289 1533 singuli
307 1486 535 1534 superiores
554 1486 699 1535 prelati
718 1486 883 1523 ecclesie
901 1487 1047 1523 debent
1071 1487 1219 1523 habere
1241 1487 1461 1523 secundum

145 1556 304 1580 sensum
322 1544 628 1593 quadruplicem
649 1544 846 1593 scripture
865 1544 1018 1582 scilicet
1036 1544 1246 1591 literalem,
1268 1545 1463 1581 moralem

144 1601 407 1650 allegoricum
448 1612 486 1639 et
526 1602 793 1651 anagogicum
835 1603 943 1640 iuxta
977 1602 1303 1640 convenienciam
1337 1612 1464 1639 status

143 1660 203 1697 vie
245 1669 282 1697 et
320 1660 479 1698 numeri
524 1661 671 1698 senarii
716 1661 938 1710 perfectum
985 1674 1144 1698 sensum
1190 1661 1282 1698 licet
1327 1674 1464 1709 super-

145 1718 318 1755 ficialem
353 1728 422 1756 aut
454 1728 615 1756 tenuem
651 1721 698 1756 de
737 1719 950 1769 scriptura.
997 1722 1046 1756 Et
1085 1719 1187 1757 sicut
1228 1719 1463 1756 immediate

87 1783 126 1815 25
144 1785 235 1825 post
267 1776 379 1814 illum
414 1790 626 1815 numerum
660 1777 842 1827 sequitur
871 1791 1062 1815 numerus
1095 1779 1317 1827 quadratus
1341 1778 1463 1814 resul-

144 1844 233 1872 tans
266 1848 310 1872 ex
342 1837 465 1873 ductu
498 1836 672 1885 quinarii
707 1836 746 1872 in
779 1849 819 1873 se
853 1836 1001 1885 ipsum,
1035 1836 1092 1873 sic
1115 1836 1350 1873 immediate
1374 1844 1463 1884 post

144 1893 263 1930 istam
296 1894 497 1931 viatorum
539 1894 733 1932 noticiam
773 1896 941 1932 resultat
981 1895 1204 1944 perfeccior
1242 1907 1316 1943 pro
1357 1903 1463 1931 statu

144 1952 273 2000 patrie
306 1965 382 2001 que
416 1953 459 1989 fit
491 1965 535 1990 ex
574 1954 697 1990 ductu
728 1953 940 1990 Trinitatis
981 1963 1017 1990 et
1051 1952 1217 1990 diversis
1250 1962 1391 1989 nature
1425 1953 1464 1988 in

146 2010 307 2047 Christo
339 2011 424 2047 sine
457 2011 594 2060 aliquo
616 2012 822 2060 superfluo
844 2013 905 2048 vel
929 2011 1142 2049 diminuto.
1177 2014 1226 2047 Et
1248 2011 1303 2048 ita
1326 2010 1464 2059 viginti

88 2075 131 2107 30
147 2078 320 2117 quatuor
373 2069 543 2106 istorum
595 2069 795 2106 sedulium
846 2069 1027 2107 vacuitas
1079 2078 1293 2107 attestatur
1345 2082 1465 2118 super

145 2127 398 2164 sterilitatem
432 2127 598 2165 ecclesie
632 2128 855 2165 militantis.
903 2128 1095 2174 Quamvis
1129 2137 1263 2166 autem
1297 2127 1463 2165 ecclesia

145 2187 354 2222 submersa
387 2185 427 2223 in
459 2187 753 2235 temporalibus
785 2200 867 2224 non
900 2187 1131 2224 considerat
1154 2187 1274 2223 istum
1299 2195 1463 2231 statum,

145 2252 281 2280 tamen
319 2244 506 2281 ordinata
545 2244 585 2281 in
617 2245 743 2293 priori
777 2244 969 2294 pauperie
1003 2254 1040 2282 et
1074 2246 1226 2283 elevata
1260 2245 1300 2281 in
1334 2245 1461 2281 celum

145 2314 225 2349 quo
265 2301 447 2339 Christus
485 2305 722 2340 ascenderat
760 2303 913 2340 videret
952 2305 1061 2352 quod
1101 2313 1231 2340 status
1270 2303 1343 2340 iste
1383 2303 1464 2351 epi-

89 2366 127 2399 35
145 2372 363 2408 scoporum
401 2361 504 2397 foret
542 2361 744 2398 infinitum
785 2361 1007 2410 perfeccior
1041 2375 1161 2410 quam
1195 2370 1322 2398 status
1357 2374 1463 2398 cesa-

145 2417 296 2454 riorum
337 2420 387 2455 ad
428 2418 592 2456 inferius
624 2433 717 2456 suos
749 2419 1001 2457 trahencium
1037 2429 1395 2469 quantumcunque
1425 2419 1464 2455 in

145 2476 437 2525 temporalibus
470 2477 548 2514 sint
573 2478 720 2524 dotati;
755 2479 813 2514 illi
834 2479 932 2514 enim
956 2479 1128 2515 seniores
1149 2479 1324 2515 sedentes
1346 2490 1464 2528 super

144 2542 279 2571 tronos
317 2534 406 2571 illos
446 2536 586 2587 viginti
622 2544 789 2585 quatuor
826 2537 957 2573 forent
996 2536 1143 2573 maturi
1190 2536 1230 2572 in
1269 2536 1462 2581 moribus,

145 2592 241 2641 quia
284 2591 324 2628 in
368 2592 541 2631 sciencia
586 2593 720 2631 divina
764 2595 917 2644 populo
962 2594 1153 2645 seniores,
1208 2603 1245 2631 et
1297 2604 1463 2643 propter

214 2747 234 2767 1.
252 2739 347 2767 Cod.:
370 2739 591 2775 rcgracionem.
658 2740 694 2768 15.
711 2741 806 2769 Cod.:
828 2741 1051 2769 sacerdotores.
1119 2750 1160 2777 ις).
1176 2741 1272 2771 Cod.:
1294 2743 1461 2771 cenarium.

143 2782 183 2802 21.
205 2774 300 2813 Cod.:
323 2775 560 2810 quadriplicem.
632 2775 675 2804 23.
699 2775 792 2803 Cod.:
815 2776 938 2804 cenarii.
1012 2778 1057 2804 28.
1080 2778 1221 2805 diversis
1244 2778 1338 2806 Cod.:
1361 2779 1461 2806 diu'c'.

143 2809 281 2837 Recnus:
302 2814 330 2837 et
350 2810 463 2838 divine.
537 2809 583 2845 39.
605 2809 700 2838 Cod.:
720 2813 775 2846 p—p.

219 2916 269 2938 11.
285 2906 396 2950 Apoc.
413 2906 468 2946 IV,
482 2917 514 2947 4.
568 2915 620 2939 21.
636 2907 726 2938 Vide
745 2917 851 2950 supra
871 2909 983 2940 Serm.
999 2907 1100 2940 XXII.
1152 2907 1205 2950 37.
1225 2910 1337 2952 Apoc.
1356 2909 1412 2948 IV,
1429 2921 1460 2954 4.

1675 263 1754 308 269

1497 963 1564 991 The
1585 972 1620 997 24
1641 964 1740 991 eldcrs

1527 999 1640 1035 siauisy
1662 1000 1712 1026 the

1498 1020 1615 1073 leafe-rs
1636 1038 1667 1073 ,0¹
1688 1035 1737 1061 the

1549 1069 1682 1097 mnhtul.

1548 1383 1689 1419 Mystical

1515 1419 1676 1453 meanings
1696 1419 1731 1445 ot

1518 1455 1567 1481 the
1589 1454 1721 1480 number

1510 1493 1624 1525 twenty
1645 1489 1725 1516 four.
