1944 3323
270 1757 404 1783 Various

233 1792 392 1825 meaniugs
414 1792 446 1818 of

265 1826 389 1861 religion
403 1836 410 1859 ;

202 1869 222 1888 1.
245 1862 293 1887 [lle
310 1861 391 1887 trull]
413 1861 474 1887 um

201 1896 320 1922 teaches
343 1904 377 1921 us
399 1896 467 1921 how

214 1935 244 1957 to
267 1938 353 1957 serve
375 1930 454 1956 God.

237 2226 263 2255 2..
283 2217 349 2255 Tlie
370 2222 433 2255 acts

203 2260 362 2287 springiug
383 2255 461 2278 lrom

249 2287 313 2313 that
334 2286 427 2313 truth.

215 2390 239 2417 3.
261 2390 328 2417 The
351 2390 458 2424 people

216 2425 285 2451 ulio
307 2425 346 2451 do
367 2424 459 2452 them.

772 205 994 236 JOHANNJs
1016 205 1198 236 WYCLIF
1216 204 1472 236 SERMONUM
1534 188 1687 246 [SERMO
1709 201 1785 228 XLI-

483 323 598 359 equus
626 311 799 359 pallidus
831 317 865 345 et
897 310 960 357 qui
989 310 1143 345 sedebat
1175 322 1291 358 super
1319 322 1416 351 cum,
1450 322 1582 345 nomen
1606 310 1664 344 illi
1684 322 1789 345 mors

483 376 517 404 et
540 369 714 416 infernus
735 367 964 415 sequebatur
986 379 1081 402 eum.
1117 367 1385 414 Sanguissuga
1410 367 1513 402 enirn
1538 366 1631 403 facit
1655 380 1788 403 servos

484 439 575 461 suos
609 425 779 471 pallidos
820 434 856 460 et
895 436 1130 471 exsangues;
1169 424 1261 461 ideo
1299 437 1381 460 non
1422 424 1566 460 mirum
1600 424 1631 460 si
1665 436 1788 472 equus

486 484 667 519 diabolus
707 481 773 530 qui
814 490 868 517 est
912 494 1017 517 mors
1059 482 1201 517 mentis
1247 482 1464 518 extrinseca
1508 482 1557 517 sit
1602 481 1788 529 pallidus.

486 540 661 576 lnfernus
701 548 834 576 autem
875 551 964 575 cum
1007 539 1194 575 omnibus
1233 539 1551 576 circumstanciis
1596 541 1822 587 dampna-5

485 597 609 634 cionis
649 606 841 645 perpetue
880 596 1060 644 sequitur
1100 597 1196 633 istos
1229 609 1374 633 servos.
1421 599 1497 633 Sed
1531 597 1619 633 finis
1652 597 1789 632 intrin-

483 669 594 692 secus
627 668 832 691 servorum
865 653 1020 691 iusticie
1053 663 1110 690 est
1142 655 1275 701 gracia
1309 664 1586 691 consummata
1619 667 1694 702 que
1735 663 1791 690 est

487 713 565 749 vita
603 721 739 749 eterna
778 721 813 748 et
853 711 942 748 finis
982 712 1063 748 eius
1097 712 1340 748 extrinsecus
1373 722 1429 748 est
1463 712 1649 749 dominus
1681 715 1791 748 „lesus

485 770 680 807 Christus.
715 771 808 806 Ideo
833 769 928 806 dicit
951 778 1098 806 textus:
1139 771 1282 806 Gracia
1317 771 1392 806 Dei
1423 771 1498 806 vita
1533 778 1675 806 eterna.
1710 772 1790 806 Nec

485 828 598 865 rideo
631 829 800 864 multum
831 827 989 863 differre
1019 828 1098 864 sive
1127 827 1262 875 gracia
1285 827 1529 875 intelligatur
1546 827 1819 863 nominative1

485 886 564 922 sire
610 885 735 922 eciam
781 885 966 930 ablative,
1012 885 1226 933 utrobique
1264 894 1397 922 autem
1437 894 1494 921 est
1534 884 1792 921 beatitudinis

486 957 605 980 causa
645 943 865 980 extrinseca
904 943 1101 979 obiectiva
1139 944 1303 979 verbum
1339 943 1409 979 Dei
1449 942 1637 978 divinitus
1673 951 1791 990 atque

486 1001 728 1038 humanitus.
762 1003 893 1048 Ipsum
929 1001 1034 1036 enim
1067 1000 1299 1037 terminabit
1331 1002 1550 1036 secundum
1574 1000 1791 1048 quietacio-

486 1072 574 1095 nem
621 1067 856 1107 perpetuam
898 1067 980 1095 tarn
1020 1072 1178 1094 sensum
1221 1058 1326 1094 beati
1370 1071 1490 1106 quam
1531 1058 1790 1099 intellectum7

486 1117 579 1164 quia
616 1118 704 1153 Joh.
739 1118 877 1161 XV110,
915 1117 931 1152 3
981 1116 1188 1152 scribitur:
1234 1117 1317 1152 Hec
1360 1124 1414 1152 est
1459 1117 1533 1151 vita
1579 1124 1709 1152 eterna
1754 1124 1820 1150 uti

484 1182 718 1225 cognoscant
740 1181 775 1210 te
803 1182 837 1210 et
859 1186 966 1222 quem
991 1174 1127 1210 misisti
1145 1175 1273 1210 lesum
1303 1174 1511 1209 Christum.
1545 1177 1577 1209 A
1600 1173 1792 1209 fructibus

487 1245 578 1279 ergo
602 1241 638 1268 et
662 1231 806 1268 finibus
829 1231 997 1267 istorum
1026 1241 1201 1268 statuum
1235 1231 1483 1279 cognoscetis
1517 1244 1596 1267 eos.
1631 1233 1679 1267 Et
1701 1240 1791 1267 sunt

487 1291 524 1325 in
570 1302 782 1338 progressu
827 1288 1074 1325 condicionis
1119 1289 1316 1337 opposite,
1371 1302 1460 1325 cum
1508 1288 1674 1324 servitus
1720 1288 1789 1324 Dei

487 1347 693 1383 invalescit
738 1347 777 1382 in
822 1346 1105 1391 delectacione‚
1154 1356 1190 1383 et
1230 1348 1304 1382 hoc
1344 1355 1456 1382 tanto
1498 1347 1585 1393 plus
1624 1355 1791 1394 apparet

487 1407 533 1440 tle
567 1414 716 1453 quanto
751 1405 838 1453 quis
872 1413 929 1440 est
962 1404 1158 1440 acucioris
1192 1404 1341 1440 iudicii.
1376 1406 1423 1440 Et
1457 1405 1574 1440 habet
1609 1406 1667 1441 (ut
1699 1416 1822 1451 sepe2

487 1462 646 1507 dieitur)
682 1462 799 1498 finem
832 1462 955 1498 vitam
990 1471 1167 1498 eternam
1203 1471 1239 1498 et
1271 1462 1311 1498 in
1344 1471 1428 1497 toto
1462 1471 1625 1498 econtra
1659 1471 1715 1497 est
1745 1463 1791 1497 de

488 1519 706 1556 innaturali
740 1520 927 1556 servitute
962 1520 1127 1567 peccati,
1163 1533 1251 1556 cum
1277 1533 1415 1555 omnes
1439 1520 1571 1566 regule
1596 1519 1792 1566 scripture

488 1577 721 1625 religionem
762 1578 921 1625 sapiant
961 1587 997 1612 et
1038 1579 1085 1613 de
1126 1577 1316 1625 religione
1356 1586 1398 1612 ut
1437 1577 1697 1613 fundamento
1736 1586 1792 1612 est

489 1635 616 1672 maior
654 1635 878 1672 contencio.
925 1637 1015 1671 Ideo
1056 1637 1102 1671 de
1142 1635 1227 1683 ipsa
1266 1638 1323 1680 (ut
1356 1648 1448 1683 sepe
1482 1634 1678 1683 superius)
1720 1635 1792 1670 erit

487 1706 632 1730 sermo.
1810 1705 1824 1725 2

546 1752 622 1787 Sed
663 1750 755 1798 quia
795 1763 838 1786 ex
879 1751 953 1786 fide
993 1750 1188 1797 scripture
1227 1750 1399 1797 supponi
1439 1751 1555 1785 debet
1588 1752 1792 1797 quomodo

488 1810 521 1845 si
551 1816 605 1844 est
644 1807 782 1855 religio
821 1817 858 1844 et
897 1809 1103 1856 quomodo
1141 1809 1231 1856 quid
1268 1815 1323 1843 est
1367 1820 1409 1843 ex
1449 1809 1625 1843 secundo
1662 1809 1792 1842 Poste-

489 1866 640 1902 riorum
665 1865 896 1902 immediate
919 1866 967 1902 ad
993 1865 1101 1901 illam
1135 1865 1406 1913 consequitur,
1439 1864 1529 1900 ideo
1553 1864 1658 1900 circa
1682 1865 1789 1900 illam

489 1923 741 1972 questionem
785 1932 842 1959 est
887 1923 1094 1970 paululum
1135 1923 1450 1965 immorandum,
1498 1922 1694 1969 capiendo
1734 1922 1791 1957 in-

490 1981 628 2029 primis
652 1982 758 2028 quod
792 1993 939 2016 nomen
971 1980 1175 2028 religionis
1209 1990 1265 2016 est
1296 1981 1390 2016 satis
1425 1980 1675 2027 equivocum.
1710 1979 1790 2015 Ali-
1810 1992 1824 2012 ,υ

489 2040 650 2087 quando
696 2037 801 2074 enim
846 2038 1042 2085 accipitur
1090 2038 1229 2085 religio
1275 2051 1348 2085 pro
1392 2037 1558 2074 veritate
1603 2036 1792 2073 directiva

489 2096 711 2141 hominum,
746 2104 787 2131 ut
821 2095 951 2132 debite
985 2095 1156 2132 serviant
1180 2098 1263 2131 Deo
1296 2108 1367 2131 suo
1401 2105 1437 2131 et
1470 2094 1687 2142 aliquando
1720 2108 1792 2142 pro

488 2163 579 2190 actu
602 2166 623 2190 a
639 2152 829 2200 religione
853 2153 1081 2189 huiusmodi
1106 2155 1346 2200 procedente
1369 2155 1436 2189 sed
1460 2151 1583 2188 tercio
1609 2152 1793 2188 materia-

490 2211 577 2247 liter
601 2224 673 2258 pro
692 2210 788 2258 ipsis
810 2210 1006 2258 religiosis
1029 2211 1160 2247 taliter
1181 2210 1395 2247 inclinatis.
1414 2209 1636 2257 Religiones
1658 2218 1791 2246 autem

1829 840 1849 859 0

1834 1117 1849 1148 5

490 2281 588 2304 vane
622 2268 847 2304 cuiusmodi
880 2277 970 2304 sunt
1003 2281 1142 2305 omnes
1175 2281 1247 2305 nec
1281 2268 1462 2316 explicite
1494 2280 1567 2304 nec
1600 2267 1793 2315 implicite
1813 2270 1850 2301 35

490 2325 713 2362 fundabiles
758 2325 797 2362 in
841 2326 1039 2373 scriptura
1084 2339 1164 2362 non
1202 2335 1292 2362 sunt
1332 2325 1542 2373 religiones
1581 2324 1654 2360 nisi
1692 2325 1793 2361 forte

490 2384 771 2420 nominetenus
795 2392 831 2419 et
853 2384 967 2420 valde
991 2383 1194 2431 equivoce.
1231 2384 1477 2431 Religionem
1502 2391 1633 2419 autem
1659 2395 1792 2419 veram

492 2441 648 2477 distinxi
688 2441 819 2488 sepius
858 2441 898 2477 in
937 2441 1170 2488 religionem
1217 2441 1474 2477 christianam
1504 2436 1507 2491 Ι
1537 2452 1791 2476 communem
1811 2422 1886 2489 folo

491 2507 528 2535 et
571 2498 805 2546 religionem
846 2499 1056 2546 privatam.
1104 2498 1347 2546 Religionem
1395 2509 1650 2534 communem
1692 2493 1824 2533 eh1·i-'

1831 2473 1872 2508 71)

491 2556 662 2592 stianam
707 2556 845 2592 vocavi
890 2556 1123 2604 religionem
1164 2569 1283 2604 quam
1330 2556 1460 2592 omnis
1506 2554 1633 2590 fidelis
1678 2556 1850 2600 debet4o

491 2614 562 2649 sub
595 2626 697 2661 pena
730 2613 957 2650 amissionis
991 2613 1248 2650 beatitudinis
1288 2615 1513 2657 observare⁷
1555 2620 1590 2647 et
1630 2612 1697 2648 illa
1735 2611 1792 2647 in-

562 2745 607 2771 26.
630 2746 660 2772 ln
683 2754 794 2780 marg:
818 2746 962 2773 Dubium.
1082 2746 1127 2773 [³0.
1150 2747 1181 2773 lu
1204 2755 1315 2780 marg:
1340 2756 1357 2773 1.
1482 2746 1524 2772 32.
1548 2746 1641 2772 Cod.:
1664 2746 1699 2772 de
1721 2754 1791 2773 suo:

492 2782 530 2807 ib.
561 2780 589 2806 iu
622 2788 733 2814 marg:
767 2788 790 2807 2.
970 2779 1012 2808 33.
1047 2781 1238 2814 lluiusmodi3
1274 2781 1359 2808 eod.:
1395 2777 1450 2814 11?;
1485 2781 1523 2807 ib.
1554 2780 1584 2807 in
1615 2788 1728 2814 marga
1762 2788 1791 2811 4.

492 2815 535 2848 134,
558 2814 650 2841 Coti:
680 2814 848 2849 religiosos.
