1944 3323
91 925 129 945 10

86 1791 123 1822 25

82 2082 125 2114 30

82 2372 121 2406 35

146 277 281 306 samio
298 266 452 323 xxx-ur]
635 279 808 310 TERTIA
835 279 962 310 PARS.
1673 281 1692 307 2
1703 272 1750 318 7>ς

145 387 324 436 privatus
375 386 602 436 prepositus
653 395 710 423 est
755 385 1003 423 necessarius
1052 387 1101 423 ad
1148 385 1351 434 religionis
1395 400 1464 423 sue

145 445 448 483 observanciam
500 457 621 493 quam
673 443 807 481 taliter
855 444 1108 492 profitentur,
1155 444 1312 482 videtur
1356 446 1462 493 quod

145 505 383 541 detestando
435 517 551 540 suum
596 502 798 551 privatum
845 503 1097 551 prepositum
1143 503 1235 540 licet
1280 503 1336 540 eis
1380 504 1464 540 sine

145 562 349 611 apostasia
379 563 429 599 ad
459 561 583 598 alium
609 561 811 598 declinare
841 570 877 597 et
901 573 971 609 per
994 561 1099 598 idem
1125 574 1264 598 omnes
1288 561 1464 610 privatos

146 621 230 657 sine
255 620 486 657 differencia
519 632 560 656 se
595 619 762 656 miscere
796 628 832 656 et
867 620 994 656 multo
1030 620 1156 668 magis
1189 619 1461 657 differenciam

146 679 183 715 in
225 679 363 715 habitu
404 677 588 727 corporis
621 678 680 715 vel
722 677 810 714 aliis
844 677 986 714 ritibus
1025 678 1340 716 infundabilibus
1374 678 1464 715 licet

146 737 362 774 dimittere.

203 795 408 841 Similiter,
453 797 601 832 Grecos
647 803 881 842 reputamus
926 806 969 831 ex
1013 807 1084 831 sua
1129 795 1324 832 divisione
1371 795 1465 832 scis-

148 853 293 890 matica
338 853 532 899 infideles,
578 853 670 889 licet
716 861 878 889 teneant
925 852 1045 889 fidem
1091 853 1378 901 apostolicam:
1427 863 1464 890 et

145 912 200 948 sic
247 914 294 949 de
344 912 450 949 Indis
495 912 629 960 quoad
676 911 796 947 fidem
844 924 965 959 quam
1012 911 1066 948 eis
1111 911 1257 948 indidit
1303 921 1465 949 sanctus

144 972 338 1016 Thomas,
383 980 419 1007 et
452 970 508 1007 ita
541 971 589 1007 de
622 969 757 1006 multis
791 969 1029 1006 nacionibus
1063 982 1140 1018 que
1173 983 1251 1006 non
1287 970 1465 1007 subiecte

145 1038 235 1065 sunt
269 1032 453 1065 Romano
493 1027 691 1077 pontifici.
738 1029 837 1064 Cum
882 1040 975 1075 ergo
1015 1037 1170 1064 tantum
1219 1038 1325 1066 errat
1370 1042 1464 1078 que-
1523 1036 1720 1070 ont-pope&

144 1100 301 1135 cunque
341 1087 508 1124 istarum
549 1089 721 1123 duarum
762 1085 945 1135 parcium
981 1099 1058 1135 que
1099 1087 1272 1123 tenuerit
1305 1097 1461 1135 partem
1481 1075 1754 1132 ''4122‘31}}¹c¹¹‡¹¹.i;{³¹s3¹7·
1784 1079 1787 1080 ⁷

144 1146 283 1182 falsam
320 1155 356 1182 et
380 1155 538 1182 tanturn
563 1145 738 1182 declinat
771 1157 793 1181 a
825 1144 1029 1181 sentencia
1053 1145 1133 1181 veri
1167 1158 1284 1194 pape,
1308 1146 1464 1182 videtur
1513 1142 1731 1202 si’sfdgff'fffj-*t‘o

144 1206 251 1253 quod
300 1205 400 1241 alter
448 1204 608 1240 illarum
654 1202 821 1240 omnino
867 1216 888 1240 a
937 1203 1014 1240 fide
1058 1203 1255 1240 exorbitat
1296 1213 1332 1241 et
1372 1213 1464 1240 ante
1503 1191 1677 1250 ἷιιςςηωιξξ
1699 1210 1733 1237 01*

144 1263 380 1300 divisionem
419 1262 587 1299 istorum
629 1274 828 1310 paparum
870 1271 1104 1298 constanter
1137 1271 1174 1298 et
1208 1263 1464 1299 concorditer
1521 1246 1719 1281 prm-mnan.

143 1330 324 1358 tenerent
363 1320 490 1357 nostri
530 1319 706 1368 religiosi
746 1320 864 1356 istam
898 1320 1158 1357 sentenciam.
1198 1322 1275 1357 Sed
1308 1320 1465 1358 videtur

144 1381 250 1428 quod
286 1388 496 1427 expectant
528 1388 570 1415 ut
603 1378 746 1427 perfidi
780 1391 871 1415 cum
905 1388 1078 1428 utroque
1116 1392 1222 1428 papa
1258 1379 1464 1416 commixti

143 1438 183 1474 in
216 1447 374 1475 tantum
410 1438 518 1486 quod
550 1437 590 1473 in
622 1436 767 1485 Anglia
800 1437 942 1473 fratres
976 1438 1154 1474 eiusdem
1189 1437 1342 1474 ordinis
1374 1446 1464 1474 sunt

145 1505 310 1545 propter
334 1495 625 1545 provincialem
649 1505 859 1544 tamquam
885 1495 924 1532 in
948 1495 1117 1533 materia
1148 1496 1241 1533 fidei
1273 1496 1462 1545 separati,

146 1564 186 1591 ut
221 1555 289 1601 hii,
325 1556 433 1603 quod
466 1553 725 1603 provincialis
759 1566 878 1602 quem
915 1555 1138 1591 Urbanus
1171 1564 1337 1592 noster
1371 1567 1464 1592 con-

144 1613 273 1650 stituit
318 1613 367 1649 sit
410 1612 670 1662 provincialis
723 1624 863 1648 eorum
913 1612 1128 1660 legitimus,
1176 1622 1213 1649 et
1258 1613 1311 1649 hii
1356 1614 1463 1661 quod

143 1672 244 1708 alius
289 1685 407 1720 quem
453 1671 529 1720 ipsi
575 1670 769 1718 elegerint
814 1671 874 1706 vel
918 1671 1114 1719 generalis
1159 1673 1231 1708 sub
1272 1672 1462 1717 RobertO,

143 1729 300 1766 iusticia
345 1729 394 1766 sit
438 1728 697 1778 provincialis
748 1741 889 1765 eorum
937 1729 1160 1777 legitimus:
1207 1739 1244 1766 et
1293 1729 1465 1767 breviter

142 1801 223 1824 non
246 1797 304 1825 est
320 1787 429 1825 racio
454 1800 578 1837 quare
601 1788 649 1824 de
665 1787 859 1824 divisione
882 1787 1051 1824 istorum
1069 1790 1241 1824 duorum
1266 1801 1463 1837 paparum

141 1847 243 1883 foret
267 1846 462 1883 dissensio
495 1845 575 1883 sive
599 1846 783 1882 dubietas
816 1845 913 1894 quin
946 1858 1017 1894 per
1049 1846 1157 1883 idem
1190 1846 1231 1883 in
1263 1846 1465 1884 eleccione

142 1917 478 1954 quorumcunque
500 1904 815 1953 prepositorum,
841 1905 1090 1953 prelatorum
1116 1904 1303 1942 ordinum
1330 1914 1465 1954 posset

141 1976 226 2000 esse
260 1975 478 2000 consensus
511 1963 709 2000 dubietas.

200 2021 408 2067 Similiter,
449 2030 636 2058 notemus
676 2021 881 2058 racionem
923 2034 1048 2070 quare
1087 2030 1179 2058 ante
1214 2021 1331 2059 istam
1368 2021 1464 2058 divi-
1499 2027 1567 2055 The
1589 2029 1732 2063 seligimus

141 2079 294 2117 sionem
325 2080 390 2117 isti
419 2079 596 2128 religiosi
626 2079 940 2127 magnificarum
973 2081 1081 2128 quod
1111 2089 1317 2128 oporteret
1346 2080 1465 2116 simul
1504 2064 1738 2133 ,1321}J¹⁸j⁸}{¹gd⁵111c

139 2150 224 2175 esse
264 2151 412 2187 papam
452 2138 615 2175 unicum
655 2148 691 2175 et
729 2151 811 2174 non
844 2139 1006 2175 multos.
1052 2140 1120 2175 Est
1154 2139 1297 2187 duplex
1331 2151 1464 2184 causa,
1513 2134 1728 2204 κζζζῖὶῖζζζρῖ,

140 2196 284 2245 prima,
320 2209 410 2233 cum
434 2209 541 2245 papa
564 2197 709 2245 figurat
734 2196 939 2233 Christum
963 2205 1171 2246 tamquam
1206 2197 1465 2234 immediatus
1482 2186 1759 2245 1.';1s{1²11{211re‘0t

140 2254 222 2291 eius
254 2254 440 2297 vicarius,
481 2255 586 2292 idem
628 2255 730 2292 foret
770 2256 998 2303 approbare
1038 2256 1137 2292 tales
1178 2256 1276 2292 duas
1316 2255 1464 2303 figuras
1563 2239 1677 2272 ‘MN’

140 2322 177 2349 et
216 2325 393 2350 asserere
431 2315 541 2361 quod
578 2314 738 2350 fuerant
780 2315 859 2350 duo
900 2313 1062 2350 Christi.
1113 2315 1188 2350 Sed
1240 2315 1315 2350 hoc
1361 2314 1463 2350 foret

139 2371 307 2408 omnino
340 2371 501 2408 infidele
535 2380 572 2408 et
605 2371 883 2408 antichristiva
916 2371 1140 2408 sentencia:
1182 2384 1276 2420 ergo
1316 2381 1354 2408 et
1386 2371 1464 2408 alia

139 2429 343 2466 sentencia
378 2429 485 2466 istud
519 2429 702 2467 indicans
739 2429 778 2465 in
816 2430 954 2478 figura.
1000 2430 1065 2466 Sic
1100 2429 1207 2467 enirn
1243 2430 1463 2479 Apostolus

140 2487 284 2524 diffinit
317 2496 360 2524 ut
392 2488 674 2525 infidelitatem
710 2489 817 2537 quod
859 2488 1101 2525 christianus
1142 2488 1192 2525 sit
1226 2488 1463 2536 regulariter

140 2546 422 2593 circumcisus3
455 2546 561 2582 idem
595 2546 701 2583 enim
726 2547 830 2583 foret
855 2548 930 2583 hoc
961 2559 1140 2584 asserere
1171 2555 1293 2595 atque
1316 2546 1463 2583 similia

138 2613 180 2640 ut
215 2605 394 2641 futurum
429 2604 617 2641 Messiarn
651 2604 773 2642 alium
810 2613 1034 2654 expectare.

207 2762 235 2780 «ι,
260 2761 299 2778 ιι).
323 2751 417 2779 (ζωὰς
440 2756 468 2778 et
490 2751 512 2777 si
536 2751 571 2778 de
590 2751 688 2778 Indis.
771 2759 807 2778 12.
832 2752 927 2779 Coit:
951 2756 1020 2778 sunt
1042 2752 1136 2778 deest.
1211 2760 1253 2778 22.
1276 2752 1371 2778 (Inda
1394 2760 1461 2786 prw

140 2786 295 2813 rint-inlex.
369 2786 413 2813 23.
435 2787 530 2814 (joela
553 2786 703 2821 eligerint.
780 2787 826 2813 mi.
849 2787 944 2813 Com:
968 2787 1135 2813 discensio.
1209 2794 1253 2821 27.
1277 2788 1371 2814 (ζωὰς
1396 2795 1461 2821 prc-

137 2822 292 2848 liatorum.
367 2824 409 2847 28.
432 2821 527 2848 (jo-15
550 2829 740 2848 conscensus
762 2822 904 2848 dibictns.
979 2820 1024 2848 131».
1049 2822 1145 2848 cod:
1169 2822 1390 2855 lnagincurnnt.

209 2917 241 2948 8.
270 2916 321 2949 Cf.
343 2918 466 2955 Trial„
493 2927 572 2959 pag.
601 2917 678 2958 440.

1263 2975 1329 3007 18*
