1944 3323
74 907 111 927 10

73 1187 108 1219 ιζ’)

72 1490 111 1510 20

73 2349 113 2381 35

125 260 261 289 smnio
285 248 376 306 run]
612 258 788 290 Tffi'rm
816 258 941 288 mas.
1647 256 1721 291 47¹

127 371 427 417 condempnare
462 377 669 415 tamquam
713 364 901 409 heretica,
944 375 1032 399 cum
1074 362 1151 397 sint
1193 361 1230 396 in
1272 360 1439 408 antiquo

129 429 282 465 dicrum
319 436 356 464 et
390 439 479 463 cum
514 424 662 461 sanctis
696 432 777 460 tam
813 420 1084 459 communiter
1118 420 1358 467 approbata.

185 489 226 522 In
259 485 334 522 ista
376 482 542 521 materia
575 481 727 519 asserui
761 489 927 529 propter
961 478 1142 516 raciones
1178 477 1323 513 multas
1348 488 1440 512 con-
1561 484 1627 511 '1‘110
1681 519 1684 522 ἦ

126 543 276 581 similes
329 552 535 590 tamquam
591 539 801 588 probabile
850 539 957 587 quod
1012 538 1088 572 hoc
1143 543 1440 572 sacramentum
1470 524 1720 588 ,ᾗζζζῑῇᾞῇζηῇᾖά

126 601 388 651 spiritualiter
421 609 458 636 ct
498 599 660 635 realiter
701 606 757 634 est
800 608 946 644 corpus
981 594 1129 632 Christi
1163 602 1231 630 aut
1265 591 1440 641 sanguis,
1460 585 1721 652 bffffilbl‘ugngligffi

127 670 162 697 et
186 660 456 707 interrogatus
480 657 645 693 ulterius
665 655 843 693 concessi
863 655 970 703 quod
991 652 1121 701 ipsum
1143 658 1442 688 sacramentum
1523 653 1531 659 ⁹
1552 641 1560 650 ι
1702 638 1730 650 b

127 728 183 755 est
213 716 450 754 naturaliter
472 714 702 752 substancia
727 713 842 762 panis
865 720 933 749 aut
955 710 1035 748 vini
1060 710 1294 747 materialis.
1329 711 1443 746 Nunc

127 786 259 814 autem
294 784 409 812 taceo
444 775 515 810 hec
549 775 628 809 duo
661 772 828 809 nomina
861 768 1092 807 substancia
1132 778 1169 805 et
1207 767 1442 813 materialis,

127 848 206 871 non
252 834 347 883 quia
395 834 515 870 credo
563 831 631 868 illa
677 830 842 867 nomina
887 828 1094 865 dissonare
1138 826 1377 863 naturaliter
1421 838 1443 862 a

127 893 293 930 veritate
327 891 381 928 rei
416 890 608 939 predicte,
649 891 717 926 sed
751 888 845 937 quia
877 899 958 924 non
990 886 1105 922 video
1139 886 1189 922 ad
1222 885 1318 934 quid
1352 897 1442 920 cum
1466 892 1660 929 Wyclifwin
1684 897 1737 919 not

127 951 212 987 istis
257 949 489 987 nominibus
529 956 767 985 oneraretur
807 944 995 989 ecclesia,
1043 943 1132 980 ideo
1174 954 1363 980 remaneo
1404 941 1444 978 in
1466 927 1732 990 ιξῇᾗδῗὲῇἒζρξιῇᾖ

126 1009 256 1046 verbis
280 1006 529 1045 brevioribus
553 1007 592 1042 in
618 1006 694 1042 fide
717 1004 915 1053 scripture
940 1001 1148 1051 expressis,
1184 1002 1444 1038 concedendo
1495 997 1704 1060 Χζῐιξζὲῐιξῐῐιῗὲνῧ

127 1069 235 1116 quod
277 1068 353 1103 hoc
392 1073 692 1102 sacramentum
735 1072 792 1099 est
832 1061 946 1110 panis
980 1073 1098 1109 quem
1133 1059 1368 1108 frangimus,
1409 1067 1446 1095 et
1463 1068 1600 1095 »mediess
1616 1050 1734 1094 ‘burdcn

127 1126 182 1162 sic
217 1125 313 1162 dicit
337 1124 570 1172 Apostolus,
606 1122 673 1171 qui
698 1121 854 1168 accepit
877 1132 1037 1155 sensum
1061 1131 1177 1155 suum
1202 1131 1223 1154 a
1247 1117 1445 1163 Domino,
1463 1102 1737 1164 [ξῧῒᾞξὸξῘζιζῇιζῖ

127 1196 286 1231 semper
326 1191 459 1219 autem
501 1189 688 1229 exspecto
734 1178 1055 1216 declaracionem
1104 1185 1361 1224 satraparum
1409 1184 1446 1212 et
1480 1172 1725 1235 ῑξῑςθῠῗὲῗιῑέῐέῐξὲῑ

127 1241 355 1290 specialiter
407 1240 574 1276 fratrum
630 1239 669 1274 in
723 1238 791 1274 illa
838 1235 1007 1272 materia
1053 1234 1182 1284 qualis
1227 1234 1342 1282 panis
1386 1234 1447 1270 vel
1493 1224 1707 1287 ¹theb'swzidss

127 1299 355 1336 cuiusmodi
389 1298 437 1335 sit
472 1299 547 1335 hoc
581 1304 898 1340 sacramentum,
932 1296 993 1331 vel
1031 1294 1061 1330 si
1102 1292 1270 1330 concedi
1305 1293 1447 1329 debeat
1480 1277 1612 1305 (Amsts
1633 1276 1724 1313 body.

127 1359 235 1407 quod
281 1366 338 1394 est
384 1357 518 1405 panis3
567 1357 675 1404 quod
720 1355 751 1391 si
797 1366 938 1390 omnes
984 1351 1049 1388 isti
1089 1351 1333 1400 negaverint,
1375 1363 1446 1398 ego

127 1426 263 1453 tamen
303 1428 428 1464 usque
469 1416 518 1452 ad
559 1422 730 1450 mortem
773 1413 995 1449 concedam
1038 1420 1079 1447 ut
1120 1410 1240 1446 fidem
1280 1409 1447 1446 ecclesie

129 1488 199 1523 per
232 1476 360 1511 Deum
395 1473 434 1509 in
467 1486 539 1510 suo
573 1473 770 1520 Apostolo
805 1479 1025 1507 reseratam
1062 1470 1170 1517 quod
1205 1469 1280 1504 hoc
1314 1480 1446 1504 sacra-

129 1541 309 1569 mentum
335 1540 392 1568 est
416 1531 531 1580 panis
556 1539 592 1568 et
616 1531 723 1579 quod
754 1530 818 1565 ille
851 1528 966 1577 panis
1001 1536 1058 1564 est
1090 1539 1181 1564 vere
1216 1534 1252 1562 et
1286 1525 1449 1562 realiter

131 1604 276 1639 corpus
321 1589 482 1635 Christi,
530 1589 624 1638 quia
669 1597 889 1636 utrumque
935 1588 1052 1622 docet
1098 1585 1195 1622 fides
1241 1583 1448 1631 evangelii,

129 1649 388 1686 considerans
435 1650 543 1696 quod
593 1646 809 1683 concilium
861 1645 1021 1681 illorum
1071 1653 1328 1691 satraparum
1377 1642 1450 1677 fuit

128 1708 418 1755 incompletum
467 1715 503 1742 et
549 1705 755 1750 stolidum,
796 1703 889 1752 quia
929 1702 1154 1740 formaliter
1194 1701 1269 1749 ipsi
1310 1699 1449 1748 agitati

95 1767 285 1802 [fuerant
319 1775 354 1801 et
388 1764 617 1813 indispositi
652 1776 694 1799 ex
728 1772 906 1799 tremore
939 1761 1084 1797 timido
1113 1762 1389 1796 Terremotus.

187 1825 264 1861 Sed
297 1823 405 1860 aliud
439 1824 545 1872 quod
582 1821 879 1858 deteriorarunt
913 1819 1006 1856 dicti
1043 1828 1204 1866 satrape
1238 1826 1446 1865 tamquam
1497 1822 1565 1850 The
1585 1823 1704 1849 munci}

130 1894 341 1918 erroneum
385 1883 454 1918 sed
494 1880 823 1918 inconvenienter
863 1891 945 1915 non
986 1877 1309 1914 determinarunt
1347 1884 1448 1912 tarn-
1481 1857 1728 1920 ffifflssffglfcfinffff

130 1953 249 1989 quam
291 1939 513 1977 hereticum
554 1939 627 1975 fuit
666 1938 764 1974 illud
805 1938 906 1987 quod
945 1937 1089 1974 decime
1126 1942 1213 1971 sunt
1246 1928 1556 1970 elemosinetitlles
1578 1927 1738 1954 arcanus.

130 2007 164 2035 et
210 1999 312 2048 quod
357 1998 618 2048 parrochiani
661 2004 824 2047 possunt
865 2003 1034 2045 propter
1078 2001 1238 2044 peccata
1289 2004 1447 2028 suorum

72 2059 87 2070 ‘'
131 2064 360 2093 curatorum
394 2069 457 2093 eas
492 2056 661 2093 detinere
693 2063 728 2092 et
761 2055 812 2090 ad
846 2054 994 2090 libitum
1029 2053 1115 2088 aliis
1148 2051 1341 2100 conferre.

191 2117 267 2152 Pro
301 2114 376 2151 ista
410 2113 615 2151 sentencia
639 2126 714 2162 que
739 2112 904 2149 indubie
927 2112 958 2148 si
992 2111 1042 2148 sit
1069 2123 1182 2147 error
1205 2118 1263 2146 est
1287 2108 1449 2151 heresis,
1510 2114 1696 2153 sophis-nea}

131 2173 310 2221 Sophiste
343 2182 516 2221 arguunt
550 2172 685 2208 multis
728 2171 871 2216 modis,
911 2171 1124 2218 probando
1158 2169 1265 2216 quod
1305 2167 1354 2203 sit
1393 2166 1451 2202 in·
1490 2154 1724 2212 ‘kssffifflssffcsssstssnssss

133 2231 305 2268 diffinita
337 2232 398 2267 vel
431 2230 690 2279 particularis
723 2229 883 2277 sapiens
908 2242 980 2277 pro
1006 2227 1142 2264 multis
1166 2225 1246 2262 suis
1271 2225 1452 2274 partibus
1508 2219 1700 2248 conclusion.

132 2289 357 2326 veritatem.

192 2349 355 2384 Certum
400 2347 561 2395 quidem
607 2355 663 2382 est
702 2347 810 2394 quod
851 2358 931 2381 non
978 2353 1034 2380 est
1080 2341 1339 2391 dampnabile
1386 2343 1453 2378 sed

135 2418 291 2442 summe
326 2404 575 2442 catholicum
610 2406 716 2452 quod
753 2403 895 2451 aliquis
929 2411 985 2439 est
1010 2404 1128 2441 Deus,
1154 2409 1191 2437 et
1214 2409 1349 2436 tamen
1373 2412 1454 2436 non

137 2477 210 2513 pro
243 2464 434 2500 omnibus
468 2463 550 2499 suis
584 2461 800 2499 individuis
834 2470 891 2497 est
923 2472 1060 2497 verum
1101 2460 1169 2495 sed
1211 2459 1340 2495 solum
1381 2470 1454 2506 pro

137 2522 257 2559 unico
292 2523 400 2571 quod
435 2530 599 2570 superat
631 2533 752 2557 omne
784 2532 920 2568 genus.

200 2653 226 2672 2.
248 2645 343 2673 Cod.:
371 2650 409 2672 et.
431 2650 468 2672 et.
577 2644 599 2672 5,
623 2644 719 2671 Coti:
747 2647 797 2670 aut
818 2642 988 2677 sanguinis.
1093 2649 1140 2668 20.
1162 2642 1193 2668 ln
1218 2648 1331 2674 marga
1363 2639 1454 2666 Nota.

131 2681 177 2708 eti.
200 2681 295 2707 Cod.:
317 2679 396 2707 dicte
417 2685 548 2715 satrape.

204 2751 257 2784 28.
286 2751 338 2784 Cf.
366 2752 463 2783 Fasc.
492 2751 574 2790 ziz,
601 2761 680 2793 pag.
710 2750 786 2790 280,
816 2748 891 2781 281.
920 2748 1042 2780 Concl.
1065 2748 1195 2780 XVIII:
1230 2748 1328 2785 Item,
1356 2746 1452 2787 quod

134 2798 271 2830 decime
289 2805 370 2829 sunt
388 2807 474 2840 pure
494 2798 702 2840 elemosyne
722 2804 754 2828 et
769 2797 866 2839 quod
887 2794 1115 2837 parrochiani
1137 2801 1290 2836 possunt
1310 2799 1454 2835 propter

135 2852 275 2887 peccata
318 2855 465 2876 suorum
509 2852 712 2876 curatorum
752 2853 810 2874 eas
850 2842 1009 2874 detinere
1049 2848 1082 2872 et
1120 2841 1162 2872 ad
1201 2839 1336 2871 libitum
1377 2838 1453 2869 aliis

134 2891 308 2922 conferre.
