1944 3323
191 269 327 299 semro
344 269 485 298 xxx1v.
491 259 503 316 j
683 270 856 303 TERTIA
884 270 1010 302 PARS.

193 381 252 417 vel
285 379 515 428 ydempticc
548 380 615 416 sed
650 378 1001 416 sacramentaliter
1035 388 1071 415 et
1112 378 1321 427 figurative
1355 386 1412 414 est
1445 377 1511 414 ille

191 438 305 487 panis
330 437 494 475 Domini
518 451 678 486 corpus,
710 437 813 474 sicut
837 439 1057 474 secundum
1084 436 1352 485 Augustinum
1389 438 1512 472 homo

188 510 278 534 vere
318 506 355 534 et
395 496 556 534 realiter
594 498 663 533 sed
703 495 913 544 figurative
952 495 1129 532 comedit
1168 508 1315 544 corpus
1349 494 1510 531 Christi.

247 558 295 592 Et
334 568 405 604 per
443 555 561 592 istam
600 553 796 591 noticiam
837 554 1135 603 predicacionis
1177 554 1346 603 triplicis
1380 562 1511 602 potest

156 614 317 651 §fidelis
367 613 581 650 defendere
632 614 855 650 secundum
902 626 1023 662 quam
1073 613 1247 650 formam
1294 613 1509 649 verborum

99 662 173 724 &⁷9¹3
189 674 305 709 debet
339 672 525 709 concludi
558 671 705 709 veritas
738 671 852 709 istius
888 671 1067 717 materie,
1101 681 1145 708 ut
1169 674 1268 708 bene
1297 666 1302 724 Ι
1331 670 1511 719 sequitur

91 715 157 752 ²⁰9
188 731 227 767 in
250 730 483 779 sillogismis
508 730 764 779 expositoriis
787 729 1033 779 supradictis
1057 732 1166 779 quod
1190 743 1337 778 corpus
1362 729 1508 766 Christi

188 798 245 826 est
278 789 377 826 illud
401 790 509 838 quod
533 789 744 837 frangitur,
770 790 878 839 quod
912 789 1106 838 putrescit
1131 798 1167 825 et
1191 789 1299 837 quod
1325 788 1511 825 dentibus

189 847 444 893 masticatum
479 857 516 884 et
549 857 686 885 tamen
720 860 866 896 corpus
900 847 1049 885 Christi
1082 860 1164 884 non
1200 847 1424 884 formaliter
1457 846 1512 882 sic

132 917 228 943 lose
279 907 413 953 habet,
459 915 502 943 ut
549 906 590 943 in
633 906 802 944 assimili
848 907 1096 956 loquendum
1143 916 1200 943 est
1245 905 1285 941 in
1330 906 1512 953 exemplo

187 964 336 1014 triplici
387 965 636 1014 supradicto.
697 967 745 1002 Et
801 967 944 1002 eodem
998 966 1121 1001 modo
1168 965 1404 1001 formandus
1454 972 1512 1000 est

187 1023 432 1072 sillogismus
486 1023 525 1060 in
576 1025 753 1061 secunda
811 1023 1072 1061 conclusione
1128 1022 1169 1059 in
1227 1022 1511 1071 predicacione

188 1081 398 1119 essenciali
432 1094 509 1131 que
542 1081 736 1131 sequitur.

245 1142 432 1178 Secundo
464 1149 624 1177 notaret
649 1140 778 1178 fidelis
802 1142 1010 1190 quomodo
1041 1140 1209 1177 concedi
1235 1141 1378 1176 debeat
1402 1141 1510 1189 quod

133 1197 333 1247 15corpus
368 1199 519 1236 Christi
553 1208 611 1236 est
643 1208 853 1236 ostensum
888 1199 928 1236 in
961 1208 1232 1239 sacramento,
1267 1198 1362 1247 quia
1397 1198 1512 1246 panis

185 1267 381 1303 ostensus,
424 1266 460 1294 et
493 1266 631 1294 tamen
663 1270 738 1295 nec
771 1258 904 1307 ipsum
938 1270 1011 1295 nec
1044 1258 1180 1306 aliqua
1214 1270 1306 1306 pars
1341 1256 1423 1294 eius
1458 1256 1511 1293 ibi

184 1315 424 1355 ostenditur.
471 1317 539 1353 sed
587 1318 707 1354 habet
754 1329 840 1354 esse
886 1316 1096 1366 spirituale
1136 1317 1357 1353 secundum
1401 1317 1510 1364 quod

184 1374 237 1411 ibi
270 1374 565 1423 multiplicatur
595 1385 637 1411 ut
669 1375 823 1421 anima;
854 1388 927 1413 nec
951 1377 1081 1412 audeo
1107 1375 1239 1412 dicere
1263 1376 1371 1423 quod
1397 1374 1511 1423 panis

184 1435 244 1470 vel
268 1433 403 1482 aliqua
428 1445 520 1482 pars
544 1432 626 1470 eius
651 1434 700 1470 sit
719 1443 840 1483 caput
856 1434 1004 1471 Christi
1022 1435 1081 1471 vel
1098 1434 1262 1482 aliquod
1283 1435 1509 1470 membrum

127 1500 169 1522 20
184 1505 315 1532 suum,
349 1491 441 1528 licet
475 1492 739 1540 probabiliter
774 1492 851 1530 dici
886 1493 1034 1542 poterit
1068 1494 1174 1542 quod
1209 1492 1385 1541 quelibet
1420 1505 1511 1540 pars

185 1550 452 1599 quantitativa
491 1550 596 1587 illius
637 1551 752 1599 panis
785 1551 835 1588 sit
870 1551 1066 1589 veraciter
1107 1564 1255 1599 corpus
1289 1551 1437 1588 Christi
1473 1560 1509 1586 ct

184 1622 274 1646 cum
300 1608 480 1657 qualibet
503 1619 618 1657 parte
643 1609 748 1646 illius
773 1610 901 1647 hostie
926 1610 975 1647 sit
998 1609 1262 1659 spiritualiter
1285 1611 1505 1646 secundum

184 1667 553 1704 concomitanciam
589 1668 798 1716 quodlibet
833 1671 1061 1706 membrum
1095 1681 1225 1705 suum.

1722 260 1798 297 283

1546 619 1734 654 Knowledge
1755 622 1790 648 of

1586 660 1667 681 trie-e
1691 656 1749 682 will

1550 698 1644 722 guard
1667 697 1785 720 against

1537 734 1628 761 1111111)Υ
1650 726 1793 754 ῙὶιΙΙιιθιε»

1550 1147 1630 1173 How
1652 1146 1784 1175 Christ's

1541 1182 1621 1209 bom*
1642 1182 1667 1209 is
1690 1192 1719 1210 111
1742 1184 1791 1210 the

1574 1223 1757 1245 sacrament.

240 1726 386 1763 Tercio
416 1727 624 1763 obturaret
663 1726 790 1763 fidelis
820 1727 1040 1764 inst-ancias
1072 1727 1342 1764 hereticorum
1368 1726 1407 1763 in
1432 1727 1506 1764 ista
1522 1731 1581 1759 We
1602 1738 1685 1760 must
1702 1733 1800 1760 admit

126 1783 164 1815 25
183 1784 353 1821 materia
393 1784 538 1833 quibus
579 1795 752 1833 arguunt
790 1798 862 1834 per
900 1787 1035 1823 locum
1076 1799 1098 1823 a
1142 1785 1421 1823 similitudine.
1469 1795 1506 1823 et

185 1856 253 1891 per
286 1843 391 1880 idem
426 1843 592 1880 concedi
624 1845 741 1880 debet
776 1857 922 1893 agnum
956 1845 1188 1893 paschalem
1224 1853 1260 1881 et
1285 1845 1505 1892 quamlibet

184 1902 353 1947 figuram
386 1902 446 1938 vel
479 1901 699 1938 terminum
735 1903 961 1951 signantem
997 1916 1080 1940 esse
1115 1912 1157 1939 ut
1191 1912 1247 1939 est
1281 1903 1353 1938 ista
1389 1905 1506 1940 euka-

182 1960 293 1997 ristia
342 1972 487 2008 corpus
528 1960 691 1997 Christi.
737 1963 796 1997 Ad
838 1962 914 1998 hoc
953 1962 1057 1998 enim
1098 1963 1207 2010 quod
1246 1962 1374 1998 valeat
1417 1962 1508 1999 talis

182 2018 347 2067 argucia
371 2028 580 2066 oporteret
603 2019 714 2067 prius
738 2020 907 2057 fundare
932 2022 1040 2069 quod
1055 2019 1214 2057 Veritas
1239 2032 1315 2068 que
1346 2021 1504 2057 mentiri

122 2074 262 2113 ’5011011
298 2086 430 2125 potest
464 2076 605 2114 dixerit
639 2078 760 2114 talem
795 2091 879 2115 rem
923 2092 1007 2116 esse
1047 2092 1194 2127 corpus
1234 2091 1363 2116 suum.
1404 2080 1506 2116 sicut

182 2135 278 2171 dixit
311 2137 359 2172 de
392 2148 496 2184 pane
529 2136 829 2183 sacramentali,
855 2139 963 2186 quod
986 2138 1017 2174 si
1042 2137 1224 2175 Christus
1249 2138 1504 2178 concesserit.

185 2202 279 2230 tunc
313 2195 552 2231 concedam.
586 2194 703 2231 Absit
737 2195 841 2232 enim
877 2198 987 2245 quod
1021 2195 1237 2244 imposicio
1270 2196 1329 2232 vel
1364 2195 1504 2245 imagi-

182 2252 298 2288 nacio
320 2261 458 2289 nostra
482 2254 530 2289 de
553 2252 675 2301 signis
700 2254 846 2290 habeat
869 2264 1026 2291 tantam
1061 2254 1283 2291 efficaciam
1310 2265 1502 2303 quantam

183 2311 300 2346 habet
332 2311 496 2347 verbum
532 2311 735 2356 Veritatis,
776 2325 853 2361 que
893 2313 990 2349 dixit
1024 2322 1060 2349 et
1082 2314 1198 2363 facta
1237 2320 1325 2349 sunt
1357 2315 1506 2359 onznia,-

124 2367 162 2397 32
182 2369 361 2405 concedo
394 2378 531 2406 tamen
565 2371 675 2418 quod
698 2370 881 2408 Christus
915 2380 972 2408 est
1005 2372 1082 2417 leo,
1117 2371 1264 2408 vermis
1298 2380 1335 2407 et
1357 2371 1504 2409 vitulus

182 2440 272 2463 eum
298 2427 514 2475 predicatis
540 2427 759 2476 figurativis
784 2429 1000 2475 similibus;
1031 2439 1068 2466 et
1092 2432 1200 2479 quod
1223 2429 1263 2466 in
1286 2431 1504 2478 predicatis

182 2485 414 2522 huiusmodi
448 2495 539 2522 sunt
572 2487 687 2523 multi
721 2489 868 2535 gradus
902 2501 1075 2537 quorum
1110 2489 1292 2525 omnium
1319 2489 1502 2537 quietans

182 2543 386 2580 evidencia
421 2553 479 2580 est
513 2544 608 2581 ista:
650 2545 747 2582 fides
787 2546 987 2595 scripture
1027 2547 1081 2584 sic
1122 2547 1276 2584 asserit.
1323 2549 1371 2583 Et
1411 2548 1503 2586 hinc

182 2602 276 2638 nolo
322 2611 556 2639 extraneare
600 2603 640 2639 in
685 2605 868 2642 terminis
908 2615 1016 2642 extra
1056 2607 1223 2652 scolam,
1265 2605 1501 2644 diffiniendo

121 2670 165 2699 40
181 2661 288 2709 quod
329 2662 404 2697 hoc
437 2671 737 2699 sacramentum
771 2663 820 2699 sit
853 2663 968 2712 panis
1003 2664 1237 2710 materialis‚
1271 2666 1501 2702 substancia

247 2795 316 2833 §.2111
330 2796 907 2858 marg.sup:Des-acrameutoaltaris.
957 2799 1305 2833 14.Cod.:iusecuud0.
1356 2802 1500 2830 meotis

178 2830 286 2857 multi'.
350 2838 396 2857 20.
419 2830 514 2858 Cota
536 2831 673 2866 quilibet.
741 2840 780 2859 21.
804 2832 898 2861 Cod.:
922 2834 1048 2875 Christi.
1115 2834 1156 2862 25.
1179 2835 1274 2863 Cod.:
1296 2845 1310 2863 a
1333 2836 1427 2864 deest.

248 2912 300 2954 34.
327 2913 405 2945 Joh.
435 2915 458 2954 l,
487 2914 518 2946 3.

1562 1776 1581 1792 u
1593 1770 1715 1805 liatex‘er
1734 1769 1759 1796 is

1602 1804 1664 1840 said
1689 1804 1717 1830 in

1575 1840 1744 1872 Scripture
