1944 3323
109 272 159 303 ’.ὶυ

140 562 294 596 linitione)
318 562 355 599 bs

135 598 182 623 llic
203 602 265 623 acts
287 600 314 622 υἱ
337 605 351 622 ;ι

145 632 199 657 bzid
223 632 344 665 prolatet

127 1714 211 1747 {eight
232 1714 265 1740 (η’
284 1722 302 1739 xx
315 1713 368 1740 illi-

178 1749 194 1774 d
202 1757 260 1774 mxx*
269 1749 273 1774 i
281 1757 317 1782 ug

138 1784 361 1809 cudowmculs,

687 270 909 306 JOHANNIS
928 270 1108 305 wvctir
1127 270 1382 306 sermonum
1480 258 1631 316 [sermo
1653 267 1701 297 111.

396 380 464 417 tibi
511 381 681 429 pertinet
727 390 767 416 ut
813 379 1092 425 necessarium,
1141 389 1176 416 et
1221 388 1313 416 tunc
1360 382 1463 416 Deus
1509 380 1548 416 in
1594 379 1700 415 finali

396 439 544 474 iudicio
568 437 809 474 illuminabit
834 438 903 473 tibi
933 437 1167 474 abscondita
1197 439 1452 474 tenebrarum
1479 447 1514 474 et
1539 437 1702 473 clarebit

396 496 466 532 tibi
500 509 619 544 quam
654 496 799 531 iustum
825 495 873 531 sit
899 495 967 531 Dei
1003 495 1214 536 iudicium:
1250 504 1285 531 et
1315 508 1357 531 ex
1392 497 1466 531 boc
1498 496 1703 531 sedaretur

397 555 648 602 quorundam
685 553 893 589 contencio
928 553 993 601 qui
1028 562 1162 589 tenent
1195 562 1231 589 et
1271 562 1443 600 arguunt
1477 554 1583 601 quod
1624 565 1702 587 non

396 612 498 647 valet
522 612 672 659 populo
696 611 885 659 quicquid
914 611 1091 658 prelatus
1121 611 1248 646 malus
1278 610 1331 646 eis
1354 611 1503 647 fecerit.
1538 611 1737 646 ConstatS

396 669 556 717 quidem
598 670 704 717 quod
750 669 925 716 prelatus
968 681 1074 704 nunc
1114 669 1240 704 malus
1279 680 1321 704 ex
1360 667 1704 716 predestinacione

398 726 468 762 Dei
513 735 648 762 eterna
697 735 828 774 potest
871 725 1005 762 statim
1046 725 1220 762 converti
1266 727 1315 761 ad
1360 725 1590 771 Dominum,
1636 726 1703 761 sed

397 783 499 821 absit
532 785 638 832 quod
678 785 827 820 habens
866 783 1041 831 graciam
1075 782 1432 831 predestinacionis
1465 784 1514 818 ad
1547 791 1702 818 tantum

398 842 550 890 peioret
591 842 748 877 fidelem
789 842 982 889 populum
1017 842 1123 889 quod
1163 840 1202 876 in
1246 840 1507 876 sacramentis
1547 848 1584 876 et
1617 839 1704 875 aliis

398 899 512 935 donis
536 899 606 935 Dei
631 898 813 947 gratuitis
846 898 1082 946 generaliter
1105 899 1308 934 illudatur.
1342 900 1390 933 Et
1414 910 1456 933 ex
1480 897 1558 933 alio
1582 898 1704 933 latere
1726 912 1762 934 io

397 959 446 993 ad
479 965 634 993 tantum
668 957 861 1004 contingit
884 969 967 992 esse
1000 957 1148 992 malum
1183 956 1395 1004 prelatum,
1419 955 1634 1003 prescitum
1669 963 1705 990 et

398 1016 629 1062 reprobum,
665 1016 772 1062 quod
805 1014 946 1050 illudat
985 1014 1135 1061 populo
1173 1013 1213 1049 in
1245 1025 1347 1061 pena
1387 1013 1540 1060 peccati
1576 1012 1635 1048 sui
1669 1021 1705 1048 et

398 1072 537 1120 populi
561 1071 751 1120 quicquid
782 1071 1006 1108 carismatis
1036 1084 1075 1107 se
1106 1070 1260 1107 finxerit
1284 1071 1435 1119 populo
1466 1070 1704 1106 ministrare.

399 1131 490 1166 ldeo
529 1132 633 1165 Deus
677 1129 874 1166 ordinavit
923 1128 1209 1165 sufficiencian]
1248 1129 1418 1164 formate
1458 1127 1548 1164 fidei
1587 1140 1707 1176 supra

400 1188 478 1223 tale
517 1188 763 1235 prelatorum
798 1186 1063 1223 ministerium
1098 1187 1205 1234 quod
1239 1185 1419 1222 subiecto
1452 1185 1624 1222 sufficiat
1657 1186 1706 1222 ad
1727 1191 1763 1223 15

399 1245 580 1281 salutem.
633 1247 674 1281 In
720 1246 795 1281 hoc
840 1244 973 1280 medio
1019 1245 1135 1280 debet
1174 1243 1300 1280 fidelis
1338 1244 1541 1280 confidere
1580 1252 1616 1279 et
1660 1244 1708 1279 de

399 1303 541 1351 prelati
593 1302 814 1339 ministerio
866 1302 1071 1347 estimare3
1123 1303 1227 1338 unde
1274 1302 1321 1337 de
1366 1301 1501 1338 multis
1545 1301 1708 1349 prelatis

399 1360 603 1396 hodiernis
637 1369 693 1397 est
716 1360 936 1408 probabilis
969 1359 1144 1407 suspicio
1178 1359 1276 1396 citra
1308 1359 1426 1396 fidem
1452 1361 1558 1407 quod
1590 1367 1708 1395 nocet

399 1431 536 1455 eorum
577 1418 841 1454 ministerium
881 1426 963 1454 tam
1004 1417 1098 1465 ipsis
1137 1430 1255 1466 quam
1302 1417 1408 1463 aliis3
1453 1418 1521 1453 sed
1560 1417 1598 1452 in
1638 1416 1706 1453 tali

400 1475 659 1524 perplexitate
696 1477 757 1512 vel
797 1475 918 1511 dubio
956 1488 1037 1511 non
1077 1477 1193 1511 debet
1233 1474 1360 1511 fidelis
1397 1474 1506 1512 vivus
1545 1474 1705 1510 Domini
1723 1489 1764 1510 20

399 1533 602 1581 quiescere
634 1534 702 1569 sed
735 1533 773 1569 in
807 1533 883 1568 fide
917 1532 1070 1569 domini
1090 1534 1193 1576 Jesu‚
1228 1546 1303 1581 que
1337 1542 1394 1569 est
1425 1545 1496 1581 per
1528 1545 1567 1568 se
1600 1532 1707 1568 suffi-

399 1591 505 1627 ciens
538 1590 703 1626 omnino
737 1603 927 1638 pausare3
967 1599 1003 1626 et
1037 1590 1143 1627 iuxta
1181 1592 1256 1627 hoc
1296 1600 1332 1627 et
1364 1603 1444 1626 non
1477 1590 1583 1626 iuxta
1616 1603 1708 1626 con-

400 1648 603 1684 tenciones
637 1649 884 1696 prelatorum
919 1647 1078 1684 inutiles
1102 1649 1186 1684 laus
1220 1648 1293 1685 erit
1317 1648 1533 1696 unicuique
1566 1661 1588 1685 a
1611 1650 1708 1684 Deo.

459 1706 574 1742 Circa
603 1706 719 1742 istam
751 1706 962 1754 epistolam
987 1706 1192 1742 dubitatur
1216 1715 1350 1742 utrum
1374 1705 1539 1742 subiecti
1565 1707 1708 1742 debent

402 1766 448 1799 ad
484 1764 599 1799 istam
634 1763 939 1811 inquisicionem
975 1765 1022 1800 de
1054 1764 1216 1812 prelatis
1250 1764 1449 1800 dimittere
1483 1773 1520 1800 et
1552 1767 1764 1811 posses-25

401 1821 532 1857 siones
562 1822 619 1858 vel
653 1822 804 1857 fructus
837 1830 987 1858 temere
1027 1823 1196 1858 donatos
1235 1823 1483 1867 subtrahere,
1523 1830 1559 1858 et
1599 1829 1708 1869 patet

403 1892 445 1914 ex
478 1892 570 1927 sepe
605 1879 720 1915 dictis
754 1892 845 1927 pars
879 1879 1118 1916 affirmativa
1152 1879 1261 1915 dubii
1295 1881 1427 1928 quoad
1458 1881 1597 1916 ambas
1626 1879 1708 1915 eius

403 1946 548 1984 partes.
595 1939 682 1973 Non
721 1937 825 1973 enim
867 1939 934 1973 dat
967 1936 1053 1985 quis
1088 1937 1291 1973 meritorie
1324 1939 1373 1974 ad
1406 1938 1601 1974 honorem
1636 1936 1706 1973 Dei

404 2007 449 2030 eo
482 1994 568 2042 ipso
602 1996 709 2043 quod
742 1995 781 2030 in
814 1994 896 2031 eius
928 1995 1091 2031 nomine
1125 1996 1192 2031 dat
1225 1996 1344 2031 stulte
1376 1995 1575 2043 premium
1609 2003 1709 2031 tem-

402 2053 552 2099 porale,
592 2052 685 2100 quia
723 2061 853 2100 potest
893 2054 987 2089 dare
1021 2065 1110 2089 cum
1145 2054 1220 2089 hoc
1254 2052 1527 2101 proditoribus
1561 2052 1707 2088 Christi
1725 2056 1766 2088 30

403 2109 545 2156 quibus
578 2123 620 2146 ex
655 2111 844 2146 mandato
875 2110 947 2146 Dei
980 2110 1065 2147 dari
1098 2123 1178 2147 non
1212 2112 1366 2147 debeat.
1401 2112 1493 2147 Ideo
1527 2115 1581 2157 (ut
1615 2122 1707 2158 sepe

404 2167 553 2202 dictum
588 2171 658 2212 est)
698 2181 778 2204 non
811 2168 990 2216 sequitur
1022 2181 1092 2216 per
1124 2169 1256 2205 locum
1291 2181 1313 2204 a
1345 2168 1464 2204 simili
1498 2170 1605 2217 quod
1638 2180 1708 2216 per

404 2224 506 2260 idem
554 2225 734 2261 subditus
775 2239 857 2262 non
901 2227 1017 2262 debet
1062 2228 1156 2262 dare
1200 2226 1441 2274 stipendium
1482 2225 1709 2262 infidelibus

404 2282 591 2327 dominis,
637 2296 718 2318 non
763 2283 944 2320 tirannis.
1000 2285 1086 2320 Hoc
1125 2284 1228 2320 enim
1270 2286 1373 2320 Deus
1412 2283 1710 2320 racionabiliter

404 2339 574 2387 precipit
607 2342 673 2376 sed
707 2340 790 2377 istis
820 2341 974 2389 magnis
997 2341 1271 2389 proditoribus
1295 2343 1427 2390 quoad
1453 2341 1707 2378 dotacionem
1725 2344 1764 2375 35

403 2398 464 2432 vel
496 2397 786 2444 possessionem
820 2399 941 2435 talem
975 2399 1013 2435 in
1046 2399 1244 2448 principio
1277 2399 1530 2436 contradicit.

410 2481 414 2484 -
464 2456 574 2491 Patet
607 2464 739 2491 autem
775 2457 849 2492 hoc
883 2470 961 2493 non
995 2458 1124 2493 solum
1160 2470 1202 2494 ex
1235 2457 1479 2505 allegacione
1514 2469 1601 2493 mea
1634 2457 1709 2493 fre-

405 2512 540 2559 quenti
580 2512 618 2548 in
657 2513 731 2549 ista
765 2514 932 2550 materia
966 2516 1032 2550 sed
1067 2527 1109 2550 ex
1143 2514 1372 2551 racionibus
1406 2514 1638 2551 Parisiensis
1672 2522 1708 2550 et

406 2569 576 2605 aliorum
611 2570 677 2617 qui
712 2572 758 2606 de
783 2571 856 2607 isto
880 2584 1013 2608 errore
1038 2573 1249 2609 doluerant
1272 2574 1340 2608 sed
1364 2572 1540 2608 remisse.
1575 2571 1707 2608 Prima

407 2635 538 2662 autem
585 2640 722 2663 eorum
770 2629 936 2665 materia
981 2638 1058 2666 stat
1103 2631 1141 2666 in
1180 2630 1273 2666 isto:
1322 2630 1429 2666 Licet
1468 2629 1765 2677 temporalia40

477 2760 504 2787 6.
526 2760 618 2787 Coti:
641 2761 776 2795 quidam.
846 2770 890 2787 ao.
912 2762 1016 2795 vivii&
1038 2772 1073 2789 :ui
1096 2771 1201 2790 servus
1223 2764 1404 2798 legendum?
1473 2771 1517 2796 24.
1539 2763 1570 2790 In
1593 2771 1707 2797 marga

408 2793 550 2821 llubiumi
625 2804 667 2830 27.
689 2796 781 2823 (Lotis
804 2796 887 2823 dibii.
962 2797 1003 2831 [47.
1026 2798 1056 2823 ln
1080 2806 1192 2831 mauja:
1216 2807 1235 2825 1.
1425 2807 1427 2809 ·

479 2878 530 2909 38,
558 2878 609 2911 Cf.
637 2880 746 2911 Serm.
777 2880 880 2911 Prim.
910 2881 1010 2919 Parr,
1037 2882 1104 2912 vol.
1134 2882 1155 2917 I,
1183 2892 1259 2924 pag.
1288 2881 1363 2921 3‘34·
