1944 3323
199 243 271 279 366

272 481 389 515 against

236 516 431 546 fornic-anon,

239 550 342 585 hodily
364 551 422 577 aud

253 586 408 619 spiritual:

271 1002 334 1035 agai
342 1005 388 1028 nst

192 1037 342 1070 tempiing
363 1036 467 1063 Christ

779 250 1000 283 JOHANNIS
1021 250 1200 282 WYC1,1F
1219 249 1477 281 SERMONUM
1513 234 1665 292 [SERMO
1685 245 1790 273 XLIII-

482 357 604 394 seculi
638 369 758 406 quam
793 356 935 392 honori
970 364 1006 392 et
1040 367 1157 392 cause
1192 355 1288 392 Dei?
1328 356 1438 403 Opus
1472 353 1576 391 enim
1611 363 1649 391 et
1682 353 1789 391 solli-

483 416 618 452 citudo
653 427 742 451 cum
777 426 908 461 pugna
941 413 980 449 in
1013 413 1088 450 isto
1122 412 1301 450 indicant
1332 412 1554 449 veritatem.

539 472 683 509 Tercio
742 484 952 508 caveamus
1010 483 1055 507 ne
1094 472 1345 520 fornicemur
1403 483 1491 507 cum
1554 469 1787 506 mulieribus

483 530 714 578 alienigenis
770 529 849 565 sive
903 528 1099 576 indigenis
1153 528 1423 565 fornicacione
1480 527 1694 576 corporali,
1752 536 1788 564 et

481 588 708 637 specialiter
730 599 778 623 ne
802 587 1046 623 fornicemur
1074 583 1078 640 Ι
1107 586 1381 634 spiritualiter,
1411 586 1539 623 virum
1572 585 1609 622 in
1641 597 1789 633 sponso

481 646 646 683 ecclesie
679 646 961 694 dirumpendo,
993 644 1088 693 quia
1127 648 1183 690 (ut
1216 653 1324 692 patet
1356 647 1474 680 Num.
1508 645 1649 690 XXV0)
1685 645 1790 679 Deus

482 713 538 741 est
562 704 702 741 vindex
734 703 774 739 in
806 702 890 739 istis
924 702 1123 748 omnibus,
1158 714 1246 738 cum
1281 711 1446 750 propter
1476 701 1788 738 fornicacionem

481 762 733 811 corporalem
779 774 898 809 quam
952 759 1082 796 minus
1133 759 1217 796 odit
1262 761 1397 796 occidit
1448 760 1585 810 viginti
1627 766 1791 808 quatuor

481 821 614 864 millia,
631 829 667 856 et
690 831 760 868 per
784 831 1032 867 consequens
1057 818 1188 854 minor
1209 830 1399 854 numerus
1422 817 1461 853 in
1483 826 1591 853 textu
1607 816 1789 865 Apostoli

481 887 564 915 erat
608 890 735 923 verus,
780 889 852 913 nec
892 876 1056 912 dubium
1096 875 1191 925 quin
1231 888 1274 912 ex
1313 888 1431 912 causa
1468 873 1636 912 notabili
1676 874 1786 910 illum

482 936 690 984 exprimat,
724 948 804 971 non
839 934 1049 971 maiorem.

540 996 693 1040 Quarto
738 1006 809 1029 non
854 1000 1079 1042 temptemus
1116 992 1327 1038 Christum,
1377 992 1472 1028 sicut
1516 990 1588 1040 ipsi
1630 997 1789 1038 tempta-

195 1072 232 1106 m·
253 1080 309 1097 01¹¹<
331 1072 458 1098 wosfflst
483 1059 617 1088 verunt
649 1052 786 1097 (Exod.
812 1052 952 1096 XV110)
984 1058 1019 1086 et
1050 1063 1071 1085 ci
1104 1050 1341 1099 serpentibus
1368 1050 1569 1099 perierunt
1602 1051 1659 1095 <ut
1683 1056 1790 1095 patet

295 1106 360 1139 list-3

273 1754 391 1793 against

229 1798 328 1816 murm
336 1797 432 1823 using.

215 2390 282 2418 The
303 2391 399 2417 world
422 2391 447 2417 is

208 2434 293 2452 more
313 2425 400 2460 given
423 2430 452 2452 10

196 2462 281 2488 these
300 2462 381 2488 vices
399 2469 468 2488 now

202 2497 272 2523 thau
296 2496 393 2523 under
412 2497 461 2523 the

260 2531 308 2557 old
331 2532 398 2558 law.

482 1109 644 1146 Numeri
684 1111 805 1155 XX10‚
843 1109 896 1157 5).
949 1107 1005 1144 Illi
1051 1116 1184 1144 autem
1227 1116 1425 1155 temptant
1459 1105 1662 1143 Christum
1711 1106 1792 1141 cul-

482 1168 668 1216 pabiliter
707 1166 773 1215 qui
804 1166 969 1203 dimisso
999 1178 1070 1202 suo
1102 1167 1223 1202 modo
1246 1165 1377 1214 penali
1400 1164 1557 1202 vivendi
1581 1164 1791 1200 intendunt

482 1224 782 1263 conversacioni
822 1224 943 1261 seculi
984 1233 1020 1260 et
1060 1223 1241 1272 corporis
1278 1222 1489 1271 voluptati.
1534 1223 1651 1258 Tales
1685 1221 1789 1257 enim

480 1284 541 1321 vel
580 1297 661 1320 non
699 1282 901 1331 aspiciunt
939 1281 1202 1330 pendenciam
1237 1281 1383 1317 Christi
1426 1280 1465 1316 in
1504 1292 1620 1316 cruce
1659 1279 1719 1315 vel
1760 1278 1790 1314 si

482 1355 567 1379 eam
599 1341 817 1389 respiciunt
841 1341 916 1376 hoc
944 1339 1094 1376 faciunt
1127 1338 1245 1375 nimis
1268 1338 1438 1384 sinistre,
1464 1347 1500 1375 et
1519 1337 1696 1374 Timoth.
1720 1339 1790 1373 ΙΙΙΟ

482 1399 681 1445 scribitur,
721 1399 822 1435 sicut
855 1400 1011 1446 Moyses
1050 1397 1234 1434 exaltavit
1272 1406 1496 1445 serpentem
1538 1395 1577 1431 in
1621 1396 1790 1439 deserto,

483 1458 536 1495 ita
570 1457 732 1494 exaltari
765 1465 924 1505 oportet
961 1455 1085 1492 filium
1126 1455 1312 1500 hominis,
1352 1462 1391 1490 ut
1424 1454 1546 1491 omnis
1577 1453 1641 1502 qui
1670 1453 1791 1489 credit

482 1516 517 1552 in
567 1516 649 1565 ipso
699 1527 770 1551 non
819 1521 957 1564 pereat
1005 1514 1073 1550 sed
1122 1514 1258 1549 habeat
1314 1513 1429 1548 vitam
1489 1520 1672 1548 eternam.
1733 1509 1792 1547 Illi

483 1582 616 1610 autem
660 1581 860 1621 temptant
900 1571 1104 1608 Christum
1150 1570 1216 1619 qui
1262 1570 1425 1607 dimissa
1470 1569 1697 1607 attencione
1744 1569 1793 1605 ad

483 1630 769 1668 exaltacionem
817 1630 900 1667 eius
945 1629 985 1665 in
1030 1641 1146 1666 cruce
1184 1628 1304 1665 veluti
1344 1629 1530 1665 deorsum
1570 1627 1610 1664 in
1653 1626 1792 1675 volup-

484 1690 632 1726 tatibus
666 1697 803 1725 amant
835 1688 1013 1724 seculum
1049 1696 1168 1736 atque
1201 1698 1376 1723 carnem.

543 1747 692 1793 Quinto
743 1758 881 1783 cavere
932 1747 1123 1782 debemus
1178 1757 1222 1780 ne
1267 1752 1407 1781 contra
1452 1746 1578 1780 Deum
1625 1755 1794 1778 murmu-

485 1818 612 1841 remus
645 1818 717 1853 pro
747 1813 884 1841 nostra
906 1803 1171 1840 tribulacione
1193 1803 1253 1839 vel
1283 1801 1562 1850 prosperitatis
1592 1801 1795 1837 mundane

485 1862 757 1899 diminucione
808 1862 868 1898 vel
919 1874 1020 1910 pena
1071 1860 1150 1897 alia
1194 1873 1314 1909 quam
1362 1862 1466 1896 Deus
1510 1872 1583 1907 pro
1628 1858 1794 1895 crimine

483 1921 598 1958 nobis
649 1920 780 1966 infert,
834 1919 927 1968 quia
978 1928 1020 1956 ut
1073 1922 1198 1967 (patet
1250 1918 1289 1954 in
1341 1929 1530 1965 processu
1575 1916 1700 1953 Exodi
1758 1924 1795 1952 et

484 1978 664 2024 Numeri)
704 1980 752 2014 ab
792 1978 934 2025 angelo
973 1977 1181 2014 occidente
1220 1975 1287 2024 qui
1326 1975 1560 2024 priusquam
1602 1973 1794 2011 terminos

484 2046 588 2073 terre
621 2035 897 2085 promissionis
931 2034 1145 2083 attigerant
1168 2033 1391 2082 perierunt:
1425 2032 1482 2070 sic
1510 2045 1582 2069 nos
1615 2037 1827 2069 carentes?

485 2096 591 2131 dono
650 2094 780 2131 finalis
837 2092 1139 2141 perseverancie
1198 2100 1235 2128 et
1292 2099 1589 2127 murmurantes
1654 2098 1794 2127 contra

485 2161 646 2189 eventus
685 2151 807 2188 seculi
847 2160 994 2188 terram
1034 2149 1257 2187 vivencium
1310 2158 1346 2185 et
1393 2151 1497 2186 bona
1541 2147 1670 2197 patrie
1714 2159 1794 2183 non

485 2210 693 2256 intramus,
727 2211 796 2246 sed
831 2210 959 2245 malus
992 2209 1157 2257 angelus
1189 2220 1261 2244 nos
1294 2207 1404 2255 prius
1438 2206 1685 2251 exterminat,
1720 2207 1795 2241 hoc

485 2277 556 2313 est,
601 2267 715 2316 ponit
755 2276 862 2304 extra
901 2267 1095 2303 terminos
1140 2278 1239 2315 quos
1285 2265 1578 2313 perseverando
1623 2263 1795 2300 finaliter

485 2327 534 2362 ad
567 2325 871 2362 similitudinem
906 2324 1042 2361 Sancti
1076 2323 1248 2372 Spiritus
1282 2323 1533 2359 haberemus.

544 2386 586 2420 In
618 2383 695 2420 isto
728 2383 864 2432 itaque
895 2384 1070 2431 superbo
1104 2380 1288 2430 quinario
1320 2379 1516 2416 viciorum
1550 2378 1651 2427 perit
1685 2391 1794 2415 secu-

486 2442 565 2478 lum
613 2442 729 2489 longe
779 2440 981 2489 copiosius
1027 2453 1145 2488 quam
1198 2439 1237 2475 in
1281 2439 1366 2486 lege
1409 2437 1531 2474 veteri
1576 2436 1793 2486 perierunt.

485 2500 568 2536 Hec
599 2508 725 2536 autem
758 2500 883 2535 onmia
916 2499 1162 2549 contigerunt
1185 2509 1265 2533 non
1298 2497 1426 2532 solum
1462 2504 1625 2543 propter
1648 2507 1790 2542 penam

485 2558 560 2593 illis
604 2557 786 2606 reprobis
831 2556 1145 2604 intelligendam,
1192 2555 1259 2591 sed
1304 2563 1346 2590 ut
1385 2566 1528 2602 penam
1569 2552 1791 2600 graviorem

552 2702 693 2765 §.1C0d.:
721 2710 844 2737 verum3
872 2702 908 2729 cf.
928 2702 1022 2730 Num.
1044 2700 1154 2737 XXVo,
1174 2701 1202 2728 8.
1232 2698 1234 2701 ’
1299 2707 1337 2736 12,
1360 2699 1397 2728 13.
1419 2700 1513 2727 Cod.:
1541 2699 1564 2726 si
1586 2699 1644 2734 ipsi
1666 2702 1794 2733 tcmpta-³

484 2746 580 2765 verua
599 2760 605 2765 .

556 2821 585 2854 3.
614 2823 636 2854 Ι.
657 2822 736 2855 Cor.
758 2822 800 2864 X,
819 2820 851 2853 8.
924 2820 956 2853 8.
984 2820 1036 2853 Cf.
1063 2821 1165 2852 Num.
1185 2820 1295 2860 XXV,
1315 2830 1347 2862 9.
1425 2817 1474 2850 18.
1501 2819 1539 2851 Π.
1559 2818 1651 2850 Tim.
1682 2817 1736 2855 ΙΙΙ,
1762 2815 1793 2848 8.,

486 2868 538 2901 38.
566 2869 588 2900 1.
615 2869 695 2900 Cor.
722 2869 764 2908 X,
787 2878 837 2899 11.

1834 575 1853 593 0
1873 588 1880 594 .

1807 608 1887 652 278d

1808 887 1847 908 10

1813 1169 1847 1201 15

1809 1470 1848 1490 20

1811 1748 1850 1780 25

1811 2325 1850 2356 35
