1944 3323
201 218 279 262 364

198 342 293 369 Their
314 349 417 368 errors
439 349 470 366 as

198 383 227 404 to
239 378 288 404 tlic
301 376 470 403 ltucllarisl.

204 1908 346 1935 Wnlmui
362 1908 477 1942 cliarity

220 1951 266 1969 we
287 1947 398 1969 cannot
420 1943 454 1968 be

254 1977 425 2010 spirituallv

256 2012 363 2046 helped
387 2012 425 2046 by

282 2046 396 2073 others.

780 224 1003 256 JOHANNIS
1024 224 1202 256 WYcrir
1222 222 1479 254 SERMONUM
1525 207 1675 266 [SERMO
1696 218 1787 246 X1111-

486 332 583 368 crite
615 344 655 368 se
688 331 905 367 iustificant
939 332 1042 366 ultra
1074 330 1275 378 simplices
1308 328 1559 373 christianos,
1594 328 1687 377 quia
1710 342 1790 364 non

486 391 614 426 solum
648 389 777 426 verbis
812 389 975 436 privatis
1007 389 1073 425 sed
1109 387 1278 436 publicis
1311 386 1597 431 instrumentis,
1632 386 1790 434 scriptis

487 457 523 484 et
568 447 695 484 bullis.
749 446 858 483 Sicut
905 446 1011 483 enim
1058 445 1098 481 in
1142 446 1218 483 ista
1264 445 1445 490 materia,
1497 443 1553 481 sic
1596 446 1790 481 seducunt

486 506 680 554 populum
721 506 769 541 de
809 504 1024 541 eukaristia
1063 503 1241 549 unionis3
1281 503 1435 540 variant
1470 502 1574 539 enim
1608 501 1791 538 infunda-

486 564 617 600 biliter
641 564 688 599 de
719 562 801 599 eius
830 561 1025 611 quiditate
1054 571 1089 598 et
1120 561 1372 609 passionibus
1403 573 1491 597 eam
1520 560 1790 608 sequentibus,
1809 560 1825 592 5

486 622 524 657 in
563 630 718 658 tantum
758 622 866 668 quod
906 620 1043 656 dicunt
1082 632 1226 668 corpus
1266 619 1412 656 Christi
1459 627 1495 655 et
1530 620 1655 654 Deum
1696 617 1791 654 olim

486 679 603 715 fuisse
643 687 864 715 comestum
905 691 926 715 a
966 677 1146 714 muribus
1186 686 1222 714 et
1262 676 1455 714 laniatum
1490 677 1540 712 ad
1573 675 1794 724 quamlibet

485 737 568 773 eius
606 745 761 784 partem
802 745 838 772 et
876 734 1241 784 irrecuperabiliter
1284 735 1566 783 putrefactum.
1606 733 1792 770 Tercium

486 795 710 844 exemplum
735 794 890 831 simiale
915 803 971 830 est
996 795 1103 843 quod
1130 792 1498 830 excommunicatus
1523 791 1795 828 communicat

485 852 571 889 aliis
606 851 1069 890 excommunicacionem
1113 864 1156 888 ex
1193 852 1280 887 solo
1314 850 1523 887 consorcio
1557 849 1792 897 coniugatis.

486 913 586 947 Cum
639 923 732 958 ergo
779 913 883 947 Deus
935 910 984 946 sit
1036 909 1202 958 pronior
1246 910 1295 946 ad
1348 908 1627 957 premiandum
1675 920 1794 956 quam

486 968 748 1017 puniendum,
795 969 922 1004 multo
975 968 1200 1005 evidencius
1248 966 1428 1016 sequitur
1473 967 1580 1014 quod
1628 966 1794 1002 fratrum

486 1027 676 1064 sanctitas
736 1026 922 1062 diffundit
980 1038 1020 1062 se
1082 1025 1122 1061 in
1193 1024 1292 1061 alios
1347 1023 1524 1061 caritatis
1578 1023 1797 1060 elemosina

488 1085 734 1132 coniugatos.
771 1086 870 1121 Sunt
900 1084 995 1120 talia
1025 1085 1151 1120 multa
1181 1083 1361 1131 exempla
1391 1081 1536 1118 similia
1559 1094 1634 1130 que
1657 1082 1798 1117 fratres

488 1143 697 1191 implicant
735 1152 777 1178 ut
818 1143 866 1179 de
904 1141 1082 1178 accensis
1122 1140 1365 1177 carbonibus
1405 1149 1441 1176 et
1482 1139 1617 1176 multis
1664 1152 1795 1175 rerum

489 1201 669 1249 partibus
693 1213 735 1237 ex
759 1200 907 1237 unione
931 1213 1067 1237 earum
1092 1200 1314 1235 redduntur
1335 1197 1569 1234 notabiliter
1592 1197 1797 1234 forciores.

547 1261 751 1304 Quantum
800 1260 850 1295 ad
895 1258 1000 1294 istud
1039 1266 1149 1306 patet
1195 1256 1404 1305 supposita
1449 1268 1493 1292 ex
1536 1255 1799 1292 distinccione

489 1316 922 1354 excommunicacionis
960 1317 1067 1364 quod
1106 1327 1223 1351 nemo
1264 1327 1307 1350 ex
1338 1314 1374 1350 vi
1414 1312 1799 1350 communicacionis

490 1388 578 1411 cum
631 1374 977 1411 excommunicato
1030 1372 1315 1421 dampnabitur
1364 1372 1404 1407 in
1448 1371 1583 1408 anima
1636 1371 1710 1407 nisi
1756 1384 1798 1407 ex

488 1433 653 1481 proprio
686 1442 852 1481 peccato
886 1431 1092 1480 delinquat
1125 1431 1292 1473 noviter,
1327 1431 1433 1478 quod
1467 1438 1524 1466 est
1557 1442 1599 1465 ex
1622 1429 1657 1465 vi
1691 1442 1798 1465 com-

492 1490 692 1527 munionis
722 1503 811 1527 cum
844 1490 923 1526 alio
952 1488 1190 1526 abscondito
1219 1501 1241 1525 a
1265 1490 1348 1524 Deo
1372 1487 1545 1535 amplius
1570 1487 1797 1523 maledicto.

490 1550 528 1585 Si
575 1549 680 1585 enim
730 1547 963 1585 assistencia
1007 1546 1354 1584 excommunicato
1400 1558 1469 1593 per
1513 1558 1553 1581 se
1597 1544 1799 1581 maledicit

490 1606 819 1651 communicanti,
854 1615 947 1642 tunc
971 1614 1054 1642 tota
1077 1604 1265 1650 Trinitas,
1300 1604 1533 1651 angelorum
1568 1602 1800 1640 assistencia

491 1676 527 1701 et
561 1665 738 1701 fidelium
780 1663 1103 1701 convertencium
1143 1663 1253 1711 prius
1285 1674 1497 1698 conversos
1530 1660 1800 1698 excommuni-

491 1723 698 1760 cacionem
740 1723 778 1758 in
820 1722 874 1759 eis
913 1722 1138 1766 induceret;
1184 1722 1292 1769 quod
1332 1729 1492 1768 oportet
1531 1718 1800 1756 excommuni-

491 1791 646 1818 catores
696 1790 855 1817 nostros
904 1793 1063 1827 negare,
1115 1792 1204 1815 cum
1259 1779 1405 1814 multos
1453 1777 1801 1814 excommunicant

493 1839 763 1876 communiter
798 1848 833 1875 et
867 1839 1079 1874 absolvunt
1112 1837 1310 1885 posterius
1344 1845 1509 1883 propter
1541 1837 1712 1871 lucrum.

551 1898 938 1945 Correspondenter,
977 1895 1051 1931 nisi
1092 1895 1179 1943 quis
1219 1893 1509 1931 habundaverit
1550 1893 1588 1929 in
1635 1893 1801 1929 caritate

495 1955 564 1991 Dei
613 1964 649 1991 et
695 1953 878 2002 proximi,
924 1955 1141 2002 prudenter
1180 1952 1291 1999 signa
1330 1951 1563 1987 dileccionis
1611 1950 1802 1998 proximis

492 2014 755 2056 ostendendo,
808 2025 889 2048 non
940 2010 1254 2048 communicabit
1303 2010 1470 2046 fratrum
1521 2010 1581 2045 vel
1631 2008 1800 2045 aliorum

492 2070 689 2119 spirituali
713 2069 915 2118 suffragio,
947 2071 1015 2105 sed
1044 2068 1250 2105 subductis
1274 2067 1461 2103 omnibus
1485 2067 1652 2103 fratrum
1678 2066 1802 2102 literis

492 2129 552 2165 vel
585 2127 912 2165 concessionibus
945 2126 1155 2164 assistente
1179 2126 1248 2162 tali
1283 2134 1498 2173 augmento
1533 2125 1710 2161 caritatis
1743 2125 1803 2160 vel

492 2186 624 2234 gracie
664 2185 922 2234 participabit
956 2184 1260 2233 quibuscunque
1298 2183 1573 2231 spiritualibus
1605 2181 1802 2228 suffragiis

494 2243 658 2281 ecclesie
689 2244 814 2280 eciam
846 2242 1064 2291 suppositis
1089 2243 1256 2278 fratrum
1282 2240 1492 2288 suffragiis,
1517 2240 1637 2277 velint
1660 2239 1801 2276 nolint.

496 2305 598 2338 Deus
633 2302 738 2338 enim
773 2301 958 2338 concedit
982 2299 1396 2337 communicacionem
1428 2298 1567 2335 talium
1604 2300 1800 2334 bonorum

494 2359 764 2408 spiritualium
797 2361 847 2396 ad
871 2372 991 2407 quam
1027 2357 1326 2394 concessionem
1350 2357 1491 2392 fratres
1524 2369 1604 2391 non
1637 2365 1803 2404 possunt

494 2417 701 2465 attingere.
737 2419 862 2454 Orare
885 2425 1019 2453 tamen
1042 2424 1207 2464 possunt
1239 2424 1275 2451 et
1300 2414 1443 2450 mereri
1469 2414 1555 2450 aliis
1577 2413 1804 2462 specialiter

495 2476 525 2512 si
559 2477 607 2512 ab
641 2475 695 2512 eis
728 2477 800 2512 hec
834 2473 982 2511 heresis
1014 2475 1272 2510 subducatur.
1314 2472 1488 2508 Concedi
1522 2480 1655 2508 tamen
1688 2473 1804 2507 debet

496 2534 603 2582 quod
655 2533 770 2569 multi
820 2532 972 2569 viantes
1023 2540 1104 2568 tam
1156 2531 1297 2567 fratres
1349 2542 1469 2577 quam
1525 2529 1589 2566 alii
1636 2538 1802 2577 possunt

1817 859 1852 880 10

1819 1139 1855 1171 15

1820 2297 1859 2328 35

495 2590 725 2640 parcialiter
747 2591 786 2626 in
809 2590 974 2639 aliquod
1004 2590 1255 2634 antecedens,
1280 2587 1462 2625 faciendo
1486 2596 1522 2624 et
1546 2588 1802 2623 concedendo
1817 2596 1860 2627 40

496 2659 533 2686 et
557 2650 688 2684 dando
718 2648 863 2696 ipsum,
894 2657 931 2684 et
954 2647 993 2684 in
1022 2660 1137 2683 suum
1163 2658 1410 2694 consequens
1433 2645 1489 2681 sic
1511 2658 1592 2681 non
1616 2653 1802 2693 possunt3

495 2716 538 2743 ut
582 2707 763 2744 homines
807 2714 974 2754 possunt
1019 2705 1162 2741 mereri
1207 2703 1494 2740 beatitudinem
1547 2711 1584 2739 et
1631 2702 1801 2750 primam

565 2861 584 2879 1.
601 2851 694 2879 Cod.:
714 2851 866 2879 iustificat.
927 2858 952 2877 2.
968 2850 1062 2877 Cod.:
1085 2849 1216 2884 publicis
1231 2848 1430 2876 vestimentis.
1489 2846 1514 2874 3.
1532 2846 1627 2874 Cod.:
1650 2846 1694 2873 sic
1708 2846 1802 2872 deest.
