1944 3323
159 230 239 273 416

151 1620 216 1648 The
237 1622 344 1648 orders
364 1630 414 1649 arc

180 1656 229 1682 the
249 1664 339 1683 cause
360 1657 394 1683 of

215 1691 348 1725 political

181 1726 388 1753 disum-banco.

721 237 942 269 JOHA'NNIS
962 236 1144 269 WYCLIF
1163 236 1423 269 SERMONUM
1446 222 1597 281 [SERMO
1618 233 1753 262 XLVIII·

446 344 553 391 quod
577 344 749 391 quedam
783 351 888 379 secte
921 352 1062 379 sonent
1096 342 1135 379 in
1168 342 1312 379 vicium
1347 351 1384 379 et
1418 342 1493 379 alie
1516 355 1591 391 que
1615 343 1752 380 dicunt

445 400 680 437 divisionem
706 413 728 437 a
750 400 1029 449 peccatoribus
1053 400 1092 437 in
1112 400 1314 437 virtutem.
1340 400 1547 437 Decimum
1563 410 1749 449 quartum

444 471 544 506 opus
597 458 726 495 carnis
779 467 870 494 sunt
921 458 1061 494 invidie
1110 471 1185 507 que
1232 471 1274 495 ex
1319 458 1435 495 sectis
1480 458 1751 495 communiter

444 516 628 551 oriuntur
661 524 697 552 et
731 515 769 551 in
801 515 924 564 signis
958 515 1210 552 sensibilibus
1248 517 1526 561 ostenduntur,
1568 525 1610 552 ut
1643 525 1751 564 patet

444 575 492 610 de
525 573 712 610 fratribus
751 573 817 622 qui
857 575 906 610 ad
946 574 1239 610 defendendum
1277 587 1368 611 suas
1401 583 1527 610 sectas
1561 573 1783 610 invadunt5

444 631 574 667 invide
607 640 644 667 et
677 631 952 679 multipliciter
984 633 1251 677 adversanteS,
1286 640 1322 668 et
1361 631 1588 680 specialiter
1621 633 1750 668 detra-

443 690 587 734 hendo,
627 690 843 737 pugnando
883 698 919 725 et
952 690 999 725 de
1038 689 1341 737 displicentibus
1375 689 1625 735 menciendo,
1660 702 1748 726 cum

442 746 514 783 iste
552 755 657 783 secte
694 747 771 783 sint
809 748 914 784 bona
947 746 1101 795 privata
1134 747 1233 784 citra
1266 747 1498 795 religionem
1534 746 1681 783 Christi
1714 756 1750 783 et

442 817 518 853 que
542 806 636 840 dum
660 805 824 853 propria
847 813 1018 854 querunt
1041 804 1342 842 infundabiliter
1373 805 1472 842 citra
1504 807 1609 842 bona
1643 817 1750 841 com-

444 862 579 898 munia
619 871 754 899 sancte
793 863 932 899 matris
971 863 1137 900 ecclesie
1175 864 1235 899 vel
1274 863 1502 899 diminuunt
1541 862 1747 900 caritatem
1771 875 1807 896 10

443 933 518 968 que
550 933 622 956 non
667 920 722 957 sic
769 921 893 969 quet-it
934 933 1004 969 que
1045 934 1114 958 sua
1158 929 1256 960 sunt,
1308 920 1518 958 Decimum
1565 920 1747 969 quintum

442 991 542 1026 opus
582 978 712 1014 carnis
751 987 841 1015 sunt
880 979 1084 1015 homicidia
1124 991 1199 1027 que
1237 988 1457 1028 sequuntur
1495 980 1567 1015 hec
1598 978 1748 1026 priora.

443 1036 651 1073 Decimum
692 1045 844 1072 sextum
884 1049 984 1085 opus
1025 1036 1156 1073 carnis
1193 1046 1283 1073 sunt
1315 1037 1518 1073 ebrietates
1550 1049 1625 1085 que
1659 1045 1749 1073 sunt

442 1103 549 1130 extra
573 1106 801 1130 mensuram
830 1094 1050 1132 bibiciones
1073 1107 1231 1131 sensum
1255 1094 1430 1131 hominis
1457 1095 1748 1143 perturbantes.

442 1151 650 1188 Decimum
710 1152 925 1200 septimum
985 1162 1021 1189 et
1078 1153 1263 1189 ultimum
1323 1165 1424 1201 opus
1477 1152 1607 1189 carnis
1659 1154 1804 1188 sunt13

441 1210 781 1246 commessaciones
814 1223 890 1259 que
922 1219 1012 1247 sunt
1044 1210 1272 1247 inordinate
1312 1219 1348 1247 et
1381 1211 1607 1259 frequentes
1641 1223 1748 1247 com-

442 1267 669 1304 mestiones.

498 1326 623 1362 Multa
655 1333 789 1362 autem
823 1334 913 1362 sunt
936 1326 1032 1362 talia
1064 1338 1186 1374 opera
1221 1334 1257 1362 et
1290 1325 1344 1362 eis
1376 1324 1523 1362 similia
1556 1338 1631 1374 que
1654 1327 1746 1361 dum

441 1383 623 1419 homines
653 1382 880 1419 inordinate
904 1392 1024 1431 agunt
1048 1396 1212 1431 regnum
1238 1383 1308 1419 Dei
1332 1396 1412 1420 non
1436 1392 1746 1432 consequuntur.

440 1441 550 1477 Sicut
574 1441 678 1477 enim
705 1442 917 1489 analogum
944 1454 1017 1490 pro
1041 1441 1245 1478 famosiori
1270 1441 1453 1488 sumitur,
1478 1441 1533 1478 sic
1556 1441 1747 1478 famosius
1764 1453 1805 1475 20

440 1499 629 1535 dicuntur
668 1500 740 1535 hec
779 1511 894 1547 agere
927 1512 1003 1548 que
1041 1499 1123 1536 sine
1161 1498 1374 1535 sufficienti
1409 1498 1656 1536 contricione
1687 1499 1747 1535 vel

440 1556 667 1605 penitencia
700 1556 775 1593 ista
809 1566 943 1605 agunt.

498 1617 545 1650 Et
583 1624 679 1651 nota
713 1616 821 1663 quod
853 1615 1069 1663 Apostolus
1102 1627 1182 1651 non
1214 1614 1383 1651 intendit
1416 1614 1490 1652 ista
1524 1614 1748 1651 describere

439 1673 500 1709 vel
533 1685 576 1708 ex
598 1673 785 1721 opposito
810 1672 1052 1721 distinguere
1075 1682 1281 1721 tamquam
1311 1685 1457 1720 genera
1479 1672 1746 1721 impermixta,

442 1730 532 1767 licet
556 1729 720 1767 indubie
742 1730 910 1767 istorum
936 1732 1036 1767 ordo
1060 1740 1097 1767 et
1121 1729 1307 1767 causacio
1331 1730 1550 1767 subtilitate
1574 1729 1747 1766 mirabili
1765 1733 1804 1764 25

439 1801 522 1824 sese
568 1788 798 1836 respiciant.
844 1790 1029 1825 Secundo
1069 1797 1164 1825 nota
1202 1789 1309 1837 quod
1357 1788 1537 1837 querenti
1585 1801 1745 1824 causam

439 1846 760 1894 perturbacionis
825 1846 1043 1895 reipublice
1113 1846 1347 1894 responderi
1413 1855 1542 1895 potest
1611 1858 1747 1883 secure

438 1906 545 1952 quod
598 1917 716 1941 causa
768 1904 897 1940 tocius
942 1903 1260 1952 perturbacionis
1311 1913 1401 1940 sunt
1445 1913 1550 1941 secte
1594 1904 1747 1941 noviter

438 1961 676 1998 introducte.
717 1962 827 1999 Sicut
866 1962 971 1998 enim
1012 1971 1119 1999 secta
1151 1962 1395 1998 Machometi
1435 1962 1611 1999 causavit
1650 1961 1747 1998 divi-

437 2019 591 2056 sionem
631 2020 851 2056 notabilem
891 2019 929 2056 in
969 2021 1145 2056 humano
1184 2032 1340 2067 genere,
1374 2020 1430 2056 sic
1464 2028 1500 2056 et
1533 2020 1608 2056 alie
1641 2027 1746 2056 secte
1764 2021 1805 2052 30

436 2077 525 2124 plus
558 2077 633 2114 alie
666 2077 810 2114 minus.
845 2079 892 2113 Et
926 2077 1155 2114 confirmari
1189 2086 1321 2125 potest
1355 2090 1397 2114 ex
1430 2078 1505 2114 hoc
1538 2079 1645 2126 quod
1679 2077 1744 2113 ubi

436 2143 526 2170 sunt
551 2136 673 2171 multe
707 2148 824 2172 cause
857 2144 1140 2172 concurrentes
1173 2136 1221 2171 ad
1255 2135 1374 2181 idem,
1411 2135 1585 2184 quelibet
1609 2148 1743 2171 earum

437 2192 682 2229 coniunctim
713 2202 749 2229 et
774 2192 929 2229 divisim
964 2197 1019 2238 (ut
1043 2202 1151 2241 patet
1175 2192 1441 2241 philosophis)
1465 2202 1601 2230 causat
1625 2192 1744 2229 idern.

436 2252 535 2287 Cum
571 2263 664 2299 ergo
697 2263 835 2287 omnes
868 2250 934 2287 ille
967 2250 1226 2287 condiciones
1259 2250 1546 2299 septemdecim
1580 2259 1745 2287 causant

436 2308 786 2355 perturbacionem
821 2309 998 2355 ecclesie,
1033 2321 1123 2345 cum
1156 2308 1257 2345 vicia
1290 2318 1380 2345 sunt
1413 2321 1602 2355 connexa,
1637 2309 1800 2356 patet35

436 2367 543 2413 quod
576 2366 719 2403 vicium
754 2375 952 2403 sectarum
987 2375 1124 2403 causat
1158 2366 1266 2403 illam
1300 2366 1556 2403 discordiam.

493 2425 541 2459 Et
565 2425 639 2460 hoc
671 2433 780 2472 patet
812 2424 1039 2472 specialiter
1071 2437 1116 2461 eo
1141 2426 1247 2472 quod
1281 2433 1371 2461 ante
1400 2423 1743 2460 introduccionem

436 2480 593 2517 illarum
630 2482 701 2518 fuit
735 2482 864 2518 maior
897 2482 1114 2519 concordia
1147 2491 1184 2518 et
1209 2482 1483 2530 multipliciter
1507 2481 1583 2518 illis
1618 2482 1745 2518 maior

436 2539 635 2575 discordia
674 2542 933 2588 sequebatur;
974 2553 1065 2577 nam
1107 2539 1173 2576 ubi
1215 2540 1468 2576 multitudinis
1500 2540 1741 2576 credencium

435 2604 488 2632 est
520 2610 724 2633 cornuum
759 2605 793 2634 et
825 2598 951 2634 anima
982 2611 1069 2645 una,
1098 2598 1237 2634 exinde
1267 2597 1493 2634 necessario
1527 2597 1742 2634 comitatur
1756 2609 1801 2639 40

504 2762 545 2781 10.
567 2754 661 2782 Cod.:
684 2755 785 2782 matri.
858 2754 902 2783 25.
924 2754 1019 2783 Cod.:
1039 2755 1156 2783 cauci0.
1229 2754 1275 2782 36.
1298 2754 1392 2783 Cod.:
1414 2763 1550 2784 causam.

505 2849 520 2880 3
549 2856 580 2880 et
607 2859 706 2891 seqq.
734 2849 808 2881 Gal.
831 2851 872 2889 V,
901 2859 954 2881 21.
1052 2850 1103 2893 39.
1131 2852 1204 2881 Act.
1234 2850 1290 2890 IV,
1319 2850 1369 2881 32.
