1944 3323
204 265 341 296 SERMO
363 255 489 313 xxm]
691 268 869 300 TERTIA
895 268 1021 300 PARS.
1739 262 1809 298 183

261 377 323 412 Ad
347 376 569 412 secundum
600 383 710 423 patet
735 376 844 424 quod
867 387 949 411 non
971 375 1076 411 valet
1100 375 1408 424 consequencia,
1434 388 1523 412 curn
1540 390 1565 410 2.
1587 384 1611 411 lt
1631 384 1816 423 istruqthat

203 443 395 483 sequatur
431 433 686 482 oppositum3
733 435 832 470 bene
871 442 1007 470 tamen
1055 443 1091 470 et
1134 446 1226 470 vere
1271 419 1815 482 concluditur¹¹¹⁰CJJ,¹{‡',{¹,{'⁸2¹1¹,²¹¹⁶

202 494 311 541 quod
334 493 468 529 nullus
497 491 793 541 predestinatus
817 501 958 540 peccat
982 491 1208 528 mortaliter
1232 491 1364 540 primo
1389 494 1524 537 modo,
1601 490 1755 525 ¹³¹“1‘1fl¹¹>'·

204 552 280 588 hoc
320 559 390 597 est,
432 559 599 599 peccato
641 549 771 587 finalis
804 549 1102 599 impenitencie,
1143 563 1232 587 cum
1267 550 1325 587 sic
1358 563 1526 598 peccare

170 609 413 657 5proprium
447 608 496 645 sit
528 608 734 657 presciti33
768 621 842 645 nec
874 608 992 645 rideo
1017 610 1225 657 quomodo
1258 618 1336 645 stat
1358 618 1525 657 peccata

203 679 288 703 esse
325 679 426 716 eque
465 666 601 715 gravia
641 666 681 702 in
720 667 1005 715 predestinatis
1052 676 1088 704 et
1127 667 1312 716 prescitis
1356 676 1524 716 propter

203 725 489 762 comitanciam
521 724 582 762 sui
616 725 718 762 finis.

258 785 321 820 Ad
343 783 513 820 tercium
536 792 704 831 negetur
727 783 1021 832 consequencia
1053 792 1096 819 ut
1119 783 1288 832 prioreS,
1323 785 1391 820 sed
1425 785 1524 820 bene
1603 790 1661 830 §Vq
1683 800 1752 830 may

202 843 435 890 procedent,
475 841 506 878 si
544 855 626 878 non
671 841 720 878 sit
765 841 931 890 aliquod
975 850 1187 890 peccatum
1232 843 1404 878 mortale
1449 841 1524 878 nisi
1541 826 1813 889 [ωῇᾆζῗζζὲξζξῗωι

147 912 186 935 10
202 909 413 949 peccatum
445 900 576 937 finalis
608 899 896 949 impenitencie
928 900 968 937 in
996 899 1185 948 prescito.
1220 902 1353 948 Ipsum
1389 910 1522 937 autem
1540 896 1801 959 ,153¹¹5O³}1bffist³i¹(¹)¹l¹lfil

202 971 292 995 cum
326 958 541 996 necessitat
574 960 625 995 ad
658 967 831 995 mortem
864 960 1097 1004 secundam,
1132 967 1169 994 et
1200 950 1547 995 concomitancia‘
1675 946 1685 958 ⁸
1777 950 1813 959 ι’

200 1017 334 1065 gracie
385 1017 425 1053 in
470 1017 559 1053 aliis
611 1029 702 1053 cum
747 1017 963 1054 necessitat
1008 1018 1058 1053 ad
1103 1016 1522 1065 vitam'perpetuam,

200 1075 295 1112 satis
334 1075 526 1125 equivoce
566 1074 753 1112 dicuntur
791 1075 993 1112 mortalia.
1040 1076 1133 1112 Ideo
1173 1075 1337 1124 quidam
1378 1085 1525 1112 vocant

199 1134 377 1182 primum
428 1142 641 1182 peccatum
695 1134 866 1170 mortale
915 1133 1155 1182 simpliciter
1205 1134 1402 1179 absolute,
1455 1135 1523 1170 sed

146 1194 182 1227 15
199 1193 420 1229 secundum
453 1201 600 1229 vocant
634 1192 807 1228 mortale
839 1193 1062 1228 secundum
1097 1191 1193 1241 quid
1226 1193 1288 1229 vel
1321 1193 1394 1228 sub
1429 1204 1523 1229 con-

199 1250 370 1287 dicione.
405 1252 454 1287 Et
488 1252 609 1287 credo
643 1251 751 1299 quod
785 1252 891 1287 Deus
925 1250 1127 1287 ordinavit
1160 1250 1447 1287 futuricionem
1481 1250 1521 1286 in

197 1308 283 1345 istis
306 1308 482 1357 peccatis
505 1308 727 1345 viatoribus
756 1308 1019 1357 incognitam,
1050 1318 1093 1345 ut
1116 1308 1260 1357 prelati
1285 1310 1522 1346 erubescant

197 1376 280 1404 tam
315 1368 551 1416 blaspheme
585 1368 633 1403 de
666 1367 741 1404 sibi
774 1367 990 1415 incognitis
1024 1367 1211 1404 diffinire.

256 1427 371 1463 Unde
394 1425 548 1474 tyriaca
570 1426 673 1462 foret
697 1435 839 1462 contra
863 1427 1039 1474 prelatos
1063 1426 1252 1473 cesarios,
1270 1426 1520 1462 confessores
1544 1432 1678 1460 Prolatos
1700 1434 1810 1461 should

141 1495 182 1517 20
198 1485 246 1520 de
278 1484 396 1521 sectis
428 1484 609 1530 novellis,
635 1493 842 1533 questores
866 1493 903 1520 et
927 1483 1027 1521 alios
1059 1485 1238 1521 volentes
1270 1497 1345 1532 pro
1378 1497 1520 1532 pecca·
1537 1468 1813 1531 ffifffflgvtfllssff

196 1551 330 1578 torum
371 1542 643 1579 delecionibus
689 1551 726 1579 et
770 1542 1098 1579 absolucionibus
1137 1542 1351 1591 pecuniam
1393 1552 1520 1579 extor-
1566 1535 1778 1600 ss1052ff]¹{{f'0n1

198 1613 331 1649 quere,
357 1613 524 1649 querere
554 1600 686 1648 primo
717 1600 913 1637 instanter
936 1613 1007 1649 per
1030 1601 1124 1649 quid
1155 1601 1310 1649 peccati
1337 1601 1519 1637 mortalis
1722 1595 1727 1600 ⁸

197 1668 234 1695 et
265 1658 431 1695 venialis
465 1658 696 1695 differencia
721 1668 1005 1707 cognoscetur,
1040 1660 1148 1708 quod
1172 1659 1203 1695 si
1226 1658 1410 1695 nesciunt
1433 1668 1520 1696 tota

196 1729 267 1754 sua
305 1717 506 1754 fabulacio
544 1716 584 1753 in
624 1717 700 1753 ista
739 1717 908 1754 materia
947 1726 1005 1754 est
1049 1726 1247 1766 suspecta,
1295 1726 1331 1754 et
1375 1717 1406 1753 si
1453 1719 1518 1754 de-

140 1775 179 1807 25
197 1775 340 1811 finiunt
363 1787 434 1824 per
456 1787 605 1812 nomen
629 1784 742 1812 actus
768 1775 974 1821 exercicia,
1007 1785 1051 1812 ut
1075 1775 1283 1812 hominem
1317 1775 1515 1821 occidere,

195 1833 319 1870 furari
363 1834 425 1870 vel
469 1846 710 1883 quecunque
755 1833 916 1880 similia,
963 1842 1074 1882 patet
1122 1835 1231 1882 quod
1276 1846 1516 1883 quecunque

196 1891 350 1940 species
395 1901 508 1929 actus
553 1892 763 1929 extrinseci
809 1901 942 1941 potest
987 1892 1193 1929 meritorie
1242 1892 1428 1938 exerceri,
1473 1901 1517 1928 ut

195 1949 329 1999 posito
380 1952 489 1999 quod
535 1952 641 1987 Deus
695 1950 894 1999 precipiat
944 1950 1057 1987 illum
1110 1960 1244 1987 actum
1297 1951 1357 1987 vel
1402 1950 1518 1987 aliter

197 2008 400 2057 dispenset
444 2010 553 2058 quod
597 2021 680 2045 non
724 2009 774 2045 sit
818 2009 1093 2057 prevaricacio
1144 2018 1311 2058 propter
1353 2021 1516 2046 causam

137 2066 179 2098 30
195 2066 269 2103 sibi
302 2067 549 2115 incognitam
585 2080 705 2116 quam
739 2080 821 2103 non
853 2076 1038 2104 noscunt.

253 2127 451 2162 Standum
492 2134 550 2162 est
589 2138 682 2173 ergo
721 2125 761 2161 in
802 2126 880 2162 fide
919 2126 1130 2174 scripture,
1171 2126 1354 2163 timendo
1388 2128 1516 2162 Deum
1538 2132 1647 2160 Venia]
1669 2133 1716 2161 sin
1738 2142 1808 2171 may

195 2193 232 2220 et
256 2196 377 2220 omne
410 2196 534 2232 genus
567 2183 735 2232 peccati,
767 2183 936 2220 istorum
970 2184 1245 2221 fabulaciones
1278 2183 1517 2232 sophisticas
1658 2169 1693 2196 be

194 2242 472 2291 relinquendo.
513 2244 647 2279 Unum
680 2251 818 2279 tamen
856 2242 1015 2279 videtur
1056 2243 1153 2279 mihi
1193 2244 1421 2279 notandum
1455 2255 1516 2279 ex-

193 2300 384 2349 pressius,
408 2301 517 2349 quod
539 2309 751 2348 peccatum
777 2300 924 2337 dicitur
945 2300 1099 2338 veniale
1124 2301 1351 2350 dupliciter,
1383 2301 1515 2349 primo
1532 2315 1552 2334 1.
1568 2308 1618 2335 the
1640 2309 1742 2347 sitlos
1758 2310 1808 2337 1110

136 2358 175 2391 35
193 2358 288 2407 quia
326 2358 457 2407 ipsum
498 2368 556 2395 est
589 2359 752 2407 dignum
786 2359 902 2396 venia
942 2372 985 2396 ex
1018 2359 1343 2396 concomitancia
1381 2359 1515 2408 gracie
1559 2343 1777 2380 predestmate,

192 2416 555 2465 predestinacionis
596 2426 633 2453 et
666 2417 832 2454 lenitate
865 2417 970 2454 illius
1004 2418 1160 2466 peccati
1193 2426 1359 2466 propter
1392 2431 1514 2466 quam

192 2477 299 2512 Deus
332 2474 479 2511 diffinit
511 2476 619 2524 quod
660 2475 824 2512 habebit
861 2476 1034 2522 veniam,
1076 2485 1112 2513 et
1151 2475 1362 2513 venialitas
1400 2476 1514 2512 istius

192 2533 347 2582 peccati
387 2541 445 2569 est
482 2532 606 2569 vianti
643 2533 860 2582 incognita,
901 2534 994 2571 licet
1032 2543 1171 2582 peccet
1209 2534 1384 2582 graviter
1423 2547 1513 2571 cum

192 2589 515 2629 concomitancia
537 2591 769 2628 voluntatis.
794 2593 980 2629 Secundo
1005 2593 1125 2629 modo
1140 2592 1286 2629 dicitur
1301 2602 1513 2641 peccatum
1543 2605 1569 2625 2.
1591 2598 1656 2625 sins
1678 2600 1793 2635 merely

130 2649 346 2690 40veniale
397 2661 636 2698 quecunque
687 2649 852 2687 omissio
897 2663 976 2699 qua
1019 2650 1149 2687 viator
1192 2664 1274 2687 non
1323 2651 1418 2687 facit
1463 2651 1512 2687 ad
1540 2637 1794 2696 (ἔοῧηζιξῖζῖῗςζῃ

260 2758 280 2777 ι,
295 2749 328 2776 Ιῐ]
344 2756 457 2783 marg:
476 2748 508 2775 B.
563 2756 589 2783 7.
606 2747 701 2775 Com:
718 2757 770 2776 sue
786 2749 865 2776 finis.
921 2748 947 2777 8.
964 2749 996 2777 In
1014 2758 1127 2785 marg:
1144 2750 1178 2777 C.
1237 2758 1277 2777 10.
1295 2749 1389 2777 Cod.:
1412 2749 1508 2776 finale.

189 2792 223 2812 ιι.
245 2784 340 2812 Cod.:
362 2783 629 2811 concominancia.
720 2783 761 2812 25.
783 2791 907 2811 nomen.
929 2784 1024 2812 Cod.:
1048 2785 1132 2811 novi¹
1223 2785 1270 2812 26.
1293 2784 1388 2812 Cod.:
1411 2784 1508 2811 finari.

188 2827 233 2889 ἐξ.
249 2818 539 2888 ffffssaregtfiiloeci'
595 2816 691 2852 34.1n
708 2826 821 2854 marg:
845 2827 865 2846 1.
887 2819 1049 2847 Peccatum
1070 2819 1182 2847 dicitur
1203 2820 1319 2847 veniale
1334 2819 1508 2854 dupliciter.

262 2924 313 2958 19·
340 2915 485 2957 tyriaca,
504 2913 585 2946 Vid.
612 2913 699 2945 infra
725 2923 803 2957 pag.
833 2924 909 2947 201.
