1944 3323
153 853 256 880 Christ
276 862 301 879 1>
322 854 370 879 the

132 889 197 915 best
218 888 310 914 abbot
331 888 388 914 and

125 923 181 950 His
196 923 286 949 order
301 923 399 948 excels

173 958 208 983 all
231 958 345 984 others.

182 1778 239 1804 wc
262 1782 342 1803 must

161 1813 271 1838 rebuke
295 1812 364 1838 with

138 1847 310 1880 geutlcncss
330 1847 388 1873 aud

189 1882 339 1917 modesti:

708 276 930 307 JOHANNIS
951 275 1133 307 WYCLIF
1153 274 1408 306 SERMONUM
1445 260 1597 317 [SERMO
1618 271 1723 298 XLIX-

1742 367 1815 397 Fol.

415 383 575 431 quidem
607 379 610 434 Ι
641 382 747 418 fraus
792 382 941 418 diaboli
987 382 1159 429 surrepit
1200 382 1238 417 in
1279 381 1433 417 animas
1473 382 1824 444 ι16νοῐοϊιιῑῐῃ285ΙΙ

414 440 597 477 faciendo
662 452 728 475 eos
793 452 876 475 sese
946 452 1165 487 provocare
1230 438 1360 476 verbis
1416 437 1724 486 dedignantibus

414 512 457 535 ex
491 507 630 546 putata
663 498 875 533 sanctitate
909 507 945 533 et
980 497 1169 542 invidere,
1211 510 1301 533 curn
1336 497 1476 532 fratres
1510 495 1724 532 novissime

413 564 688 604 apostatantes
728 556 932 592 affirmant
972 557 1078 603 quod
1124 564 1214 591 sunt
1259 555 1351 591 viris
1397 553 1630 602 apostolicis
1676 555 1723 590 de

413 614 604 661 religione
629 613 809 661 primeva
832 615 1051 649 secundum
1076 614 1270 661 quasdam
1296 612 1540 649 tradiciones
1563 612 1757 649 frivolass

413 673 501 720 plus
543 671 728 718 perfectiss,
768 684 938 719 quorun]
979 671 1183 707 evidencia
1222 670 1431 718 potissima
1465 679 1542 707 stat
1576 669 1616 706 in
1648 670 1724 706 isto

415 731 523 778 quod
556 738 749 777 patronus
773 742 889 777 quem
926 729 1138 765 vendicant
1171 741 1255 765 esse
1288 742 1402 764 suum
1438 728 1632 776 religiosis
1666 728 1723 763 sui

414 786 609 835 temporis
643 787 792 823 vixerat
825 788 912 834 plus
946 787 1135 834 perfecte.

473 846 550 881 Sed
583 853 743 892 oportet
782 844 917 881 simias
951 845 1046 881 istas
1079 846 1298 881 secundum
1332 844 1517 891 spiritum
1552 845 1723 892 prophe-

415 903 539 939 ticum
580 902 781 938 interioris
821 902 995 938 hominis
1034 904 1083 938 ad
1123 911 1271 939 statum
1313 901 1478 938 ecclesie
1511 902 1599 949 plus
1633 915 1782 950 pro-10

414 961 535 996 funde
568 960 778 1008 proficere,
811 974 884 996 nos
917 969 1049 996 autem
1085 961 1303 996 secundum
1339 960 1499 995 oculum
1523 959 1725 996 interioris

414 1018 588 1054 hominis
622 1030 748 1066 usque
771 1020 821 1055 ad
845 1018 1084 1054 altissimum
1110 1018 1335 1054 iudicantes
1358 1030 1401 1054 ex
1425 1018 1502 1053 fide
1526 1017 1725 1054 credimus

415 1078 520 1125 quod
556 1078 678 1113 abbas
711 1085 846 1112 noster
879 1075 1060 1113 Christus
1101 1076 1194 1112 vixit
1234 1075 1454 1124 perfeccius
1494 1088 1614 1124 quam
1654 1075 1725 1111 fuit

415 1134 606 1181 possibile
645 1134 819 1183 aliquem
861 1135 1104 1182 singularem
1145 1143 1362 1182 patronum
1403 1146 1541 1170 eorum
1581 1133 1722 1170 vivere.

414 1194 507 1228 Ideo
552 1192 644 1228 licet
692 1192 810 1228 nimis
858 1194 1147 1241 degeneramus
1193 1205 1214 1228 a
1258 1192 1338 1228 vita
1385 1191 1540 1228 abbatis
1584 1191 1781 1231 nost1·i‚15

415 1250 562 1286 scimus
608 1259 743 1286 tamen
788 1252 895 1298 quod
943 1259 1070 1286 status
1119 1260 1155 1287 et
1203 1249 1342 1297 religio
1389 1258 1526 1285 nostra
1571 1249 1723 1286 excedit

414 1317 561 1344 statum
604 1317 640 1344 et
673 1307 907 1355 religionem
948 1321 1101 1346 eorum,
1136 1320 1212 1356 que
1251 1321 1330 1344 non
1368 1308 1472 1343 valet
1510 1307 1550 1342 in
1588 1307 1724 1355 aliquo

413 1366 489 1401 nisi
529 1367 575 1402 de
608 1375 759 1413 quanto
799 1374 903 1401 statu
937 1374 973 1402 et
1008 1366 1199 1413 religione
1231 1374 1369 1401 nostra
1402 1365 1630 1413 participat.
1676 1367 1723 1400 Et

414 1423 567 1459 utinam
603 1423 746 1471 privati
781 1423 955 1470 religiosi
989 1424 1114 1459 nostri
1148 1436 1230 1459 non
1263 1424 1392 1459 solum
1427 1422 1501 1459 sibi
1525 1422 1620 1470 ipsis
1642 1435 1723 1458 non

415 1481 617 1518 invideant
649 1494 722 1517 nec
746 1481 906 1518 Christo
940 1490 976 1517 et
1009 1482 1142 1529 regule
1176 1480 1404 1517 christiane.
1439 1482 1587 1516 Amant
1620 1480 1723 1517 enim
1744 1494 1783 1515 20

416 1552 491 1587 que
525 1552 595 1576 sua
629 1548 720 1575 sunt
754 1548 894 1575 contra
928 1539 1105 1576 caritatis
1139 1541 1294 1587 regulas
1329 1548 1364 1575 et
1397 1539 1592 1586 populum
1618 1547 1726 1574 extra
1759 1564 1761 1566 -

415 1597 520 1644 ipsas
553 1598 727 1645 spoliant
760 1606 953 1645 quantum
994 1597 1197 1634 sufficiunt
1237 1606 1273 1634 et
1307 1599 1412 1633 dona
1446 1596 1537 1633 fidei
1571 1609 1616 1632 ac
1649 1596 1725 1632 alia

416 1657 521 1691 dona
562 1655 786 1703 spiritualia
825 1657 873 1691 ab
914 1655 992 1691 illis
1033 1657 1285 1700 subtrahunt,
1319 1655 1380 1691 vel
1413 1654 1506 1703 quia
1545 1654 1726 1691 nesciunt

415 1714 475 1749 vel
508 1713 639 1749 verius
673 1713 765 1761 quia
798 1714 903 1749 bona
936 1714 1177 1761 temporalia
1210 1726 1281 1750 sua
1314 1721 1497 1761 querunt.

474 1772 690 1819 Apostolus
736 1780 870 1807 tamen
916 1773 965 1807 ad
1011 1772 1096 1807 Gal.
1131 1773 1202 1807 VIO
1249 1771 1425 1819 capitulo
1470 1770 1525 1806 ita
1569 1769 1782 1806 scribit225

416 1830 593 1875 Fratres,
626 1837 661 1865 et
692 1830 725 1865 si
750 1836 1034 1878 preoccupatus
1055 1830 1185 1878 suerit
1217 1830 1329 1865 homo
1361 1829 1396 1864 in
1425 1829 1551 1876 aliquo
1575 1828 1725 1871 delicto,

418 1900 483 1922 νας
527 1887 591 1935 qui
625 1887 848 1936 spirituales
892 1887 980 1922 estis
1019 1887 1248 1931 huiusmodi,
1288 1887 1464 1922 instruite
1507 1886 1542 1921 in
1586 1886 1724 1934 Spiritu

416 1945 594 1990 lenitatis,
627 1946 875 1981 considerans
907 1952 943 1980 te
974 1945 1111 1994 ipsum,
1144 1958 1188 1981 ue
1220 1952 1254 1981 et
1286 1952 1324 1980 tu
1357 1943 1566 1992 teuzpteris.
1608 1945 1724 1988 Quod

416 2004 649 2038 mandatum
686 2002 857 2050 Spiritus
887 2002 1022 2038 Sancti
1056 2002 1229 2050 religiosi
1261 2001 1387 2038 nostri
1421 2002 1566 2037 debent
1600 2001 1724 2048 magis

416 2062 635 2105 attendere,
670 2073 758 2096 cum
792 2060 869 2108 ipsi
901 2060 1113 2096 vendicant
1137 2073 1221 2096 esse
1244 2059 1536 2107 spiritualiores
1560 2059 1723 2095 ecclesie
1741 2063 1782 2095 30

417 2118 541 2154 eciam
568 2118 766 2165 Apostolo
800 2119 987 2165 loquente
1012 2118 1065 2153 eis
1090 2119 1139 2153 ad
1163 2131 1206 2154 os
1230 2118 1448 2154 secundum
1474 2116 1722 2164 evangelium

415 2175 489 2211 sibi
530 2176 682 2211 datum.
733 2175 773 2211 Si
813 2188 906 2223 crgo
946 2175 1044 2211 fides
1085 2175 1282 2223 scripture
1323 2174 1506 2223 Apostoli
1551 2188 1573 2210 a
1617 2174 1724 2210 dicto

416 2233 587 2281 Spiritus
621 2232 757 2269 Sancti
789 2246 870 2268 non
903 2242 1037 2280 posset
1070 2233 1165 2281 pati,
1200 2235 1307 2281 quod
1340 2233 1481 2268 fratres
1513 2232 1724 2268 vendicant

415 2304 455 2327 se
495 2304 577 2326 esse
616 2303 730 2327 veros
769 2291 1004 2339 spirituales,
1048 2304 1141 2327 nam
1189 2293 1237 2327 ad
1282 2290 1508 2338 superiores
1552 2290 1724 2338 pertinet

414 2349 521 2395 ipsos
566 2348 773 2384 inferiores
818 2348 1059 2389 illuminare,
1113 2348 1214 2384 sicut
1266 2358 1398 2396 partes
1452 2347 1589 2383 mundi
1642 2356 1722 2384 tam
1741 2352 1780 2383 35

416 2406 579 2442 maioris
615 2419 735 2454 quam
777 2406 943 2442 minoris
984 2415 1116 2454 partes
1155 2406 1362 2442 inferiores
1402 2405 1599 2441 subiectas
1637 2405 1724 2441 illu-

415 2464 582 2508 minant,
623 2473 659 2500 et
699 2464 767 2501 illa
805 2464 1054 2500 illuminacio
1095 2465 1209 2500 debet
1250 2477 1333 2500 6556
1372 2465 1589 2500 secundum
1631 2476 1723 2511 pru-

416 2522 597 2557 denciam
632 2523 764 2570 quoad
798 2531 1009 2569 peccantes
1049 2535 1091 2558 ex
1124 2521 1355 2569 ignor-ancia
1396 2531 1432 2557 et
1472 2521 1626 2556 defectu
1667 2520 1724 2556 in-

414 2579 654 2615 struccionis
688 2579 727 2615 in
759 2579 902 2627 spiritu
935 2579 1122 2625 lenitatis,
1157 2579 1187 2615 si
1212 2588 1345 2616 autem
1369 2578 1525 2627 gravius
1550 2591 1593 2614 ex
1616 2587 1723 2615 certa

483 2732 507 2750 2.
524 2724 616 2750 flod:
639 2732 690 2750 eos
711 2732 777 2750 esse
799 2732 875 2749 sese.
944 2732 969 2757 7.
986 2723 1080 2750 Cod.:
1103 2723 1291 2758 religiosum.
1356 2722 1399 2750 32.
1422 2723 1541 2750 Rectius
1561 2723 1721 2757 legendum

414 2767 479 2785 csse
501 2759 634 2785 videtur:
657 2759 707 2785 Sic
727 2766 798 2792 ergo
820 2758 903 2784 tides.
977 2757 1018 2785 33.
1042 2758 1135 2785 C‹›d.:
1157 2758 1363 2784 vendicantes,
1437 2757 1483 2791 3}-
1506 2757 1600 2785 Cod.:
1622 2757 1721 2789 vi1·os;

414 2794 453 2820 ib.
477 2793 570 2821 Cod.:
599 2801 731 2828 namque
753 2793 937 2827 superiores.
1012 2792 1057 2827 39.
1080 2792 1175 2820 Coa:
1204 2793 1367 2819 leuitantis.

485 2887 538 2919 26.
565 2887 627 2919 Gal
659 2889 715 2924 VI,
748 2898 772 2918 1.
