1944 3323
222 255 358 293 SERMO
379 245 505 301 xvnnj
712 258 888 290 TERTIA
916 258 1040 289 PARS.
1757 264 1800 295 ¹4
1816 264 1822 285 ¹

222 365 329 413 quod
371 377 510 400 omnes
549 365 648 401 tales
682 372 846 413 querunt
877 377 948 413 que
985 377 1053 400 sua
1086 371 1187 409 sunt,
1227 376 1320 411 ergo
1361 363 1541 400 caritatis
1579 371 1814 412 'sheygixtqnu

222 423 453 459 huiusmodi
486 432 576 458 sunt
600 431 791 471 expertes.
827 423 875 458 Et
900 431 1095 471 quantum
1131 423 1181 458 ad
1214 421 1541 470 resipiscenciam
1599 412 1791 477 lcssffiffffiffcc

222 480 260 516 in
308 481 384 516 line
430 481 584 517 nullum
634 481 792 529 signum
840 481 970 517 evidet
1015 480 1112 529 quin
1156 480 1195 516 in
1230 479 1460 517 defensione
1506 489 1542 516 et

221 539 561 587 appropriacione
606 539 868 587 proprietatis
914 538 1145 575 huiusmodi
1191 547 1460 587 perseverent,
1501 546 1543 574 ut

188 597 273 633 §hii
314 597 473 645 scriptis
514 597 663 633 frivolis
708 610 822 634 suam
863 597 1110 634 sentenciam
1152 596 1373 645 opinando,
1421 596 1475 633 hii
1522 609 1544 632 a

221 668 323 704 papa
359 664 395 692 et
422 655 560 691 mundi
594 655 844 704 principibus
878 669 968 693 suas
1001 655 1200 692 novitates
1234 655 1474 704 irregulares
1508 663 1544 690 et

220 713 477 750 derenciones
493 723 530 750 et
545 714 905 762 appropriaciones
920 713 1207 763 temporalium
1224 714 1543 762 augmentand03

222 781 259 808 et
303 772 378 809 ista
422 785 504 808 non
549 781 640 808 sunt
681 782 918 821 argumenta
957 774 1064 822 quod
1099 773 1146 808 de
1180 772 1258 808 illis
1297 771 1544 809 novitatibus

222 830 400 878 penitent
440 832 537 867 hora
578 831 732 867 mortis.
787 833 879 868 Ideo
920 835 977 877 (ut
1012 831 1150 867 dicunt
1183 831 1325 877 sancti)
1364 843 1444 867 non
1488 839 1545 866 est

167 900 206 921 10
224 889 350 937 magis
390 888 578 926 indurata
621 889 781 926 malicia
815 903 936 938 quam
977 889 1017 926 in
1051 889 1208 926 clericis
1241 889 1297 925 sic
1331 888 1542 937 perversis.

223 949 299 983 Sed
339 949 447 996 quod
486 948 575 996 plus
609 949 828 984 dolendum
871 957 928 984 est
967 949 1132 984 trahunt
1166 960 1237 996 per
1270 947 1544 996 possessiones

222 1015 259 1042 et
291 1006 370 1042 alia
405 1006 535 1042 media
564 1006 787 1055 ypocritica
822 1007 1015 1055 populum
1043 1006 1114 1042 Dei
1148 1019 1170 1042 a
1203 1007 1289 1054 lege
1312 1005 1460 1043 Christi
1495 1006 1544 1042 ad

222 1078 334 1100 suam
382 1064 601 1113 perniciem
647 1078 691 1101 ex
736 1078 945 1111 consensu,
992 1074 1029 1101 et
1074 1064 1304 1113 specialiter
1349 1065 1543 1101 solvendo
1582 1071 1859 1110 Timr-dest1-‹u3‘

222 1123 447 1159 libertatem
496 1122 592 1170 legis
637 1123 798 1169 Christi,
852 1137 930 1172 qua
974 1136 1045 1172 per
1089 1136 1219 1171 pauca
1266 1123 1398 1159 media
1443 1122 1543 1159 levia
1569 1108 1828 1169 ¹¹ffilss-¹j⁴‡[3“}⁰1¹{¹ws'¹

168 1183 204 1214 15
221 1190 258 1217 et
316 1182 483 1218 honesta
538 1181 632 1218 velit
692 1181 932 1219 christianos
984 1182 1112 1218 celum
1165 1181 1391 1230 adquirere.
1453 1182 1544 1217 Ideo

220 1241 437 1287 Apostolus
483 1239 704 1276 deridendo
745 1240 977 1277 Corinthios
1022 1240 1078 1276 sic
1122 1252 1189 1276 eos
1234 1239 1455 1288 alloquitur
1489 1242 1545 1276 Ha

222 1299 314 1334 Cor.
338 1300 423 1344 ΧΓ),
450 1308 520 1335 20:
556 1299 759 1335 Sustinelis
784 1299 946 1348 (inquit)
979 1299 1118 1347 siquis
1152 1311 1218 1334 vos
1250 1299 1285 1334 in
1318 1299 1542 1334 servitutem

222 1357 381 1407 redigit,
427 1358 503 1393 hoc
544 1365 615 1398 est,
662 1357 834 1394 extincta
876 1357 1061 1394 libertate
1106 1356 1202 1404 legis
1243 1356 1405 1399 Christi,
1448 1358 1542 1392 dum

221 1415 309 1463 quis
343 1416 708 1463 pseudoapostolus
748 1429 818 1464 per
850 1416 1095 1452 tradiciones
1132 1415 1226 1452 facit
1266 1416 1370 1451 ultra
1410 1424 1543 1463 patres

163 1473 318 1521 2olegis
350 1474 494 1510 veteris
527 1487 599 1510 nos
632 1473 792 1511 servire.
828 1476 905 1511 Sed
939 1474 1040 1511 sicut
1064 1474 1283 1522 Apostolus
1317 1473 1413 1510 alibi
1448 1473 1543 1510 dicit

222 1531 391 1568 ironice:
439 1533 593 1568 Donate
636 1533 731 1568 mihi
779 1533 890 1569 istam
936 1533 1131 1575 iniuriam,
1176 1532 1232 1568 sic
1277 1541 1412 1580 posset
1459 1531 1543 1567 istis

222 1589 298 1626 dici
325 1590 519 1626 derisorie
552 1599 718 1638 propter
755 1590 872 1627 istam
908 1590 1148 1627 stulticiam:
1184 1591 1393 1626 Retribuat
1426 1590 1542 1626 nohis

222 1650 340 1684 Deus.
385 1650 688 1685 Attendendum
741 1658 797 1686 est
844 1662 938 1697 ergo
991 1651 1039 1686 ad
1092 1649 1319 1685 libertatem
1365 1648 1460 1696 legis
1506 1658 1543 1684 et

221 1707 494 1743 ordinacionis
526 1720 645 1755 quam
672 1708 855 1743 Christus
884 1707 1056 1743 instituit
1081 1716 1118 1743 et
1142 1707 1180 1743 in
1205 1707 1288 1743 eius
1313 1707 1543 1743 defensione

165 1766 204 1797 25
221 1778 266 1801 ac
290 1765 553 1802 observancia
569 1766 774 1802 fundanda
800 1775 856 1802 est
873 1765 1125 1802 consciencia
1149 1767 1257 1814 quod
1281 1778 1542 1814 perseverans

221 1823 261 1859 in
294 1823 371 1860 illis
405 1823 578 1860 finaliter
612 1824 686 1861 erit
709 1825 854 1861 salvus.
889 1827 971 1861 Nec
994 1824 1111 1861 video
1145 1837 1166 1860 a
1200 1837 1280 1872 quo
1314 1824 1393 1860 alio
1427 1824 1541 1871 signo

222 1891 355 1929 posset
378 1882 557 1919 securius
585 1878 589 1936 Ι
619 1883 699 1919 sive
722 1882 932 1930 patencius
957 1882 1142 1919 concludi
1160 1882 1318 1919 habicio
1343 1881 1541 1923 caritatis:

221 1949 258 1976 et
282 1940 337 1976 sic
362 1941 691 1989 distinguendum
717 1950 774 1978 est
798 1943 846 1978 de
876 1941 1044 1978 caritate
1067 1942 1288 1977 secundum
1312 1949 1540 1989 presentem

221 1998 420 2035 iusticiam
465 2008 502 2035 et
542 2001 589 2036 de
629 1999 796 2036 caritate
837 1999 1212 2048 predestinacioniS.
1266 2001 1366 2036 Cum
1407 2008 1541 2035 autem
1570 2007 1726 2048 hpsireto
1747 2007 1826 2043 obey

165 2059 334 2093 3oactus
374 2057 507 2094 anime
551 2067 643 2094 sunt
683 2058 799 2095 nobis
839 2058 1052 2104 notissimi,
1094 2059 1212 2095 debet
1246 2057 1353 2094 credi
1389 2070 1432 2093 ex
1466 2058 1543 2093 fide
1582 2043 1809 2112 ‘'hssffsssssllffffi

223 2117 329 2163 quod
355 2116 585 2164 quicunque
618 2116 802 2153 habuerit
826 2118 875 2153 ad
909 2117 1036 2165 legem
1063 2116 1211 2152 Christi
1246 2117 1540 2152 observandam
1568 2113 1831 2175 ,ι”ῐῑὶᾗῑὶξῖῗζὲζῐῑιξῇᾒ

223 2175 374 2210 claram
400 2174 670 2211 intencionem
707 2184 743 2211 et
768 2176 964 2211 mundum
998 2175 1253 2223 propositum
1289 2183 1346 2211 est
1370 2174 1409 2210 in
1443 2174 1543 2210 cari·
1567 2167 1571 2174 ⁸
1638 2169 1683 2210 {ie
1704 2192 1754 2222 are
1780 2158 1830 2183 ip*

222 2241 304 2268 tate
349 2234 568 2269 secundum
609 2243 834 2281 presentem
882 2233 1098 2279 iusticiam,
1139 2234 1246 2281 quod
1287 2232 1318 2269 si
1358 2232 1543 2269 habuerit
1589 2218 1806 2253 predestmate.

224 2290 456 2327 firmitatem
482 2291 573 2328 talis
596 2292 795 2340 propositi
820 2292 1101 2340 perseverandi
1125 2304 1252 2340 usque
1286 2292 1335 2328 ad
1370 2300 1542 2327 mortem

167 2351 206 2384 35
224 2350 340 2384 debet
373 2362 535 2397 sperare
577 2362 619 2386 ex
653 2351 793 2387 eadem
830 2351 906 2387 fide
941 2351 1048 2399 quod
1083 2350 1132 2386 sit
1165 2350 1203 2386 in
1238 2350 1316 2386 fide
1350 2349 1543 2397 predesti—

224 2407 404 2443 nacionis
457 2416 493 2443 et
545 2407 655 2444 illam
707 2421 816 2458 spem
876 2410 993 2445 debet
1039 2409 1246 2444 intendere
1290 2417 1327 2444 et
1372 2407 1543 2444 iocunde

224 2465 323 2501 citra
364 2466 483 2502 fidem
524 2466 580 2502 illi
622 2467 791 2504 firmiter
830 2468 1037 2505 adherere.
1077 2476 1357 2503 verumtamen
1397 2467 1446 2502 ab
1487 2466 1543 2501 in-

224 2523 335 2559 iuriis
382 2524 503 2559 illatis
543 2524 714 2561 sollicite
754 2538 794 2561 se
832 2539 1005 2574 purgare
1051 2534 1088 2561 et
1122 2526 1171 2561 ah
1206 2524 1422 2561 inferendis
1456 2524 1543 2560 dili-

223 2581 384 2629 gencius
420 2594 644 2629 precavere.

132 1860 206 1891 Fol.

126 1907 206 1947 254ἢ

293 2736 317 2755 2.
340 2729 435 2756 eod*
457 2728 719 2763 recipisccnciam.
805 2729 831 2757 3.
854 2729 947 2757 Cod.:
970 2730 1098 2757 nullum.
1186 2738 1211 2764 7.
1233 2730 1330 2757 Cod.:
1352 2734 1542 2765 temporum.

225 2761 262 2790 13.
284 2764 382 2791 Cod.:
405 2764 584 2799 perniciam.
643 2764 796 2797 14.c0d.:
818 2770 924 2791 contra
968 2774 1009 2792 er.
1068 2766 1104 2792 15.
1122 2764 1216 2792 (ζωὰς
1242 2766 1322 2792 velut
1343 2765 1540 2792 christianos⁴

224 2798 282 2825 Hic
302 2799 386 2825 locus
408 2803 573 2833 corruptus
593 2803 647 2825 est.
721 2798 763 2826 33.
786 2799 882 2827 Cod.:
904 2800 941 2826 ha
967 2800 1054 2827 uerit.

295 2904 348 2926 21.
376 2895 414 2926 Il.
441 2895 522 2926 Cor.
550 2896 619 2934 xli,
644 2896 693 2927 13.
