1944 3323
181 259 316 288 sssRMO
338 249 404 305 XL]
670 263 842 295 TERTIA
875 263 1002 296 PARS.

180 368 358 406 versacio
403 382 473 406 sua
517 369 601 405 istis
646 369 891 406 secularibus
938 379 994 407 est
1040 371 1271 407 conformis.
1329 373 1501 416 Quando

181 426 286 463 enim
327 427 414 475 quis
455 427 681 464 inordinate
721 427 894 464 afficitur
933 428 1136 465 desiderio
1182 429 1365 475 seculari,
1406 443 1504 477 quo-

181 486 400 522 dammodo
452 485 491 521 in
540 486 718 522 seculum
764 487 1090 532 transformatur,
1143 499 1232 523 cum
1278 489 1499 524 secundum

180 542 446 590 Augustinum
489 543 519 579 si
560 553 706 580 terram
741 544 800 580 vel
841 557 983 581 aurum
1018 544 1149 592 diligis
1183 545 1280 581 illud
1315 558 1366 584 es.
1403 555 1439 582 et
1472 545 1503 582 si

147 602 308 637 §Deum
350 600 480 649 diligis
514 603 619 638 Deus
659 614 712 647 es,
752 603 893 650 supple
932 602 1224 651 participative,
1266 603 1372 641 iuxta
1405 603 1502 640 illud

182 658 328 696 Psalmi
363 661 552 703 LXXX10,
589 661 610 694 Γ)
660 660 749 709 Ego
789 661 886 703 dixi,
928 661 995 696 Dii
1025 662 1114 697 estis
1147 670 1235 701 etc„
1275 662 1337 698 vel
1374 661 1504 698 verius

180 717 210 752 si
257 716 423 754 caritate
474 718 648 765 perfecta
693 720 820 754 Deum
870 718 1013 766 diligis,
1061 719 1229 756 efficeris
1276 721 1502 757 membrum

181 774 342 812 Christi.
365 777 480 812 Tunc
504 788 597 823 ergo
621 777 743 813 homo
769 775 996 813 inordinate
1019 777 1193 814 afficitur
1218 778 1504 823 mundialibus,

182 834 344 881 quando
369 833 497 870 forma
531 846 670 871 eorum
705 847 776 871 suo
809 835 967 871 affectui
1003 835 1178 872 indebite
1213 845 1269 872 est
1294 836 1504 885 impressa.

127 905 166 927 ιο
240 892 319 928 Sed
351 893 626 941 reformamini
655 893 690 928 1'21
725 894 891 930 novitate
923 906 1056 930 sensus
1091 895 1220 931 vestri.
1271 896 1502 931 Humanum

182 949 287 986 enim
331 962 454 997 genus
501 950 572 987 fuit
617 963 686 999 per
731 960 942 999 peceatum
990 951 1106 1000 primi
1155 952 1330 989 hominis
1375 953 1504 989 defor-

182 1016 349 1049 matum,
397 1007 453 1045 sic
493 1010 599 1057 quod
642 1010 764 1046 homo
805 1009 870 1058 qui
918 1009 955 1045 in
1000 1009 1201 1058 principio
1248 1011 1386 1047 mundi
1433 1011 1505 1047 fuit

181 1066 308 1102 factus
362 1067 411 1102 ad
458 1066 529 1103 Dei
579 1067 807 1115 ymaginem
860 1080 905 1104 ac
956 1067 1275 1108 similitudinem.
1331 1068 1505 1118 perdidit

180 1123 484 1161 similitudinem
528 1127 634 1162 nuda
669 1125 854 1174 ymagine
894 1136 1139 1163 remanente.
1189 1129 1289 1164 Nam
1331 1140 1377 1165 eo
1419 1127 1506 1176 ipso

129 1186 261 1231 15quo
290 1182 424 1219 anima
456 1192 513 1219 est
537 1192 662 1226 terna,
694 1184 846 1221 scilicet
872 1184 1080 1224 memoria,
1113 1184 1222 1222 racio
1247 1195 1284 1222 et
1307 1186 1504 1223 voluntas.

181 1253 322 1277 omnes
355 1249 391 1277 et
424 1240 576 1289 singule
610 1244 748 1279 eadem
783 1242 974 1281 essencia.
1016 1244 1057 1279 fit
1091 1245 1140 1280 ad
1173 1243 1244 1280 Dei
1278 1243 1505 1292 ymaginem

183 1312 204 1336 a
243 1312 323 1347 quo
363 1312 442 1335 non
482 1309 613 1348 potest
653 1301 822 1338 deficere
863 1301 934 1337 nisi
976 1303 1025 1338 ab
1065 1314 1148 1338 esse
1188 1315 1259 1338 suo
1303 1302 1504 1339 defecerit.

183 1359 260 1394 Sed
298 1366 392 1393 tunc
433 1357 474 1393 fit
515 1359 564 1394 ad
606 1359 674 1395 Dei
714 1359 1032 1399 similitudinem,
1073 1361 1234 1408 quando
1279 1360 1353 1397 ista
1393 1370 1506 1397 terna

184 1415 371 1463 potencia
395 1415 608 1453 virtutibus
632 1417 886 1457 informatur.
912 1419 1026 1455 Unde
1049 1417 1151 1454 sicut
1175 1428 1232 1455 est
1252 1420 1299 1455 de
1323 1419 1507 1467 ymagine

126 1486 261 1522 2oque
302 1483 510 1511 constante
556 1475 726 1512 materia
771 1485 903 1524 potest
950 1475 1056 1525 pingi
1104 1478 1153 1513 ad
1199 1476 1504 1514 similitudinem

185 1531 368 1569 Herculis
398 1541 434 1569 ct
464 1541 594 1570 stante
617 1533 801 1581 ymagine
832 1533 870 1571 in
901 1534 1021 1571 aliam
1047 1534 1352 1572 similitudinem
1378 1545 1505 1573 trans—

185 1590 363 1635 formari,
398 1589 454 1626 sic
487 1600 543 1627 est
568 1592 616 1628 de
647 1592 790 1640 spiritu
825 1593 1002 1629 humano
1024 1593 1085 1629 vel
1119 1592 1282 1630 homine
1312 1593 1505 1630 interiori.

187 1649 276 1685 Ideo
299 1649 517 1697 Apostolus
550 1649 809 1687 considerans
843 1651 1214 1688 conformacionem
1251 1651 1423 1688 hominis
1457 1653 1504 1689 ad

187 1709 312 1743 Deum
358 1706 396 1742 in
443 1720 513 1743 sua
559 1707 689 1755 prima
736 1709 945 1746 creacionc
991 1718 1027 1745 et
1070 1709 1412 1747 deformacionem
1448 1723 1506 1747 se-

128 1766 167 1799 25
185 1773 372 1812 quentem
408 1764 581 1802 hominis
615 1779 685 1814 per
725 1776 935 1815 peccatum
976 1767 1175 1804 subtiliter
1208 1767 1322 1805 dicit:
1364 1769 1505 1818 Refor-

185 1823 345 1858 mamim'
372 1823 407 1858 in
431 1824 598 1860 novitate
618 1837 752 1861 sensus
776 1826 903 1862 vestri.
936 1825 1047 1862 Sicut
1071 1825 1174 1862 enim
1200 1838 1337 1863 sensus
1362 1839 1506 1874 vagans

185 1880 224 1916 in
257 1889 452 1918 vetustate
486 1883 637 1929 peccati
675 1883 747 1920 fuit
780 1883 889 1920 radix
923 1883 1191 1921 deformitatis
1225 1884 1417 1933 predicte.
1453 1884 1506 1921 ita

185 1951 323 1976 sensus
357 1948 551 1988 purgatus
584 1943 803 1978 secundum
840 1941 1129 1979 discrecionem
1164 1941 1336 1990 Spiritus
1371 1943 1504 1980 Sancti

185 1997 259 2033 erit
309 1997 419 2034 radix
471 1998 778 2036 reformacionis
830 2000 993 2048 spiritus
1047 2000 1154 2037 novi.
1217 2000 1505 2038 Reformamini

128 2056 170 2089 30
184 2055 384 2104 (inquam)
407 2055 634 2103 virtutibus,
669 2058 745 2095 fide
772 2058 981 2104 memoria,
1015 2072 1084 2107 spe
1118 2058 1292 2105 racione,
1327 2069 1364 2096 et
1397 2060 1506 2096 volu-

185 2113 264 2150 tiva
296 2114 484 2162 potencia
517 2115 697 2162 caritate,
732 2126 769 2153 et
803 2126 896 2153 tunc
930 2116 1022 2154 estis
1054 2116 1204 2154 similes
1231 2117 1435 2156 Trinitati.

1740 260 1782 294 81

1548 899 1607 928 we
1629 906 1710 928 must
1733 902 1766 927 be

1556 938 1765 963 trans-torma

1522 971 1584 997 ints·
1600 971 1649 998 the
1665 971 1795 998 likene<=

1591 1006 1625 1032 os
1644 1006 1724 1034 (lod.

244 2174 291 2208 Et
332 2173 407 2209 hoc
447 2172 601 2210 inducit
642 2174 681 2211 in
721 2174 914 2212 noticiam
956 2175 1172 2212 voluntatis
1218 2175 1368 2216 divine:
1414 2176 1720 2220 ideoonewmjn
1748 2192 1797 2219 me

187 2230 283 2267 dicit
316 2231 554 2278 Apostolus:
600 2233 646 2268 Ut
681 2234 856 2282 probetis
895 2246 965 2282 que
1001 2234 1049 2269 si!
1089 2234 1266 2270 voluntas
1298 2235 1374 2271 Dei
1410 2235 1505 2270 bona

186 2296 220 2324 e!
253 2289 502 2337 beneplacens
533 2298 567 2326 et
595 2292 785 2340 perfecta.
821 2291 1015 2338 Quamvis
1049 2301 1181 2329 autem
1216 2293 1401 2330 voluntas
1435 2293 1504 2329 Dei

130 2348 169 2381 35
186 2359 280 2394 sepe
303 2346 501 2395 accipitur
522 2349 789 2396 personaliter
812 2363 885 2398 pro
909 2349 1061 2398 Spiritu
1091 2352 1254 2397 Sancto,
1279 2351 1507 2400 frequenter

188 2414 323 2441 tamen
356 2405 554 2453 accipitur
586 2407 859 2445 essencialiter
886 2421 960 2457 pro
993 2418 1137 2446 natura
1170 2408 1304 2446 divina
1328 2410 1505 2448 volente:

188 2472 224 2499 et
264 2463 319 2499 sic
361 2473 418 2499 est
450 2476 529 2500 una
569 2466 795 2503 communis
828 2467 1012 2504 voluntas
1044 2466 1170 2504 tribus
1204 2467 1404 2516 personis:
1440 2467 1506 2504 illu

188 2530 320 2557 autem
367 2522 554 2559 voluntas
594 2533 651 2560 est
689 2525 786 2561 bona
827 2524 866 2562 in
907 2525 1152 2562 conferendo
1196 2526 1398 2563 naturalia
1438 2538 1507 2562 sue

188 2579 361 2627 ymagini
387 2581 435 2616 ad
462 2583 869 2630 correspondenciam
896 2586 980 2620 Deo
1014 2583 1131 2632 patri,
1167 2593 1223 2620 est
1257 2585 1506 2633 beneplacens

128 2637 227 2680 4oin
260 2638 504 2675 conferendo
544 2640 719 2686 gratuita
752 2643 802 2678 ad
837 2641 1243 2690 correspondenciam
1279 2644 1400 2679 verbo
1436 2642 1504 2677 Dei

257 2782 285 2805 4.
308 2773 339 2800 ln
362 2781 476 2807 niara:
498 2773 704 2807 Augustinus.
793 2783 830 2803 12.
854 2776 884 2802 ln
908 2776 994 2803 coda
1017 2776 1188 2811 principius
1211 2776 1317 2803 mnudi
1341 2777 1393 2803 tuit
1417 2780 1504 2802 mci-³.

190 2806 235 2833 30.
260 2808 292 2834 In
314 2809 400 2836 cod.:
424 2809 516 2835 rucio.

258 2901 290 2932 4.
311 2894 397 2933 Aug.
417 2892 682 2935 Opp.t01n.111‚
702 2904 722 2935 p
751 2893 787 2930 ll,
806 2892 882 2935 842.
957 2905 1005 2925 ιο.
1028 2894 1129 2926 Rom.
1152 2894 1224 2935 XII,
1246 2905 1273 2925 2.
1343 2893 1395 2924 Ἣ.
1415 2893 1458 2924 ib.
1479 2893 1506 2923 Ἃ.

1349 2958 1368 2982 0

1539 2228 1622 2254 three
1644 2236 1774 2262 perocus

1531 2263 1564 2289 ns
1581 2263 1630 2289 the
1651 2262 1789 2298 Trinity:
