1944 3323
169 265 304 294 SERMO
326 255 423 313 xxi]
653 264 831 297 TERTIA
858 264 985 296 PARS.
1702 257 1773 292 165

169 374 273 423 gulis
306 375 412 410 bona
444 371 643 410 naturalia
676 370 732 408 sic
765 380 802 408 et
834 370 908 407 sibi
942 371 1258 420 appropriantur
1282 373 1387 408 bona
1411 372 1779 413 for-thsomethings

170 432 284 478 tuita,
316 432 409 481 quia
442 431 558 469 aliter
591 430 720 466 forent
753 441 892 466 omnes
926 439 963 466 et
995 430 1139 479 singuli
1173 429 1313 466 salvati
1348 431 1487 466 eadem
1543 415 1741 483 ρρᾞξζῗξὸῗᾉ

171 490 419 528 beatitudine
453 490 493 526 in
525 501 695 525 numero
728 489 854 537 (quod
888 501 969 524 non
1003 490 1138 534 credo)
1176 489 1237 525 vel
1278 488 1488 536 dampnati
1510 483 1774 547 δῖιῐζζιῐοῖιῗέῑξῖιῶῑὲ

171 551 308 587 eadem
346 547 642 597 dampnacione
674 547 715 583 in
754 559 935 592 numero,
976 548 1083 596 quod
1126 556 1183 584 est
1222 546 1489 595 propinquius
1541 555 1748 617 εῗιιιέῑῖιὲἰῃῗπ

138 607 342 645 5veritati.
1548 599 1630 617 ‘²¹¹
1678 599 1738 616 ¹⁰¹·

227 668 276 702 Et
309 674 451 702 contra
484 664 740 701 mendacium
774 664 949 700 secunde
981 663 1132 700 sororis
1171 663 1343 700 instatur
1382 662 1491 699 simi-

170 725 279 762 liter:
325 723 365 761 Si
399 723 504 760 enim
537 731 646 759 secta
678 722 746 758 illa
779 731 849 767 est,
890 730 985 758 tunc
1018 731 1076 758 est
1109 722 1299 770 capitata,
1341 721 1489 758 lineata

172 792 209 819 et
243 783 426 831 figurata,
460 790 502 817 ut
537 780 848 818 communitates
883 780 972 825 alie,
998 781 1091 829 quia
1114 780 1230 817 aliter
1252 781 1353 816 foret
1378 793 1490 816 mon-

171 840 490 878 struosissimum
524 839 563 875 in
595 848 753 876 natura.
788 842 871 876 Nec
904 838 1071 875 dubium
1096 838 1193 887 quin
1225 838 1293 875 illa
1316 851 1489 887 persona
1503 845 1780 884 T110001-1101<ati011

118 915 156 937 10
173 909 390 948 aggregata
424 899 543 935 habet
568 898 844 946 possessiones
869 906 905 934 et
929 909 1024 933 usus
1047 897 1333 945 temporalium
1360 906 1396 933 et
1420 889 1531 945 per¹S
1552 889 1567 907 ἃ
1589 888 1701 942 ‘'iga‘'
1721 880 1778 907 ³¹¹³

173 969 422 1007 consequens
456 958 574 993 habet
608 956 760 1005 aliquid
792 956 832 991 in
866 955 1031 1004 proprio
1063 956 1125 992 vel
1149 955 1368 992 communi.
1403 958 1491 991 Non
1540 950 1749 985 possessions.

172 1016 278 1053 enim
314 1015 533 1053 conineidit
567 1028 656 1052 cum
690 1014 941 1063 blasphemia
975 1013 1207 1062 legistarum
1242 1015 1350 1063 quod
1383 1027 1491 1050 com-

174 1075 348 1112 munitas
401 1072 744 1111 excommunicari
793 1086 875 1110 non
932 1072 1093 1120 poterit,
1154 1085 1201 1109 eo
1252 1073 1361 1121 quod
1413 1085 1494 1108 non

173 1136 293 1171 habet
338 1133 530 1170 animam.
577 1135 679 1169 Nam
719 1144 763 1168 ex
801 1131 969 1168 veritate
1011 1130 1103 1167 fidei
1144 1130 1342 1179 scripture
1383 1139 1494 1179 patet

118 1197 156 1229 15
172 1193 281 1241 quod
320 1191 388 1228 illa
428 1189 698 1228 communitas
741 1199 798 1226 est
836 1202 916 1226 una
955 1202 1142 1238 persona,
1182 1189 1285 1226 sicut
1325 1189 1493 1226 ecclesia

173 1250 285 1288 cuius
330 1259 451 1298 caput
500 1258 558 1286 est
603 1248 798 1295 Christus,
846 1261 937 1285 cum
983 1250 1071 1284 Act.
1107 1250 1190 1295 1V0,
1229 1248 1277 1284 32
1326 1247 1491 1284 dicitur:

172 1309 435 1346 Multitudinis
478 1307 721 1344 credenciunz
767 1314 853 1344 erat
897 1319 966 1343 cot·
1010 1319 1124 1343 unum
1164 1314 1199 1343 et
1238 1306 1366 1342 anima
1406 1319 1491 1342 una.

173 1369 254 1405 Nec
286 1366 555 1404 infidelissimi
588 1365 764 1414 pharisei
799 1374 983 1402 errarunt
1017 1364 1057 1401 in
1090 1364 1165 1402 ista
1198 1365 1347 1413 logica:
1389 1366 1493 1409 Quo-

174 1439 303 1475 usque,
326 1425 527 1474 inquiunt,
551 1425 719 1460 animam
742 1432 914 1461 nostram
940 1424 1075 1460 tollis?
1103 1424 1136 1460 si
1156 1432 1194 1459 tu
1218 1431 1274 1460 est
1301 1423 1493 1469 Christus,

116 1498 158 1521 20
175 1485 234 1521 dic
267 1485 373 1521 nobis
399 1484 546 1533 palam.
582 1485 672 1519 Non
705 1482 811 1519 enirn
847 1482 1159 1530 magnificarum
1182 1495 1294 1518 suam
1320 1481 1489 1529 logicam

82 1537 159 1600 1⁴10]AE
175 1552 212 1580 et
245 1544 519 1591 dampnarunt
552 1541 795 1589 scripturam
830 1550 1039 1589 tamquam
1069 1536 1074 1593 Ι
1104 1540 1338 1577 hereticam.

79 1590 142 1617 ²³⁰
233 1601 387 1647 Quibus
427 1599 648 1649 suppositis
688 1599 773 1635 istis
806 1598 1067 1647 religionibus
1100 1598 1265 1647 privatis
1299 1599 1784 1646 audenterlnsactthexfriars

174 1672 310 1697 assero
350 1660 458 1708 quod
495 1659 557 1695 vel
594 1657 719 1695 nichil
758 1666 926 1706 prosunt
966 1657 1132 1694 ecclesie
1173 1658 1240 1693 sed
1282 1656 1315 1693 ei
1356 1657 1492 1705 spuria
1507 1640 1782 1701 Ηξῗζζξῖξοῖῗὲἧά

173 1717 410 1755 vitulamina
444 1725 701 1753 monstruosa
733 1717 795 1753 vel
827 1717 975 1753 habent
1005 1716 1131 1752 multa
1155 1724 1237 1752 tam
1263 1715 1302 1751 in
1326 1715 1492 1763 proprio
1539 1710 1754 1746 individuali-v.

117 1784 157 1817 25
174 1790 294 1826 quam
342 1776 381 1812 in
427 1775 647 1813 communi.
701 1774 828 1811 Aliter
873 1773 978 1811 enim
1023 1786 1114 1810 vere
1159 1773 1339 1810 dicerent
1385 1775 1490 1822 quod

172 1835 348 1872 viventes
383 1835 430 1871 de
464 1847 565 1883 pura
598 1833 734 1883 gracia
766 1845 896 1882 neque
930 1833 1148 1869 comedunt
1176 1845 1306 1881 neque
1330 1831 1492 1878 bibunt3

173 1895 242 1931 sed
275 1893 541 1930 deliramenta
574 1901 666 1929 sunt
699 1893 771 1929 hec
804 1891 947 1928 frivola
986 1900 1023 1927 et
1056 1890 1312 1927 immanifesta
1351 1903 1396 1927 ac
1436 1890 1493 1926 in-

174 1961 283 1989 certa
322 1951 535 1988 mendacia
580 1959 623 1987 ut
661 1950 897 1999 religionem
937 1962 1222 1999 quamcunque
1266 1949 1493 1994 stabiliant3

175 2020 212 2048 et
250 2012 322 2047 sub
362 2011 503 2047 eodem
543 2009 753 2046 involucro
794 2016 1040 2046 concurrunt
1074 2008 1183 2045 mille
1217 2008 1399 2045 meandri
1432 2020 1494 2043 so—

116 2075 158 2107 30
174 2068 350 2118 phistici‚
391 2077 434 2105 ut
468 2068 640 2117 fingunt:
682 2067 883 2116 Quicquid
917 2066 1120 2103 laudabile
1154 2066 1289 2115 aliqua
1322 2079 1495 2115 persona

173 2129 235 2165 vel
268 2141 361 2176 pars
395 2129 443 2163 de
477 2125 769 2164 communitate
803 2138 874 2162 sua
912 2124 1050 2162 fecerit
1089 2126 1248 2162 cederet
1286 2125 1343 2161 illi
1386 2137 1494 2161 com-
1527 2130 1616 2166 They
1637 2132 1763 2166 pretend

176 2185 363 2223 munitati
414 2187 464 2222 ad
517 2186 778 2222 commodum
835 2193 871 2221 et
924 2184 1134 2230 honorem,
1188 2185 1257 2220 sed
1302 2183 1495 2232 quicquid
1527 2166 1722 2228 corfllffiussffi-
1742 2201 1767 2228 is

176 2244 376 2293 culpabile
410 2244 544 2293 aliqua
578 2257 670 2292 pars
703 2256 773 2280 sue
806 2242 1111 2279 communitatis
1144 2241 1296 2288 fecerit,
1330 2241 1423 2278 iusti
1447 2243 1495 2278 de
1533 2236 1584 2298 ξῙΙῙῙΞ
1605 2234 1767 2298 Ξξὲξξῐῑδῒὲἒ

175 2316 247 2340 sua
280 2302 573 2339 communitate
606 2301 755 2338 residui
788 2314 869 2338 non
891 2309 982 2337 sunt
1005 2309 1221 2349 propterea
1244 2300 1493 2349 increpandi.
1533 2306 1572 2333 its
1594 2307 1759 2340 members,

118 2367 159 2400 35
176 2364 224 2398 Et
264 2361 320 2398 sic
361 2361 605 2398 extolluntur
644 2369 751 2397 secte
789 2359 862 2396 iste
902 2372 1022 2408 super
1064 2359 1282 2404 Christum,
1324 2372 1414 2395 cum
1456 2358 1496 2395 in
1517 2346 1688 2403 ulgstsffflss
1707 2341 1785 2403 [Ἔζῃ

177 2419 293 2456 bonis
325 2420 386 2456 vel
419 2419 474 2455 eis
506 2419 758 2468 placentibus
793 2420 861 2455 sed
900 2431 980 2454 non
1021 2417 1060 2453 in
1100 2417 1217 2454 malis
1256 2417 1317 2454 vel
1357 2417 1495 2465 displi-
1570 2411 1725 2439 demerim.

178 2478 359 2516 centibus
382 2478 520 2514 volunt
544 2490 627 2514 esse
651 2476 881 2526 participes.
906 2476 1089 2513 Christus
1113 2475 1218 2512 enim
1244 2475 1332 2512 dira
1355 2488 1495 2524 passus

178 2546 236 2574 est
268 2545 435 2585 propter
469 2535 672 2572 maliciam
706 2535 941 2573 Scariothis.
989 2536 1122 2580 Quare
1156 2547 1249 2582 ergo
1284 2533 1357 2571 iste
1389 2543 1495 2570 secte

177 2608 258 2633 non
290 2594 346 2632 sic
378 2603 611 2644 paterentur
643 2594 684 2630 in
717 2594 854 2630 fideles
888 2602 924 2630 et
958 2592 1257 2629 infidelissimos
1290 2592 1495 2641 bipartiti?

117 2669 162 2700 40
176 2656 323 2691 Totam
348 2662 482 2690 autem
507 2652 678 2701 logicam
702 2652 899 2701 scripture
922 2651 1104 2688 nituntur
1128 2659 1325 2697 evertere3
1359 2660 1495 2687 tamen

247 2801 287 2829 16.
310 2800 404 2829 Cod.:
425 2801 493 2827 Act.
516 2798 655 2835 sequitur
675 2799 800 2834 lacuna3
821 2799 880 2827 lvo
901 2799 994 2827 deest.
1060 2806 1103 2826 22.
1124 2799 1157 2826 In
1180 2806 1294 2833 marg:
1316 2796 1493 2825 Conclusio.

254 2908 302 2940 18.
329 2908 411 2940 Joh.
440 2908 480 2947 X,
510 2917 563 2948 24·
