1944 3323
166 259 302 290 samio
324 247 435 307 μνη]
655 262 826 295 TERTm
855 262 982 294 PARS.
1687 258 1766 304 495

76 354 136 386 1²01

70 379 151 443 3403
166 371 267 408 foret
305 371 426 407 falsus
467 379 503 408 et
536 370 592 407 sic
624 383 705 407 non
738 369 931 407 articulus
964 369 1056 406 fidei
1090 369 1308 407 christiane
1346 400 1353 415 ‚
1388 382 1478 406 cum

163 428 309 467 veritas
341 442 422 466 non
453 428 667 466 necessitat
699 430 749 466 ad
783 429 1026 465 credendum
1061 428 1205 465 falsum
1231 428 1479 465 contrarium

165 487 338 525 veritati.

223 548 301 583 Sed
340 545 433 595 quia
472 546 636 594 prodest
676 546 822 582 habere
869 546 1016 581 multos
1061 553 1181 581 testes
1226 544 1265 581 in
1310 545 1481 582 materia
1525 552 1591 580 The
1612 554 1742 594 Aposuq

133 605 271 650 5fidei‚
304 604 395 640 ideo
428 604 646 652 Apostolus
680 613 795 651 rogat
828 612 907 640 tres
941 616 1146 652 personas,
1180 604 1279 639 duas
1312 603 1481 640 feminas
1513 589 1759 651 {fli'jgffgfftflfl'ffls

165 672 201 700 et
235 675 357 699 unum
391 661 520 699 virum
554 663 663 710 quod
695 661 826 710 ipsum
861 661 1050 698 adiuvent
1084 662 1123 697 in
1147 662 1220 698 hac
1245 670 1372 710 parte.
1409 664 1481 698 Pei·
1598 658 1670 685 him.

166 723 241 758 hoc
288 720 394 757 enim
442 720 674 756 tolerabunt
720 721 854 757 hostes
902 719 1057 756 facilius
1112 728 1148 756 et
1197 732 1240 756 ex
1287 720 1481 757 societate

165 779 376 816 iocundius
425 787 461 815 et
513 778 715 827 copiosius
763 779 1038 814 merebuntur.
1094 780 1141 814 Et
1185 778 1243 814 sic
1288 780 1480 815 debemus

165 847 327 874 nostros
366 837 508 874 fratres
548 849 689 885 rogare
729 838 776 873 de
815 836 1015 885 spirituali
1049 836 1252 873 adiutorio
1285 836 1326 873 in
1358 849 1481 873 causa

112 909 150 930 ιο
167 896 252 943 Dei,
294 909 382 932 cum
423 897 500 932 hoc
539 896 641 932 foret
680 894 757 931 illis
798 894 1064 939 meritorium,
1104 895 1221 931 nobis
1260 894 1478 931 iocundum

166 964 202 992 et
225 957 310 991 Deo
345 953 472 1002 magis
505 953 791 999 honorificum,
826 961 863 990 et
895 952 950 989 ita
984 954 1176 989 debemus
1210 953 1480 990 mendicacio-

163 1026 252 1050 nem
295 1025 461 1049 suorum
499 1011 786 1060 temporalium
833 1011 1034 1057 abdicare,
1081 1023 1171 1047 curn
1218 1013 1480 1060 preponendo

164 1071 275 1108 illam
309 1070 534 1108 indicamus
567 1083 640 1107 nos
674 1069 884 1118 utriusque
917 1069 1042 1117 partis
1084 1078 1265 1118 expertes
1305 1079 1341 1106 et
1381 1079 1481 1106 tem-

162 1130 365 1178 poralium
403 1128 662 1177 inquisitores
700 1128 916 1176 precipuos
957 1137 994 1164 et
1033 1128 1221 1164 cultores.
1267 1128 1332 1165 Sic
1373 1128 1479 1164 enim

110 1188 202 1224 15in
242 1187 385 1225 maiori
425 1186 624 1224 anxietate
663 1186 756 1223 fecit
789 1187 1008 1234 Apostolus
1048 1199 1167 1235 quem
1208 1187 1401 1223 debemus
1441 1187 1481 1222 in

162 1245 474 1283 conversacione
507 1254 544 1282 et
577 1257 698 1293 opere
731 1244 895 1282 imitari.

220 1304 326 1342 Dicit
349 1316 443 1351 ergo
466 1303 600 1352 primo
624 1303 908 1340 exhortacione
940 1302 1134 1350 generali:
1169 1303 1302 1352 Itaque
1321 1304 1482 1352 fratres
1516 1310 1616 1350 Three
1637 1313 1747 1352 grades

163 1364 237 1400 mei
267 1362 460 1400 carissimi
489 1369 523 1398 et
546 1361 886 1406 desideratissima}
915 1361 1105 1411 gaudium
1130 1374 1254 1397 meum
1279 1369 1313 1397 et
1336 1374 1478 1397 corona
1543 1350 1573 1373 ⁰¹
1593 1346 1722 1384 ⁶¹¹³r¹¹3²

164 1435 260 1468 mea,
293 1422 347 1458 sic
378 1428 477 1456 state
509 1420 544 1455 in
577 1420 745 1456 Domino
778 1419 982 1456 carissimi.
1031 1420 1130 1455 Sunt
1169 1428 1303 1456 autem
1336 1420 1479 1456 fratres

106 1491 147 1512 20
162 1479 346 1529 Apostoli
365 1491 436 1528 per
455 1490 713 1515 communem
733 1478 852 1514 fidem
871 1477 1067 1514 carissimi
1090 1486 1257 1526 propter
1279 1477 1478 1526 triplicem

163 1538 386 1575 caritatem.
422 1536 623 1573 Dividitur
656 1535 761 1572 enim
795 1536 942 1573 caritas
977 1536 1142 1572 ecclesie
1166 1536 1206 1572 in
1229 1545 1309 1573 tres
1332 1538 1479 1584 gradus

163 1610 336 1645 quorum
370 1595 524 1644 primus
558 1604 594 1631 et
627 1594 790 1631 infimus
824 1594 1095 1631 communiter
1118 1594 1268 1643 plebeis
1293 1594 1479 1631 convenit

163 1654 428 1692 denominans
451 1653 561 1702 ipsos
585 1652 688 1689 filios
712 1653 783 1689 Dei
809 1665 937 1690 caros.
963 1653 1170 1689 Secundus
1193 1654 1341 1701 gradus
1365 1652 1478 1689 iustis

163 1713 285 1750 seculi
321 1712 597 1762 potentatibus
629 1711 816 1748 convenit
848 1711 957 1760 ipsos
991 1711 1264 1748 communiter
1298 1711 1478 1748 denomi-

105 1776 144 1807 25
162 1785 260 1808 nans
306 1771 494 1808 cariores.
542 1769 710 1807 Tercius
759 1779 893 1806 autem
941 1771 1088 1817 gradus
1137 1770 1245 1806 clero
1293 1770 1478 1807 convenit

159 1829 344 1878 sequenti
378 1828 584 1867 Christum
617 1828 888 1877 propinquius
912 1827 1020 1876 ipsos
1045 1827 1313 1865 denominans
1336 1828 1479 1865 fratres

161 1897 199 1925 et
223 1888 326 1924 filios
350 1887 421 1924 Dei
446 1886 692 1924 carissimos.
728 1888 805 1923 Sed
830 1899 920 1923 cum
945 1899 1038 1934 sepe
1062 1886 1310 1923 contrarium
1336 1886 1477 1933 evenit,

161 1946 376 1983 dicendum
410 1945 568 1982 videtur
600 1946 707 1994 quod
741 1954 867 1981 status
900 1944 1109 1981 inferiores
1142 1957 1236 1993 sepe
1268 1958 1479 1993 superero-

160 2014 255 2052 gant
294 2013 330 2041 et
369 2013 496 2041 status
541 2003 770 2052 superiores
815 2016 837 2040 a
883 2003 1077 2051 dignitate
1122 2016 1194 2040 sua
1239 2003 1477 2040 exorbitant.

104 2067 144 2099 30
160 2063 378 2112 Apostolus
417 2071 551 2099 autem
591 2061 739 2098 talibus
771 2062 962 2098 fratribus
997 2061 1216 2098 carissimis
1249 2074 1477 2098 sermonem

161 2121 335 2169 dirigens
368 2129 484 2158 vocat
518 2133 585 2157 eos
618 2119 851 2157 carissimos
885 2129 922 2156 et
956 2119 1334 2157 desideratissimos.
1369 2120 1479 2157 Desi-

161 2179 437 2216 deratissimos
471 2178 633 2227 quidem
667 2192 748 2215 non
781 2179 925 2224 solum,
961 2178 1055 2227 quia
1096 2178 1298 2216 desiderat
1336 2178 1400 2215 hic
1440 2179 1479 2215 in

159 2237 222 2274 via
255 2246 422 2286 propter
453 2238 605 2274 fructus
629 2237 850 2286 spiritualis
873 2236 1134 2285 participium
1158 2246 1352 2286 tanquam
1376 2237 1479 2274 filios

160 2295 321 2333 visitare
360 2297 428 2332 sed
469 2308 515 2332 eo
555 2295 820 2344 principalius
861 2308 941 2344 quo
983 2294 1185 2332 desiderat
1224 2295 1400 2332 finaliter
1439 2295 1480 2332 in

105 2357 143 2390 35
161 2354 291 2402 patria
325 2355 473 2390 habere
506 2353 637 2390 socios
671 2362 708 2390 et
742 2353 939 2390 concives.
987 2356 1035 2389 Et
1073 2355 1123 2390 ad
1163 2353 1283 2390 istum
1317 2366 1478 2390 sensum

160 2421 278 2449 vocat
318 2425 384 2449 eos
417 2413 636 2460 Apostolus
675 2411 866 2460 gaudium
908 2424 1024 2448 suurn
1065 2420 1103 2448 et
1136 2424 1328 2448 coronam
1364 2425 1477 2448 suam

160 2471 232 2506 sub
267 2472 350 2507 Deo
384 2470 597 2507 causaliter
631 2469 841 2506 obiective.
889 2471 1085 2506 Hortatur
1117 2478 1252 2506 autern
1284 2470 1340 2506 sic
1373 2479 1479 2506 stare

231 2635 250 2655 1.
273 2628 368 2656 Cod.:
395 2628 438 2656 sic
459 2629 507 2656 sit.
660 2629 699 2657 18.
722 2628 816 2656 Cod.:
846 2629 904 2656 mei
927 2629 1020 2657 deest.
1172 2636 1212 2664 19·
1235 2629 1268 2656 In
1290 2637 1387 2664 marg.
1409 2637 1476 2664 sup.

160 2662 212 2690 fol.
234 2662 305 2698 3492
329 2663 414 2696 (with
441 2664 529 2690 mark
554 2664 590 2691 of
613 2664 793 2697 reference):
820 2663 908 2691 State
928 2665 958 2691 in
979 2664 1110 2691 Domino
1137 2664 1173 2691 ad
1196 2664 1270 2691 Phil.
1293 2664 1359 2691 1110.
1391 2664 1478 2692 Stare

161 2698 297 2724 solemus
312 2698 348 2725 ad
365 2698 573 2726 obediendum
589 2698 724 2726 velocius
740 2706 809 2726 cum
826 2699 1050 2730 ministramus,
1071 2700 1108 2726 ad
1125 2699 1306 2726 intuendum
1324 2699 1478 2726 remocius

161 2733 242 2767 quod
265 2733 456 2767 ignoramus,
477 2734 513 2760 ad
537 2733 741 2760 resistendum
763 2734 878 2760 sorcius
900 2743 951 2761 seu
974 2734 1131 2761 robustius
1153 2742 1222 2761 cuin
1244 2734 1430 2761 dimicamus
1450 2740 1477 2760 ci

161 2768 197 2794 ad
219 2768 515 2803 apprehendendum
536 2768 656 2795 facilius
677 2768 759 2803 quod
782 2773 927 2803 optamus
948 2769 992 2796 vel
1015 2769 1240 2796 desideramus,
1374 2776 1415 2795 22.
1444 2769 1475 2795 111

161 2809 274 2837 marg.:
304 2811 324 2830 1.
433 2802 474 2830 23.
495 2803 528 2830 In
551 2811 664 2839 marg:
692 2811 715 2830 2.
825 2803 867 2830 25.
888 2804 921 2831 In
944 2812 1057 2839 marg:
1086 2802 1110 2830 3.

234 2908 284 2941 ¹7·
312 2897 401 2930 Phil.
428 2899 486 2939 IV,
516 2909 544 2931 1.
