1944 3323
165 261 302 290 smnio
324 248 418 306 rm]
686 261 862 293 TERTIA
891 259 1018 290 PARS.

167 386 254 408 rare
288 373 404 408 debet
445 380 529 406 tota
570 369 749 409 ecclesia.
785 369 915 404 clerus
954 367 1173 402 secundum
1211 364 1414 400 racionem
1450 373 1487 400 et

165 432 385 468 secundum
440 429 689 466 solucionem
743 426 990 468 obiectuum,
1043 424 1223 460 seculare
1277 423 1486 458 brachium

167 502 236 537 per
259 487 494 536 temporalis
527 485 706 533 suffragii
739 483 1063 521 subtraccionem
1099 491 1135 518 et
1161 480 1486 518 cumulacionem

166 545 541 583 inconveniencium
574 545 612 580 in
637 543 870 580 defensione
901 554 1186 585 consensuum,
1220 548 1328 575 totus
1352 548 1486 575 autem

133 607 340 641 'amundus
378 605 548 655 orando.
589 603 813 651 operando,
859 600 1136 637 subtrahendo
1182 606 1220 634 et
1261 598 1488 646 quomodo-

167 676 324 712 cunque
369 662 542 711 Spiritus
588 664 760 698 Sanctus
812 658 987 696 consulit
1038 666 1220 695 sanctam
1275 654 1486 692 ecclesiam

166 721 408 759 adiuvando.

661 844 856 885 SERMO
889 844 994 884 LIII.

227 955 482 992 Renovamini
510 954 650 1003 spiritu
684 953 820 989 mentis
855 959 994 989 vestre.
1030 952 1131 998 Eph.
1168 951 1252 995 IVO,
1289 949 1354 985 23.

116 1032 152 1052 ιο
226 1017 302 1050 Pro
337 1012 592 1061 exposicione
625 1011 730 1047 illius
765 1010 935 1059 epistole
969 1018 1132 1057 oportet
1171 1007 1307 1056 primo
1345 1016 1487 1043 notare

167 1071 362 1109 terminos
395 1080 432 1108 et
465 1069 802 1118 equirocaciones
835 1081 995 1113 eorum3
1036 1080 1127 1104 cum
1161 1066 1266 1103 enim
1301 1064 1488 1102 renovari

167 1131 216 1167 sit
257 1131 363 1166 idem
403 1131 511 1178 quod
550 1128 697 1165 iterum
736 1127 890 1169 novari,
932 1134 1042 1174 patet
1082 1127 1191 1174 quod
1231 1135 1326 1161 tunc
1365 1124 1488 1160 homo

168 1197 383 1226 renovatur
427 1187 583 1237 spiritu,
631 1199 720 1223 cum
767 1185 913 1222 iterum
958 1193 1131 1221 novatur
1175 1183 1215 1220 in
1260 1182 1405 1220 virtute
1452 1190 1489 1218 et

166 1247 303 1296 gracia
341 1246 444 1283 sicut
482 1245 594 1284 olim.
643 1243 838 1290 Quamvis
871 1252 1005 1280 autem
1041 1244 1117 1280 hoc
1151 1250 1286 1290 posset
1319 1239 1489 1287 intelligi

116 1314 149 1344 15
168 1306 410 1354 generaliter
455 1306 503 1341 de
550 1303 819 1340 renovacione
865 1301 1032 1338 humani
1077 1300 1234 1349 generis
1279 1299 1318 1335 in
1358 1299 1490 1347 primo

168 1364 345 1411 homine,
380 1374 517 1400 tamen
548 1362 610 1399 vix
643 1375 768 1398 unum
804 1360 980 1409 reperies
1013 1360 1110 1408 quin
1139 1359 1179 1396 in
1203 1358 1407 1407 baptismo
1430 1357 1491 1393 vel

169 1424 291 1471 paulo
316 1432 406 1471 post
431 1421 571 1458 habuit
604 1420 783 1468 graciam
818 1428 855 1456 et
887 1419 1077 1455 virtutem
1112 1431 1134 1454 a
1167 1417 1313 1466 quibus
1347 1415 1491 1453 cecidit

170 1495 239 1530 per
278 1489 490 1530 peccatum
533 1488 569 1516 et
608 1491 679 1527 per
719 1490 968 1526 consequens
1009 1485 1066 1513 est
1105 1478 1154 1513 ad
1194 1484 1344 1512 statum
1378 1474 1490 1510 illum

169 1539 428 1577 florificatum
462 1537 677 1575 virtutibus
711 1537 980 1573 renovandus.
1015 1534 1081 1572 Sic
1114 1534 1219 1572 enim
1255 1532 1352 1570 dicit
1386 1532 1492 1568 Psal-

113 1614 154 1635 20
170 1598 289 1635 mista
328 1598 438 1646 quod
481 1598 658 1633 iuventus
696 1594 902 1632 interioris
944 1592 1120 1630 hominis
1161 1591 1413 1629 renovabitur
1454 1598 1493 1626 ut

169 1657 296 1706 aquile
327 1659 386 1704 (ut
420 1655 576 1692 mistice
610 1654 870 1690 concorditer
903 1665 925 1689 a
949 1652 1097 1689 sanctis
1122 1650 1368 1699 exponitur).
1405 1649 1491 1698 Spi-

171 1716 269 1752 ritus
302 1724 435 1752 autem
467 1726 572 1750 nunc
595 1725 669 1761 pro
693 1712 850 1760 spiritu,
884 1723 991 1747 nunc
1014 1723 1088 1759 pro
1113 1709 1277 1746 homine
1300 1707 1492 1744 interiore

170 1784 207 1811 et
247 1786 353 1810 nunc
393 1785 466 1821 pro
505 1780 624 1808 vento
665 1770 876 1819 accipitur,
917 1770 986 1806 sed
1027 1768 1265 1817 accipiendo
1304 1765 1490 1815 spiritum

169 1832 296 1869 tercio
331 1832 452 1868 modo
487 1829 702 1878 dupliciter
735 1837 869 1878 potest
902 1827 1070 1876 intelligi
1102 1827 1163 1863 vel
1196 1839 1269 1874 pro
1302 1823 1492 1874 potencia

113 1890 304 1927 25anime
337 1889 378 1926 in
410 1902 489 1938 qua
524 1888 796 1937 spiracionem
821 1901 842 1924 a
867 1886 1021 1935 Spiritu
1044 1886 1194 1922 Sancto
1228 1884 1315 1933 ipsa
1349 1882 1491 1930 recipit

168 1950 229 1986 vel
262 1961 335 1997 pro
368 1948 456 1996 ipsa
489 1946 667 1984 essencia
701 1945 835 1983 anime
868 1954 910 1982 ut
943 1958 965 1981 a
999 1945 1147 1981 Sancto
1185 1942 1338 1991 Spiritu
1371 1940 1492 1989 inspi-

170 2017 294 2044 ratur.
340 2009 389 2043 Et
421 2006 515 2043 licet
548 2005 622 2042 iste
655 2003 980 2053 significaciones
1013 2003 1052 2038 in
1085 2011 1201 2051 parte
1236 2000 1490 2043 conveniant,

171 2075 307 2103 tamen
345 2065 549 2114 loquendo
590 2065 637 2100 de
679 2063 732 2100 eis
775 2061 1001 2099 formaliter
1032 2060 1255 2098 variantur.
1300 2061 1348 2095 Et
1382 2066 1493 2107 patet

171 2125 380 2173 quomodo
425 2122 600 2172 primum
650 2130 887 2170 preceptum
927 2120 1007 2157 sive
1048 2118 1264 2156 consilium
1306 2115 1492 2166 Apostoli

116 2187 156 2219 30
173 2193 229 2220 est
252 2182 526 2231 implendum3
562 2181 768 2229 quondam
794 2179 899 2216 enim
925 2179 1088 2227 quando
1113 2178 1260 2213 fuimus
1284 2174 1491 2224 baptizati,

172 2241 319 2277 fuimus
352 2240 511 2289 purgati
535 2252 557 2276 a
581 2239 748 2276 crimine
772 2247 808 2274 et
833 2237 950 2274 donis
974 2236 1148 2284 Spiritus
1172 2235 1310 2272 Sancti
1335 2233 1491 2282 repleti,

172 2301 241 2336 sed
273 2300 504 2347 frequenter
537 2298 800 2346 postmodum
836 2309 906 2344 per
947 2294 1283 2332 recidivacionem
1325 2306 1347 2329 a
1386 2300 1493 2329 statu

171 2358 239 2395 illo
273 2357 511 2396 excidimus:
546 2356 636 2392 ideo
671 2367 831 2391 necesse
865 2363 921 2390 est
955 2352 1071 2390 nobis
1102 2353 1322 2389 secundum
1349 2349 1492 2387 mentis

241 2524 265 2543 2.
289 2516 383 2543 Cod.:
414 2515 612 2541 solucionem.
705 2517 730 2539 N.
755 2514 787 2540 In
809 2521 905 2546 marg.
930 2511 1083 2546 superiori
1105 2512 1156 2538 tul.
1178 2513 1266 2537 28⁵0:
1294 2509 1494 2537 Renovaminz

170 2551 283 2587 spiritu
309 2550 418 2577 mentis
443 2553 544 2576 veslre
569 2549 605 2575 ad
629 2549 706 2583 ljph.
730 2548 798 2575 IV‘¹.
829 2547 1028 2575 Reum-antur
1055 2546 1157 2573 diruta
1185 2550 1216 2572 ut
1245 2550 1434 2580 reparentur.
1462 2550 1493 2571 ut

173 2591 254 2622 patet
269 2586 298 2613 iu
314 2585 443 2612 edificiis
458 2584 575 2611 Macch.
592 2583 659 2613 IV0.
676 2583 721 2611 313.
742 2581 823 2610 Ecce
836 2582 963 2609 contriti
974 2586 1042 2610 etc..
1059 2580 1203 2615 preterita
1219 2589 1254 2607 ne
1270 2580 1494 2607 obliviscantur

173 2622 216 2648 vel
234 2625 265 2648 ut
280 2624 536 2651 rememorentur,
550 2624 580 2646 ut
593 2623 673 2654 patet
686 2618 722 2645 de
735 2617 884 2645 amiciciis
897 2617 918 2644 Ι.
933 2616 1048 2644 Macen.
1063 2616 1156 2646 xmo,
1172 2624 1190 2643 1.
1208 2615 1248 2642 Et
1259 2614 1494 2642 vsditJonatlzas

171 2661 239 2684 etc..
267 2659 408 2682 emortua
436 2659 467 2681 ut
493 2654 678 2681 reviviscant
706 2653 750 2679 vel
774 2652 972 2683 revirescant,
1001 2657 1032 2678 nt
1053 2655 1134 2686 patet
1156 2651 1185 2677 in
1208 2650 1443 2685 vegetabilibus,
1465 2654 1493 2676 et

173 2696 274 2718 vetera
302 2694 332 2716 nt
358 2689 567 2719 iuvenescaut,
596 2693 628 2715 ut
656 2692 737 2722 patet
763 2687 793 2714 in
823 2686 983 2722 reptilibus
1010 2691 1037 2713 et
1058 2685 1236 2713 volatilibus
1258 2685 1434 2719 exemplum
1457 2684 1493 2711 de

172 2725 274 2760 aquila
288 2729 315 2752 et
331 2728 481 2760 serpente.
544 2722 827 2756 24.tere101nod0;
849 2722 935 2749 cod.:
959 2728 1004 2748 1110
1023 2726 1087 2748 me⁰
1102 2722 1146 2755 (=
1163 2720 1288 2754 medio).
1351 2727 1397 2754 29.
1414 2719 1491 2746 Cod.

172 2760 350 2788 concilium.
424 2758 466 2786 32.
490 2758 584 2786 cod.:
608 2757 876 2785 residix'acionem.

242 2856 273 2887 8.
303 2855 483 2887 Dominica
513 2854 645 2885 decima
675 2863 767 2885 nona
796 2860 877 2895 post
902 2852 1124 2883 Trinitatem.
1152 2849 1206 2882 Cf.
1227 2849 1387 2893 Wyclif's
1414 2852 1492 2881 Ser—

174 2913 287 2941 mons,
314 2902 368 2933 ed.
395 2901 439 2944 by
467 2902 615 2941 Arnoffl,
643 2901 680 2939 H,
707 2910 784 2943 pag.
812 2899 1008 2932 360—362.
1138 2908 1180 2930 20
1223 2897 1336 2928 Psalm
1366 2896 1434 2936 CII,
1463 2895 1491 2926 5.

1509 1009 1652 1045 Meaning
1673 1011 1703 1037 ot
1725 1010 1775 1036 the

1521 1050 1616 1073 ternis
1637 1044 1711 1072 used
1732 1045 1762 1072 in

1573 1080 1623 1107 the
1644 1084 1714 1107 text.
