1944 3323
240 261 377 292 SERMo
398 252 498 311 x1v.]
734 267 907 300 TERTIA
936 268 1059 300 PARS.

298 373 506 409 Secundus
538 373 650 409 locus
684 382 741 409 est
775 373 872 409 illud
908 375 1012 410 Luce
1046 375 1167 420 X1X0,
1207 375 1240 420 5,
1275 374 1343 411 ubi
1377 375 1558 411 Christus

240 429 336 466 dixit
368 432 545 468 Zacheo:
591 432 741 467 Zachee
768 433 966 481 festinans
1005 433 1204 476 descende,
1244 433 1331 481 quia
1371 434 1484 469 hodie
1523 434 1558 469 in

241 489 354 525 domo
387 497 451 525 tua
485 496 636 539 oportet
668 502 728 525 me
761 503 928 526 manere.
969 492 1047 527 Sed
1081 500 1191 539 patet
1225 493 1333 539 quod
1369 492 1444 528 hoc
1478 505 1559 527 non

241 555 298 582 est
330 549 495 584 verbum
529 547 662 584 taliter
702 548 984 595 mendicantis,
1025 551 1094 585 sed
1134 549 1361 586 innocentis
1396 550 1557 586 Domini

207 606 223 639 5
241 604 492 653 imperantis.

295 664 463 701 Tercius
496 665 609 702 locus
643 675 701 703 est
734 665 835 701 illud
870 667 976 702 Luce
999 667 1067 711 XO,
1092 679 1159 712 41,
1194 666 1261 702 ubi
1295 667 1454 703 Martha
1488 667 1559 702 suit

238 721 408 759 sollicita
457 723 685 762 ministrare
726 724 886 760 Christo
933 737 1023 760 cum
1069 724 1150 760 suis
1194 724 1402 773 apostolis.
1457 726 1558 761 Cum

239 792 332 827 ergo
355 780 462 818 venit
485 784 533 818 ad
565 783 779 831 prandium
804 795 886 819 non
908 792 1086 829 vocatus,
1110 782 1268 819 videtur
1292 784 1399 832 quod
1423 784 1558 820 taliter

239 839 494 877 mendicavit.
535 842 613 878 Sed
647 841 857 878 deficiente
890 842 1026 877 colore
1058 841 1098 877 in
1130 841 1206 878 ista
1239 841 1415 889 argucia‚
1450 851 1559 890 patet

183 909 223 933 ιο
239 898 346 945 quod
380 898 562 936 Christus
600 912 694 948 sepe
731 899 838 937 venit
877 901 926 935 ad
966 899 1184 948 prandium
1222 909 1432 949 tamquam
1473 900 1559 936 uni-

238 956 402 992 versalis
448 958 645 994 Dominus
688 967 725 994 et
772 970 862 994 vere
909 957 1115 1004 innocens,
1162 960 1325 1006 quando
1370 958 1558 995 indecens

237 1013 374 1050 fuisset
407 1017 514 1064 quod
549 1016 651 1053 servi
684 1016 743 1053 sui
783 1016 915 1064 ipsum
957 1017 1006 1052 ad
1046 1017 1262 1065 prandium
1304 1016 1557 1058 invitassent:

237 1081 274 1108 et
324 1085 405 1109 non
455 1074 545 1122 plus
596 1074 778 1123 sequitur
829 1075 877 1111 de
923 1074 1082 1111 Christo
1129 1087 1249 1124 quam
1298 1076 1346 1111 de
1396 1084 1557 1111 terreno

237 1131 417 1178 domino,
451 1132 483 1168 si
516 1132 623 1169 venit
655 1135 705 1170 ad
739 1146 855 1169 suum
890 1132 1105 1181 prandium
1139 1146 1221 1170 non
1251 1142 1430 1179 vocatus,
1462 1146 1557 1181 ergo

183 1190 219 1223 15
238 1190 453 1226 mendicat.
501 1191 683 1228 Christus
723 1191 827 1228 enim
869 1200 926 1228 est
959 1191 1091 1228 verior
1124 1192 1312 1228 dominus
1346 1191 1558 1228 cuiuscun—

237 1260 313 1295 que
366 1248 536 1285 essibilis
582 1263 703 1299 quam
753 1249 899 1299 aliquis
949 1249 1138 1286 dominus
1182 1250 1387 1287 secularis.
1444 1252 1557 1287 Unde

237 1305 419 1343 Christus
451 1308 645 1344 Johannis
673 1310 759 1355 V10‚
795 1309 812 1344 5
855 1308 895 1345 in
934 1308 1184 1345 convivando
1218 1308 1396 1358 quinque
1430 1308 1557 1345 millia

236 1364 445 1401 hominum
501 1367 549 1402 de
593 1366 771 1416 quinque
809 1366 980 1415 panibus
1020 1367 1172 1404 indicat
1210 1367 1555 1404 universalitatem

236 1421 296 1458 sui
330 1423 512 1460 dominii.
559 1427 648 1462 Non
688 1425 792 1462 enim
828 1425 924 1462 dicit
958 1425 1164 1474 Philippo:
1211 1426 1283 1462 Dic
1322 1427 1474 1474 populo
1515 1435 1557 1462 ut

179 1493 221 1514 20
237 1481 465 1518 mendicent
489 1495 510 1519 a
533 1483 725 1531 proximis
747 1483 850 1520 sicut
873 1496 959 1531 ego,
992 1485 1062 1520 sed
1095 1483 1211 1520 dicit:
1251 1485 1358 1520 Unde
1391 1497 1558 1520 ememus

230 1551 354 1588 panes
387 1549 426 1576 ut
459 1543 689 1578 manducent
723 1543 786 1580 hii.
833 1544 882 1578 Et
921 1542 1027 1578 idem
1063 1551 1171 1591 patet
1204 1542 1397 1579 Johannis
1422 1544 1506 1589 1V0‚
1533 1543 1554 1579 8

235 1597 302 1633 ubi
343 1600 582 1647 Apostolus:
629 1601 807 1636 abierunt
843 1602 899 1636 ad
937 1601 1068 1636 villam
1109 1608 1148 1636 ut
1187 1609 1357 1637 emerent
1395 1601 1555 1637 Christo

235 1656 370 1692 cibum.
419 1659 504 1703 Que
545 1670 638 1706 ergo
679 1658 894 1696 necessitas
934 1658 1022 1704 sibi,
1069 1668 1111 1695 ut
1156 1672 1305 1707 aquam
1345 1672 1367 1696 a
1406 1658 1555 1695 femina

235 1714 507 1752 mendicaret}
542 1718 655 1753 Unde
678 1717 846 1754 Matthei
869 1719 977 1753 XXIO
1007 1726 1221 1766 postquam
1252 1717 1324 1754 fuit
1348 1717 1555 1754 famelicus

178 1775 217 1808 25
235 1781 272 1808 et
317 1774 519 1811 detestans
559 1775 676 1812 istam
720 1775 1065 1812 mendicacionem
1117 1788 1199 1812 non
1245 1789 1390 1824 panem
1434 1776 1555 1824 peciit

235 1831 472 1878 clamorose,
507 1834 576 1870 sed
609 1846 775 1882 surgens
814 1833 854 1870 in
887 1834 1125 1871 Bethaniam
1165 1846 1253 1871 cras
1288 1847 1404 1871 mane
1437 1834 1555 1871 rediit

235 1891 450 1927 ostendens
502 1905 618 1928 suum
665 1891 889 1928 dominium
937 1902 973 1929 et
1017 1891 1217 1940 ingressus
1268 1892 1308 1929 in
1356 1894 1553 1941 templum

236 1949 493 1986 dominanter
544 1949 659 1986 eiecit
704 1952 753 1987 ab
801 1963 847 1987 eo
893 1950 932 1987 in
983 1963 1155 1999 persona
1206 1950 1371 2000 propria
1416 1951 1555 1988 illicite

236 2017 570 2045 commercanteS.

179 2066 220 2098 30
294 2067 404 2112 Item,
440 2066 622 2103 Christus
654 2080 735 2103 non
768 2067 824 2104 sic
859 2067 1125 2105 mendicasset
1159 2069 1292 2105 dando
1327 2069 1552 2117 exemplum

234 2123 356 2160 servis
389 2124 470 2161 suis
504 2126 554 2162 ad
587 2125 813 2162 faciendum
849 2125 1034 2162 similiter
1065 2126 1141 2162 nisi
1166 2127 1242 2164 hoc
1265 2126 1402 2163 fuisset
1426 2127 1554 2163 racio-

234 2181 367 2219 nabile
391 2192 427 2219 et
451 2183 691 2220 conveniens
721 2184 843 2221 statui
866 2183 1113 2222 innocencie.
1148 2186 1225 2221 Sed
1255 2185 1421 2222 omnino
1445 2194 1554 2233 patet

233 2240 481 2288 oppositum.
512 2244 617 2290 Ergo
641 2242 824 2279 Christus
847 2255 928 2279 non
952 2243 1197 2280 mendicavit
1218 2243 1353 2280 taliter
1375 2245 1425 2280 ad
1450 2245 1554 2280 hunc

236 2298 370 2336 finem.
405 2300 616 2337 Ordinavit
640 2300 745 2337 enim
770 2300 965 2346 Christus,
1000 2301 1039 2337 in
1074 2301 1186 2338 cuius
1220 2301 1334 2338 factis
1367 2314 1448 2338 non
1482 2302 1553 2338 fuit

177 2358 217 2392 35
235 2358 525 2405 contradiccio,
565 2360 673 2408 quod
708 2359 878 2408 quisque
911 2359 1140 2408 provideret
1181 2362 1228 2396 de
1269 2360 1384 2397 bonis
1419 2362 1553 2409 quoad

234 2428 350 2452 usum
385 2417 595 2465 proprium
630 2426 667 2454 et
698 2430 781 2454 non
813 2418 916 2454 foret
949 2418 1064 2455 alteri
1098 2431 1305 2455 onerosus.
1347 2418 1412 2454 Sic
1447 2419 1551 2455 enim

234 2472 274 2509 in
307 2483 413 2511 statu
446 2474 680 2512 innocencie
714 2489 815 2513 unus
846 2489 929 2513 non
961 2476 1098 2513 fuisset
1131 2476 1319 2525 fatigatus
1352 2478 1401 2513 ad
1435 2476 1553 2513 mini-

234 2534 446 2569 strandum
485 2533 613 2580 alteri,
653 2536 721 2570 sed
755 2534 922 2584 quilibet
960 2534 1084 2571 libere
1118 2536 1165 2571 de
1198 2534 1393 2572 fructibus
1428 2548 1553 2583 quan-

234 2600 317 2627 tum
353 2591 534 2640 oportuit
568 2592 808 2641 accepisset3
848 2594 954 2629 unde
986 2602 1077 2641 post
1109 2594 1266 2642 lapsum
1302 2592 1411 2629 dedit
1445 2596 1551 2629 Deus

174 2662 219 2692 40
235 2649 357 2686 servis
391 2649 471 2686 suis
505 2650 712 2698 propriam
747 2650 977 2699 potenciam
1012 2653 1268 2700 corporalem
1307 2661 1344 2688 et
1383 2651 1552 2687 iniunxit

234 2707 443 2756 proprium
478 2709 672 2755 laborem,
706 2721 754 2745 ne
789 2709 918 2746 forent
950 2710 1144 2758 proximis
1168 2710 1342 2756 onerosi,
1376 2719 1419 2746 ut
1443 2719 1551 2757 patet

304 2886 323 2905 ι.
345 2879 376 2906 lu
400 2886 513 2914 marg.:
535 2885 560 2906 2.
635 2879 662 2906 6.
684 2878 716 2906 In
740 2887 854 2915 marga
877 2877 901 2906 3.
983 2879 1024 2908 16.
1047 2879 1141 2907 (]‹›d.:
1166 2879 1314 2907 essebilis.
1389 2886 1431 2917 '-'.'-'·
1454 2878 1550 2916 (ja-q,:

234 2911 353 2941 iverunt
375 2914 525 2941 adierunt.
581 2913 627 2941 26,
651 2922 797 2949 surgens;
819 2915 906 2942 c‹›d.:
928 2923 1013 2950 gen&
1077 2915 1122 2942 30.
1146 2916 1176 2941 ln
1200 2923 1313 2950 marg:
1337 2912 1427 2940 Racw
1449 2919 1550 2940 terena.

1775 275 1849 311 ¹09

1588 384 1692 412 Christ
1713 386 1763 412 did
1787 392 1839 414 not

1663 420 1718 455 beg
1738 421 1773 448 οῖ’

1581 453 1767 484 Zacchaeus.
1791 457 1840 483 but

1609 491 1814 517 commanded

1675 525 1750 552 him.

1575 674 1642 702 Nor
1662 675 1713 702 did
1737 676 1772 703 he
1795 678 1849 702 beo

1621 716 1651 737 οι
1674 711 1803 738 Martha.
1833 699 1848 711 υ

1580 2308 1624 2334 He
1647 2308 1750 2342 lauf-{ht
1774 2308 1836 2335 lhat

1570 2344 1641 2370 each
1653 2352 1722 2369 man
1735 2344 1843 2370 should

1611 2379 1739 2413 prmide
1761 2379 1808 2404 thr

1640 2414 1772 2440 hinist-lt,
