1944 3323
136 600 151 633 5

115 903 154 924 10

118 1184 153 1217 15

84 1382 157 1414 Fol.

78 1427 157 1470 264¹1

118 1486 158 1508 20

121 1768 158 1800 25

120 2060 161 2092 30

123 2351 161 2384 35

121 2653 165 2684 40

168 252 305 281 smnio
327 239 440 298 xxx]
660 251 833 283 TERTtA
865 251 990 282 PARs.

167 364 276 412 quod
314 362 354 398 in
392 359 572 410 practica
611 359 726 396 huius
766 358 952 407 potencie
992 358 1200 405 evagando
1233 355 1340 392 circa
1375 368 1488 391 mun-

167 420 290 458 dialia
335 429 455 469 atque
503 417 681 456 carnalia
721 417 891 454 ociatur.
946 418 1052 453 Deus
1098 425 1231 452 autem
1268 412 1377 450 dedit
1417 413 1492 450 sibi

167 479 284 516 istam
325 477 556 527 potenciam
597 485 718 525 atque
759 475 968 521 noticiam,
1009 483 1052 510 ut
1086 473 1212 522 prosit
1245 471 1413 509 ecclesie
1446 484 1492 508 ac

167 537 242 574 sibi
281 536 370 585 ipsi.
420 537 497 572 Sed
537 534 686 571 oblitus
726 543 785 571 est
829 533 944 570 istius
993 532 1196 569 sentencie
1239 531 1300 567 vel
1343 529 1493 566 oblitus

167 594 444 644 generacionis
477 606 546 630 sue
579 606 601 630 a
625 595 709 629 Deo
741 593 802 629 vel
836 592 963 640 ipsam
1000 591 1181 628 recolens
1214 590 1262 625 de
1296 588 1374 624 *inc
1406 601 1491 633 su0‚

169 655 244 690 hoc
296 661 366 699 est,
417 653 464 688 de
514 660 606 688 actu
655 664 737 688 non
790 663 1021 687 memorans
1073 649 1112 686 in
1164 645 1494 685 extraordinariis

169 712 324 749 actibus
365 710 637 747 mundialibus
677 718 880 757 evagatur.
921 708 1032 745 Sicut
1072 707 1179 745 enim
1226 719 1309 742 rem
1355 704 1494 742 videns

168 770 208 806 in
247 770 411 818 speculo
444 768 595 805 fallitur
629 767 735 804 circa
775 767 858 804 eius
891 767 1026 812 situm,
1068 763 1403 814 magnitudinem,
1437 763 1494 800 in-

169 827 365 865 stanciam
412 836 449 864 et
497 836 649 864 ceteras
695 825 957 875 appendicias
998 824 1166 862 materie
1205 822 1261 860 rei
1300 822 1395 869 vise,
1439 821 1494 858 sic

170 885 427 935 culpabiliter
445 898 619 934 pausans
652 884 692 922 in
725 883 1056 922 consideracione
1080 881 1286 932 qualitatis
1317 880 1494 929 primove

169 958 291 994 quam
332 945 452 981 habet
492 957 514 981 a
548 946 631 980 Deo
672 943 711 979 in
751 943 940 980 omnibus
980 942 1065 979 istis
1107 949 1213 977 errat
1248 938 1403 976 mistice
1436 938 1494 975 in-

169 1003 351 1040 tellectis.
409 1004 534 1039 Debet
579 1001 685 1038 enim
737 1001 995 1038 considerare
1047 999 1168 1036 situm
1219 998 1287 1034 ubi
1335 1006 1405 1043 est,
1454 1006 1496 1037 ut

170 1071 279 1111 patet
313 1074 356 1098 ex
388 1060 520 1098 verbis
554 1059 717 1096 Domini
759 1059 875 1096 dictis
908 1060 994 1095 Ade
1028 1060 1124 1095 Gen.
1160 1059 1245 1103 1110,
1281 1069 1323 1104 9:
1368 1055 1494 1092 Adam

170 1121 234 1157 ubi
263 1121 332 1157 es?
364 1122 413 1156 Et
444 1128 541 1155 tunc
574 1119 770 1155 recoleret
803 1119 1010 1167 quomodo
1043 1116 1199 1166 positus
1233 1123 1290 1151 est
1323 1114 1363 1151 in
1394 1114 1497 1150 valle

169 1179 370 1216 viancium
416 1179 467 1214 ad
517 1177 795 1225 attingendum
846 1176 967 1213 situm
1013 1176 1202 1212 celestem
1247 1186 1318 1222 per
1361 1173 1497 1209 obser-

170 1237 354 1274 vanciam
379 1236 475 1284 legis
500 1235 663 1272 Domini
687 1235 726 1272 in
750 1235 906 1272 effectu.
945 1235 1131 1271 Secundo
1155 1232 1350 1269 recoleret
1375 1243 1496 1280 quam

174 1308 342 1344 magnus
388 1294 544 1343 positus
590 1303 647 1331 est
691 1307 712 1330 a
758 1296 842 1330 Deo
888 1293 927 1329 in
971 1292 1107 1330 officio
1157 1289 1414 1327 ministrandi
1459 1298 1497 1326 et

174 1367 294 1403 quam
336 1366 481 1401 magna
513 1366 618 1401 pena
651 1363 708 1389 est
741 1351 815 1389 sibi
849 1351 984 1388 debita
1023 1351 1063 1387 in
1096 1362 1190 1387 casu
1223 1361 1303 1398 quo
1337 1347 1498 1384 deficiat

174 1414 222 1449 ab
262 1413 338 1449 hoc
378 1411 614 1457 ministerio,
645 1407 650 1464 Ι
680 1419 717 1447 et
760 1420 856 1447 tunc
901 1410 1007 1447 circa
1052 1408 1303 1457 specularem
1347 1406 1498 1454 magni-

173 1470 353 1507 tudinem
400 1483 481 1506 non
526 1478 691 1506 erraret.
741 1470 820 1505 Sed
867 1468 993 1505 tercio
1039 1467 1315 1504 consideraret
1359 1477 1496 1501 verum

174 1530 308 1566 locum
349 1528 389 1565 in
429 1541 508 1577 quo
543 1530 648 1564 Deus
687 1527 818 1576 ipsum
852 1527 999 1575 posuit,
1035 1535 1072 1562 et
1104 1535 1200 1562 tunc
1232 1536 1314 1560 non
1347 1532 1499 1560 erraret

176 1588 282 1624 circa
330 1586 570 1624 instanciam
610 1587 811 1622 credendo
851 1584 1047 1634 implicite
1086 1596 1156 1633 per
1200 1595 1314 1619 suam
1362 1594 1497 1618 cecam

175 1645 407 1695 superbiam
446 1646 556 1694 quod
595 1644 716 1681 distat
757 1643 1037 1692 multipliciter
1075 1655 1095 1679 a
1135 1654 1174 1678 se
1214 1641 1316 1689 ipso.
1363 1642 1410 1676 Et
1443 1639 1499 1676 sic

176 1706 224 1741 de
256 1704 343 1741 aliis
386 1702 784 1741 consideracionibus
818 1715 894 1751 que
934 1702 1042 1738 iuxta
1074 1699 1348 1749 perspectivos
1381 1711 1499 1747 pecu-

175 1762 322 1800 lialiter
345 1770 595 1799 concernunt
618 1761 736 1798 istam
762 1761 988 1797 materiam.
1024 1761 1225 1796 Debemus
1256 1757 1361 1794 enim
1388 1769 1500 1793 more

176 1821 374 1870 scripture
427 1820 631 1857 succincte
684 1829 959 1856 transcurrere
1005 1817 1178 1866 Spiritus
1224 1815 1362 1853 Sancti
1413 1827 1499 1852 sen-

175 1879 350 1916 tenciam
391 1887 428 1915 et
467 1879 507 1915 in
545 1890 666 1927 opere
701 1877 882 1914 diffusius
915 1875 1148 1913 immorari:
1188 1874 1280 1911 ideo
1313 1873 1409 1910 satis
1443 1882 1500 1910 est

176 1939 285 1987 quod
325 1937 626 1974 consideremus
667 1936 738 1973 Dei
779 1935 1028 1973 sentenciam
1068 1934 1108 1971 in
1155 1933 1230 1970 hiis
1273 1932 1417 1978 verbis,
1457 1940 1500 1967 ut

177 1996 279 2033 sicut
311 1996 450 2033 videns
483 2008 524 2032 se
555 1996 616 2032 vel
640 1994 858 2044 quicquam
892 1994 933 2031 in
964 1993 1142 2042 specum,
1176 1991 1314 2028 videns
1347 1990 1500 2027 visione

177 2055 323 2091 reflexa
372 2053 576 2090 inducitur
627 2053 667 2089 in
717 2066 908 2099 errorem,
961 2065 1052 2089 cum
1108 2063 1190 2087 non
1233 2048 1416 2098 inprimit
1461 2048 1500 2084 in

179 2112 419 2150 memoriam
452 2125 591 2149 verum
625 2111 672 2157 (si
696 2120 832 2148 tamen
854 2123 990 2148 veram
1026 2107 1346 2158 magnitudinem
1381 2115 1502 2155 atque

178 2170 417 2208 distanciam
452 2170 508 2207 rei
530 2170 639 2216 vise),
673 2169 729 2207 sic
759 2171 970 2207 attendens
1003 2169 1053 2205 ad
1086 2166 1375 2216 speculativam
1410 2164 1502 2202 fidei

178 2229 343 2266 dimissa
392 2229 635 2277 operacione
679 2241 756 2277 que
801 2229 919 2264 debet
972 2239 1056 2263 esse
1100 2235 1143 2262 ut
1188 2224 1272 2261 eius
1318 2223 1500 2267 materia,

178 2288 314 2336 gracia
353 2287 464 2324 cuius
504 2287 602 2324 fides
642 2286 828 2332 adicitur,
869 2295 975 2323 errat
1021 2285 1127 2321 circa
1162 2282 1373 2320 materiam
1409 2281 1500 2318 fidei

178 2355 298 2395 atque
338 2345 471 2391 finem,
512 2357 557 2382 eo
597 2346 706 2394 quod
744 2358 825 2381 non
864 2345 984 2381 habet
1023 2343 1211 2380 affectum
1256 2340 1377 2377 simul
1410 2353 1500 2376 cum

179 2404 248 2441 illo
271 2405 379 2453 quod
399 2403 524 2450 videt3
547 2405 616 2440 sed
637 2403 847 2440 fantastice
870 2411 906 2439 et
927 2401 1121 2439 indirecte
1142 2400 1249 2437 videt
1271 2398 1500 2447 ymaginem

180 2462 320 2499 crediti
354 2462 541 2499 reflexam
575 2461 615 2497 in
648 2474 688 2498 se
720 2461 853 2510 ipsum
887 2469 924 2497 et
946 2473 1028 2497 non
1052 2459 1202 2495 directe
1225 2466 1500 2494 transeuntem

180 2521 219 2557 in
264 2533 366 2569 opus
415 2520 635 2556 secundum
677 2520 748 2556 Dei
797 2518 1110 2567 beneplacitum.
1156 2519 1205 2553 Et
1249 2516 1305 2553 sic
1349 2514 1502 2552 noticia

180 2579 314 2628 genita
348 2587 404 2615 est
437 2578 673 2626 imperfecta
706 2591 786 2615 non
819 2577 1043 2614 informans
1077 2585 1233 2612 ternam
1268 2573 1499 2623 potenciam

182 2637 327 2683 anime,
374 2649 464 2673 cum
503 2636 689 2673 voluntas
728 2635 863 2673 deficit
908 2635 1127 2671 informata
1172 2632 1370 2670 memoria
1409 2644 1499 2668 cum

183 2696 365 2741 racione3
406 2695 497 2731 ideo
537 2694 787 2731 obliviscitur
828 2694 947 2730 fidem
987 2701 1154 2741 propter
1194 2691 1394 2728 defectum
1442 2689 1499 2725 sui

252 2874 278 2903 7.
299 2865 395 2894 Cod.:
417 2865 526 2893 videns
546 2864 643 2892 twice.
709 2871 747 2891 ιε’.
768 2865 801 2891 In
826 2872 941 2898 marg:
964 2872 984 2891 ι,
1052 2863 1093 2891 16.
1114 2863 1147 2890 In
1170 2870 1284 2896 marg:
1307 2868 1330 2887 2.
1400 2867 1445 2886 20.
1470 2859 1500 2885 In

184 2910 298 2937 marg:
322 2900 345 2928 3.
421 2901 463 2928 25.
485 2900 581 2927 Cod.:
604 2904 803 2927 conscrnunt.
878 2907 922 2934 27.
945 2899 1042 2925 Coti:
1066 2898 1224 2925 minorari.

1327 2942 1363 2975 10

1526 536 1571 563 He
1593 541 1704 563 wastes
1725 545 1764 563 on

1528 571 1648 607 wordly
1669 571 1772 605 things

1516 607 1564 633 the
1587 615 1692 641 power
1713 606 1782 633 God

1531 650 1606 676 gave
1628 642 1690 668 him
1714 642 1761 668 for

1510 677 1558 703 the
1579 677 1659 710 good
1682 677 1716 703 ol*
1733 677 1782 703 llic

1580 712 1715 739 Clinrch.

1541 2171 1681 2205 Loolcing
1702 2171 1773 2206 only

1599 2215 1637 2233 on
1660 2207 1709 2233 Ille

1518 2241 1705 2277 speculative
1726 2241 1791 2267 side

1516 2277 1550 2304 of
1568 2277 1640 2304 saith
1661 2276 1719 2302 and
1740 2281 1791 2302 1101

1551 2312 1652 2346 acting
1673 2312 1757 2337 leads

1523 2355 1592 2374 man
1615 2346 1679 2373 into
1701 2354 1787 2372 error

1534 2382 1592 2408 and
1615 2381 1775 2415 imperfect

1559 2416 1748 2451 knowledge.
