1944 3323
157 259 292 289 samio
315 247 397 306 xx.]
651 248 821 280 TERTIA
852 247 979 278 PARS.
1692 253 1734 287 16
1751 265 1757 287 ι

159 368 325 406 forsitan
350 369 606 413 destruendo,
637 368 704 404 sed
730 379 772 403 ex
801 365 988 403 omnibus
1010 365 1160 402 viribus
1183 364 1263 401 suis
1287 364 1475 401 continue

66 461 90 492 F
121 460 141 492 l
157 427 404 476 perficiendo
452 426 568 463 fidele
615 425 685 462 Dei
733 424 999 461 ministerium
1052 423 1183 471 ipsum
1230 422 1394 471 diligere
1440 431 1477 459 et

61 472 142 539 5⁰51}
157 484 602 522 excommunicaciones
633 483 795 520 frivolas
826 496 906 520 non
931 482 1086 519 timere.
1121 481 1186 518 Sic
1218 481 1323 517 enim
1353 478 1474 533 fecit}

158 543 352 589 Ch1istus‚
393 543 458 592 qm·
494 542 600 579 iuxta
640 543 802 579 beatum
845 543 1006 578 Petrum
1052 553 1137 577 cum
1179 540 1479 576 maledzff-ceaeetm

125 607 230 639 §non
264 602 517 638 maledicebat
548 601 616 637 sed
649 600 919 650 honorificavit
947 607 1103 649 patrem
1137 611 1250 635 suum
1287 597 1479 635 continue

159 660 361 696 inturbate
404 661 463 707 (ut
504 668 614 708 patet
645 657 838 695 Johannis
871 659 993 703 VIIIO,
1026 662 1110 705 49).
1151 659 1199 693 Et
1232 656 1350 693 istam
1385 657 1478 693 doc-

159 718 306 755 trinam
342 726 399 755 est
433 717 553 754 hodie
587 729 633 754 eo
667 716 915 754 necessarius
949 716 1086 752 fideles
1120 727 1309 764 spargere
1342 727 1422 764 quo
1457 727 1479 751 a
1519 719 1597 748 This
1618 728 1689 748 max
1711 721 1745 748 be

159 786 342 825 tempore
368 776 516 813 Christi
552 785 589 813 et
612 775 850 824 pontificum
884 773 981 822 legis
1014 773 1159 811 veteris
1190 786 1271 810 non
1299 772 1373 810 fuit
1406 774 1477 810 hec
1535 753 1731 826 ῗιῖιξιῗωὲιζξ

159 834 530 872 excommunicacio
569 833 806 871 Antichristi
847 833 988 870 frivola
1028 831 1205 869 crebrius
1251 831 1477 868 fulminata.
1503 826 1762 888 ωιζῖὲῐξῗῖιζξῖξιῃ-

104 910 142 931 ιο
159 893 224 930 Sic
264 893 368 930 enirn
410 893 558 930 dicitur
591 894 838 930 Urbanum
878 900 1100 928 nostrum
1142 903 1231 927 cum
1273 889 1353 926 suis
1393 902 1478 926 car·
1521 896 1741 925 munientions.

159 951 359 989 dinalibus
399 951 750 989 excommunicare
784 951 1158 999 Gybbonensem
1199 961 1289 985 cum
1325 947 1477 985 cunctis

158 1009 239 1047 suis
271 1010 496 1047 fautoribus
529 1009 809 1058 sollempniter
842 1017 880 1046 et
903 1017 1081 1045 econtra.
1116 1009 1197 1044 Nec
1230 1006 1361 1044 sciunt
1390 1019 1479 1055 pre-

158 1068 228 1105 lati
262 1068 491 1106 discernere
523 1067 555 1105 si
589 1066 962 1105 excommunicacio
998 1065 1277 1114 Gybbonensis
1315 1078 1396 1102 non
1429 1064 1479 1101 sit

157 1136 237 1164 tam
273 1127 406 1164 valida
438 1127 541 1164 sicut
573 1140 656 1164 sua.
704 1128 834 1163 Habet
875 1125 980 1162 enim
1017 1123 1295 1173 Gybbonensis
1329 1136 1403 1172 pro
1437 1135 1478 1160 se

106 1187 277 1223 15verba
309 1185 406 1234 legis
445 1185 601 1234 papalis
640 1184 849 1234 patencius
883 1196 1004 1233 quam
1045 1192 1182 1220 noster
1215 1183 1400 1219 Urbanus
1441 1190 1478 1218 et

157 1244 291 1292 plures
315 1243 457 1281 fratres
491 1257 536 1281 ac
570 1243 752 1292 regiones
785 1242 860 1280 sibi
893 1242 1106 1279 subiectas.
1142 1242 1234 1278 Ideo
1268 1240 1478 1277 benedicta
1508 1246 1609 1274 which
1631 1254 1700 1274 max
1723 1246 1757 1273 b

158 1302 209 1339 sit
239 1302 417 1340 Trinitas
463 1315 539 1352 que
584 1302 842 1339 ordinaverat
888 1300 1008 1337 istum
1056 1313 1206 1345 casum,
1253 1308 1296 1335 ut
1342 1299 1478 1335 fideles
1523 1278 1739 1351 dissseagfgffid

159 1360 308 1398 Christi
342 1370 588 1410 cognoscant
621 1361 817 1398 servando
850 1372 891 1397 se
915 1360 963 1396 ab
995 1358 1209 1408 iniquitate
1232 1371 1313 1395 non
1336 1357 1477 1394 timere

159 1431 203 1456 ex
234 1419 318 1468 lege
351 1419 638 1468 prestancioris
663 1418 818 1456 domini
851 1419 957 1455 hunc
988 1418 1049 1454 vel
1082 1417 1209 1453 illum.
1245 1415 1351 1462 Quid
1384 1429 1477 1464 ergo

102 1493 143 1514 20
159 1477 288 1524 nobis,
322 1478 353 1515 si
378 1477 655 1526 Gybbonensis
689 1476 1013 1514 excommunicat
1037 1476 1214 1525 prelatos
1248 1483 1407 1512 nostros
1442 1483 1478 1511 et

160 1545 325 1573 cunctos
371 1536 426 1573 eis
471 1536 685 1582 subiectos,
733 1548 824 1573 cum
871 1547 915 1572 ex
954 1535 1032 1571 fide
1077 1535 1269 1571 debemus
1316 1534 1478 1570 credere

161 1596 269 1643 quod

467 1653 588 1689 Nulla
622 1653 728 1689 nobis
760 1652 906 1689 nocebit
939 1651 1158 1687 adversitas

467 1712 510 1747 Si
539 1711 645 1747 nulla
679 1711 899 1747 dominetur
931 1709 1122 1759 iniquitas.

104 1775 142 1807 25
216 1771 266 1806 Et
310 1778 422 1807 tanta
460 1769 736 1806 indubitanter
774 1777 831 1806 est
870 1766 1126 1817 parvipensio
1166 1767 1479 1804 Robertinorum

159 1827 592 1865 excommunicacionis
626 1827 778 1865 Urbani
811 1826 952 1873 nostri,
982 1826 1076 1875 quia
1109 1824 1232 1862 scitur
1262 1827 1369 1875 quod
1399 1839 1481 1863 non

161 1887 400 1924 fulminatur
445 1886 682 1923 altrinsecus
729 1885 916 1931 caritate;
963 1894 1000 1922 et
1046 1883 1119 1920 iste
1164 1897 1278 1921 casus
1323 1885 1481 1921 sedaret

161 1945 397 1982 altrinsecus
421 1945 596 1994 prelatos
627 1943 814 1991 cesarios‚
847 1956 898 1981 ne
921 1942 978 1980 sic
1001 1941 1363 1989 excommunicent,
1387 1942 1481 1992 quia

160 2003 343 2040 nesciunt
378 2003 409 2040 si
445 2003 522 2040 sint
558 2005 605 2040 de
641 2002 789 2040 Christi
827 2001 1007 2047 ecclesia,
1050 2010 1087 2038 et
1122 2002 1342 2038 secundum
1376 2002 1480 2049 leges

103 2064 145 2096 30
162 2075 300 2099 eorum
331 2062 509 2111 prelatus
541 2061 607 2110 qui
638 2071 696 2098 est
725 2070 834 2098 extra
868 2059 1078 2098 ecclesiam
1108 2072 1190 2096 non
1219 2059 1388 2096 extrahit
1420 2061 1481 2096 vel

162 2120 484 2157 excommunicat
517 2120 741 2157 subiectum
777 2132 797 2156 a
832 2118 981 2156 Christi
1019 2117 1188 2155 ecclesia
1216 2118 1285 2155 sed
1312 2118 1481 2155 includit

161 2191 232 2227 per
262 2178 448 2215 accidens
478 2178 684 2215 humiliter
714 2177 953 2227 pacientem.
988 2176 1053 2213 Sic
1077 2175 1182 2213 enim
1207 2177 1352 2213 docent
1375 2177 1481 2224 leges

161 2238 326 2286 papales
365 2238 473 2285 quod
513 2236 883 2274 excommunicatus
929 2236 1046 2272 debet
1086 2234 1329 2272 medicinam
1369 2235 1478 2272 illam

161 2295 244 2344 pati
283 2294 488 2332 humiliter
527 2308 600 2344 pro
640 2308 711 2332 suo
751 2303 961 2344 perpetuo,
1011 2306 1221 2343 quousque
1259 2295 1480 2330 secundum

103 2354 264 2402 35leges
298 2352 518 2403 superioris
553 2366 656 2402 pape
692 2352 838 2390 medici
872 2352 1046 2390 finaliter
1078 2351 1128 2389 sit
1160 2361 1337 2389 sanatus.

231 2543 256 2571 7.
279 2534 374 2563 Cod.:
397 2543 550 2570 spergerc.
625 2543 670 2571 27,
693 2535 738 2563 28.
760 2535 855 2563 Cod.:
876 2535 1062 2563 alti-inciens.

231 2677 263 2706 4.
298 2665 321 2698 1.
355 2666 445 2697 Petri
473 2666 511 2704 ΙΙ,
540 2665 592 2697 23.
748 2676 795 2698 ιο.
831 2665 883 2698 Cf.
917 2665 1047 2698 lntrod.
1082 2665 1116 2698 in
1149 2666 1296 2709 primam
1333 2675 1478 2710 partem,

161 2722 242 2755 pag.
280 2712 406 2743 XXXI.
451 2711 502 2744 Cf.
531 2711 789 2755 VValsingharn,
830 2712 918 2744 Hist.
958 2712 1092 2755 Anglic.
1132 2713 1170 2752 ll,
1213 2724 1292 2755 pag.
1328 2713 1476 2756 71--6.

165 2769 218 2791 22.
245 2759 296 2790 Cf.
323 2768 429 2802 supra
456 2768 535 2801 pag.
563 2757 595 2790 3.
737 2758 791 2790 32.
825 2759 877 2791 Cf.
907 2759 999 2791 Sexti
1029 2759 1167 2791 Decret
1196 2760 1254 2791 lib.
1274 2760 1315 2797 V,
1342 2762 1391 2792 tit
1420 2761 1478 2798 Xl

164 2805 214 2837 De
240 2805 418 2837 Sententia
446 2804 825 2837 Excommunicationis
858 2815 931 2848 cap.
964 2815 996 2837 ιτ
1036 2804 1150 2844 Quum
1186 2806 1407 2839 medicinalis
1434 2807 1478 2838 sit

163 2852 501 2887 excommunicacio,
537 2862 604 2883 non
640 2852 810 2891 mortalis,
837 2875 872 2884 ..
895 2878 900 2884 .
921 2875 929 2884 .
961 2852 1043 2884 dum
1078 2857 1198 2884 tamen
1232 2852 1272 2892 is,
1307 2853 1339 2885 in
1377 2863 1476 2896 quem

163 2897 240 2930 lata
260 2898 389 2941 fuerit,
417 2908 484 2930 non
511 2902 717 2932 contemnat
737 2922 743 2928 .
764 2923 771 2930 .
789 2922 797 2929 .
817 2921 824 2930 .

1301 2967 1334 2989 11
