1944 3323
143 210 223 249 228

725 221 947 254 JOHANNIS
965 221 1146 254 WYCLIF
1167 222 1423 255 SERMONUM
1453 209 1605 267 [SERMO
1627 220 1736 249 XXIX·

430 336 562 364 movet
594 337 738 374 cetera,
772 327 891 376 igitur
922 341 1078 365 summe
1109 329 1330 377 perfectum
1364 339 1401 366 et
1433 330 1522 366 finis
1555 330 1735 366 omnium

428 385 599 422 aliorum
634 394 766 423 movet
799 386 866 422 illa
899 386 1035 423 omnia
1067 387 1151 424 sine
1183 388 1259 424 hoc
1293 390 1401 437 quod
1440 388 1576 437 aliquo
1609 397 1737 425 trans-

429 452 623 489 mutetur;
669 443 783 480 aliter
827 443 932 480 enirn
984 453 1084 481 esset
1128 445 1375 493 perfectibile
1420 447 1469 483 ab
1516 446 1736 483 extrinseco

427 501 557 551 ipsum
590 511 787 539 movente.
832 503 887 538 Ex
931 503 1007 539 hoc
1039 511 1148 550 patet
1181 506 1288 552 quod
1321 513 1402 541 tam
1437 505 1571 553 quoad
1602 513 1734 541 actum

388 578 392 581 ·
426 560 693 597 extrinsecum
730 572 812 596 non
850 559 1124 597 vicissitudine
1163 562 1441 599 obumbratur.
1474 563 1589 599 Tunc
1629 562 1769 599 enim5

146 966 176 994 in
198 976 211 994 s
236 966 275 995 ite
296 968 330 995 of
347 968 396 995 tlte

156 1002 208 1037 phi
224 1003 386 1039 osophers.

169 1374 211 1403 So
232 1383 308 1402 soon
330 1383 362 1402 as

154 1410 227 1437 time
248 1418 312 1437 was
332 1410 381 1437 the

168 1444 266 1472 world
288 1453 363 1479 was⁷

156 1479 318 1514 generated
341 1479 379 1515 by

132 1515 181 1541 the
201 1515 314 1542 eterual
336 1515 397 1542 will

201 1550 235 1577 of
253 1548 333 1577 God.

424 630 496 666 per
518 618 621 655 vices
654 627 691 655 et
719 616 1081 666 interpolacionem
1114 619 1307 667 temporis
1338 633 1444 656 nunc
1475 620 1735 657 necessitaret

425 684 462 712 et
506 676 623 713 vellet
666 677 717 712 ad
760 675 865 712 intra
910 684 946 712 et
990 688 1096 712 nunc
1141 677 1191 713 ad
1234 686 1340 714 extra
1381 691 1492 715 suam
1539 678 1733 715 fabricam

425 742 700 780 conservaret3
743 735 852 782 quod
893 742 950 771 est
992 733 1256 782 impossibile,
1297 748 1386 772 cum
1420 736 1469 772 sit
1502 737 1566 772 lux
1598 745 1733 773 actua-

423 791 587 838 lissima,
634 791 745 828 cuius
784 801 896 828 actus
935 792 1174 829 intrinsecus
1213 802 1270 829 est
1302 794 1434 830 lucere
1467 803 1503 830 et
1536 807 1637 842 opus
1671 807 1731 831 ex-

422 849 639 886 trinsecum
669 859 726 887 est
749 850 884 886 lumen
907 863 975 886 sue
998 850 1147 887 fabrice
1171 863 1420 888 conservare.
1454 853 1531 888 Sed
1552 851 1732 889 videmus
1752 867 1791 889 ιο

422 909 532 956 quod
563 909 701 944 lumen
734 909 946 956 corporale
979 908 1127 945 decidit
1160 908 1199 944 in
1233 909 1421 946 absencia
1455 909 1657 947 luminosi.

479 967 557 1003 Sed
602 975 743 1003 contra
787 966 892 1003 istud
937 965 1086 1003 instant
1125 966 1369 1015 philosophi,
1411 967 1585 1004 dicentes
1625 969 1732 1017 quod

420 1023 524 1061 idem
569 1024 625 1069 (in
657 1033 849 1073 quantum
891 1023 1013 1072 idem)
1058 1037 1216 1073 semper
1248 1025 1330 1074 agit
1362 1025 1481 1071 idem,
1516 1039 1608 1074 ergo
1642 1039 1732 1062 cum

422 1094 466 1119 ex
502 1083 708 1119 voluntate
747 1082 914 1131 antiqua
952 1095 1033 1118 non
1065 1082 1247 1131 provenit
1285 1083 1396 1120 accio
1428 1096 1545 1130 nova,
1578 1084 1733 1121 videtur

422 1141 532 1189 quod
575 1153 647 1177 nec
691 1140 764 1177 iste
804 1141 977 1177 mundus
1016 1153 1088 1177 nec
1127 1140 1262 1189 aliqua
1301 1141 1384 1178 eius
1423 1154 1516 1190 pars
1550 1143 1597 1178 de
1630 1147 1790 1180 novo15

420 1197 627 1249 inciperet,
660 1200 728 1235 sed
764 1199 822 1245 (ut
847 1198 943 1235 dicit
973 1211 1084 1235 error
1106 1199 1501 1247 philosophancium)
1536 1212 1625 1236 cum
1650 1202 1734 1237 Deo

421 1256 651 1293 eternaliter
683 1265 951 1305 permaneret.

479 1317 522 1351 In
550 1314 626 1351 isto
656 1315 771 1363 lapsu
800 1313 1134 1362 philosophorum
1167 1324 1328 1362 oportet
1350 1316 1581 1364 theologum
1608 1324 1732 1352 meta-

420 1371 628 1421 physicam
659 1385 748 1409 curn
778 1372 1059 1420 philosophica
1083 1372 1287 1409 sentencia
1318 1373 1591 1410 commiscere.
1626 1376 1731 1410 Deus

421 1430 526 1467 enim
566 1430 657 1467 licet
697 1430 770 1466 fuit
810 1430 1039 1467 eternaliter
1079 1439 1170 1467 ante
1216 1432 1424 1477 mundum,
1470 1444 1551 1468 non
1594 1440 1730 1468 tamen
1747 1447 1789 1468 20

420 1488 711 1537 temporaliter,
753 1501 843 1524 cum
884 1488 957 1525 iste
991 1490 1163 1524 mundus
1196 1488 1421 1526 necessario
1455 1502 1613 1538 semper
1644 1489 1730 1537 fuit,

420 1546 514 1595 quia
547 1559 617 1595 per
649 1559 767 1583 omne
800 1556 957 1595 tempus
991 1550 1049 1591 (ut
1082 1548 1198 1583 docet
1221 1547 1465 1595 Augustinus
1497 1547 1599 1584 libro
1629 1549 1733 1585 Con-

418 1604 670 1651 fessionum);
728 1613 765 1641 et
814 1613 950 1641 tamen
996 1604 1145 1653 incepit
1194 1604 1234 1641 in
1284 1605 1483 1654 principio
1528 1607 1636 1654 quod
1676 1615 1733 1642 est

418 1664 583 1700 verbum
624 1672 661 1699 et
699 1662 740 1699 in
778 1662 977 1712 principio
1016 1662 1210 1711 temporis
1243 1665 1351 1711 quod
1384 1672 1441 1700 est
1473 1663 1638 1700 instans.
1684 1666 1733 1700 Et

418 1720 522 1758 idem
558 1729 615 1757 est
647 1733 813 1769 querere
846 1720 1048 1757 racionem
1083 1733 1205 1769 quare
1237 1720 1310 1757 iste
1342 1722 1514 1758 mundus
1546 1721 1618 1758 fuit
1649 1730 1731 1758 tam
1749 1726 1788 1758 25

419 1779 486 1815 diu
519 1787 556 1815 et
587 1791 668 1815 non
701 1778 886 1827 amplius,
921 1787 957 1815 et
990 1791 1113 1828 quare
1145 1779 1184 1815 in
1217 1779 1440 1826 quantitate
1472 1788 1732 1827 permanente

419 1837 609 1874 continua
653 1836 733 1873 iam
780 1845 837 1873 est
880 1845 1026 1873 tantus.
1087 1837 1155 1873 Ex
1200 1837 1393 1873 voluntate
1443 1837 1548 1873 enim
1593 1846 1731 1874 eterna

418 1896 579 1943 quando
620 1894 694 1931 sibi
728 1894 879 1943 placuit
910 1895 1044 1945 genuit
1076 1895 1190 1931 istum
1224 1895 1421 1942 mumdum,
1454 1908 1533 1931 non
1567 1897 1675 1944 quod
1707 1909 1730 1932 a

417 1953 621 1989 voluntate
659 1952 825 2001 antiqua
864 1952 1012 1989 decidit
1050 1953 1110 1989 vel
1149 1954 1257 2000 quod
1294 1953 1542 1989 voluntatem
1581 1966 1728 1990 novam

418 2023 461 2047 ex
493 2011 697 2048 voluntate
730 2010 877 2047 obiecti
910 2020 1004 2047 tunc
1037 2010 1168 2059 primo
1201 2010 1286 2047 noti
1320 2010 1467 2047 elicuit.
1501 2013 1549 2047 Et
1581 2011 1637 2048 sic
1671 2020 1728 2048 est
1746 2017 1786 2049 30

417 2068 719 2117 intelligendum
772 2070 820 2105 de
872 2068 1051 2117 partibus
1105 2068 1245 2104 mundi
1290 2068 1550 2116 integralibus
1595 2071 1728 2118 quoad

416 2139 529 2164 suam
576 2126 786 2163 materiam
832 2135 868 2163 et
913 2128 960 2163 de
1004 2126 1185 2174 partibus
1230 2126 1309 2163 suis
1353 2126 1549 2174 specificis
1594 2129 1727 2176 quoad

416 2197 538 2232 genus
579 2185 813 2221 humanum.
856 2186 992 2233 Itaque
1029 2197 1152 2235 genus
1190 2192 1245 2220 est
1276 2185 1428 2221 inicium
1460 2185 1617 2234 aliquod
1648 2186 1728 2221 uni-

417 2243 609 2279 versitatis
640 2250 780 2289 create,
809 2241 903 2290 quia
936 2255 979 2279 ex
1010 2242 1078 2278 illo
1112 2255 1202 2279 cum
1236 2242 1321 2278 aliis
1355 2243 1563 2290 generibus
1595 2255 1729 2279 rerum

415 2300 602 2337 iniciatus
654 2300 830 2349 quelibet
881 2299 1086 2337 individua
1134 2309 1329 2337 creatura.
1375 2302 1549 2337 Verbum
1594 2310 1727 2338 autem
1744 2308 1783 2341 35

416 2358 487 2394 Dei
541 2368 720 2395 eternum
767 2359 875 2406 quod
927 2366 984 2394 est
1029 2359 1191 2406 plenum
1236 2357 1426 2408 veritatis,
1472 2358 1596 2395 immo
1640 2358 1727 2406 ipsa

414 2416 572 2462 veritas,
607 2425 663 2452 est
685 2418 796 2452 Jesus
830 2415 1023 2462 Christus,
1059 2415 1130 2452 Dei
1164 2415 1266 2452 filius
1298 2416 1494 2453 naturalis
1527 2420 1585 2462 (ut
1617 2425 1726 2464 patet

413 2475 548 2510 Joh.10
560 2476 752 2522 etXlV0);
776 2483 812 2511 et
828 2475 1047 2511 secundum
1070 2474 1191 2510 talem
1213 2474 1441 2522 analogiam
1464 2474 1726 2522 producimur

483 2641 507 2671 3.
529 2642 624 2670 God.:
647 2643 823 2670 extriucico.
879 2652 908 2676 4.
930 2648 1009 2677 tam3
1031 2643 1141 2671 rectius
1163 2647 1281 2670 tautum
1303 2643 1358 2679 leg.
1380 2651 1446 2670 esse
1467 2642 1528 2670 vid.
1584 2642 1608 2669 5.
1630 2642 1725 2680 God.:

413 2678 632 2705 extrincecum.
760 2686 798 2704 12.
819 2678 851 2705 In
875 2687 988 2712 marga
1012 2678 1168 2705 obiectus.
1289 2678 1329 2705 ιδ.
1351 2679 1383 2705 In
1405 2686 1518 2711 marga
1539 2677 1724 2711 Responsio,

413 2720 456 2740 22.
477 2713 510 2740 In
532 2720 644 2747 marga
665 2713 871 2747 Augustinus.
946 2720 992 2747 29.
1015 2712 1109 2740 God.:
1131 2712 1241 2740 decidi.
1315 2711 1358 2739 38.
1381 2712 1475 2739 God.:
1496 2711 1682 2746 anologiam.

489 2819 538 2851 ¹9·
565 2808 616 2840 Cf.
637 2807 761 2844 Trial..
789 2819 867 2851 pag.
896 2807 952 2847 50,
979 2808 1032 2840 51.
1183 2818 1236 2839 22.
1272 2809 1306 2839 S.
1333 2808 1422 2848 Aug.
1449 2805 1724 2838 Confessionum

414 2853 469 2886 lib.
490 2855 549 2895 Xl,
575 2864 647 2897 cap.
667 2855 709 2886 X.
735 2854 868 2897 Opera,
896 2862 981 2886 tom.
1002 2855 1025 2894 l,
1051 2863 1129 2897 pag.
1153 2864 1228 2897 ¹99·
1333 2852 1386 2892 28,
1406 2852 1458 2884 33.
1483 2851 1600 2885 Jacobi
1628 2852 1651 2893 1,
1675 2852 1722 2884 18.
