1944 3323
69 897 106 917 10

70 1178 105 1210 15

122 247 258 276 sERMO
279 236 358 294 Lu]
609 248 782 280 'rER‘riA
810 248 939 279 PARS.
1649 237 1725 281 451

122 358 294 406 gloriam
335 369 411 405 que
450 365 508 392 est
549 354 818 404 particularis⁷
860 362 1146 390 momentanea
1185 361 1224 389 et
1264 352 1442 388 caduca?
1470 358 1721 398 xxssorldlyglory

123 415 380 465 particularis
406 415 511 460 dico,
536 414 644 463 quia,
678 414 771 450 licet
805 412 968 461 quidam
995 411 1105 447 stulti
1130 411 1298 447 laudant
1321 422 1441 458 prop·
1459 402 1731 456 moli]Zissillifss-‘and

122 485 231 511 terea
266 475 418 510 mundo
452 472 631 518 divitem,
665 472 733 508 alii
766 480 903 508 tamen
937 471 1072 519 plures
1107 478 1144 506 et
1169 468 1443 518 sapienciores
1512 461 1680 491 uncertain.

122 533 254 581 ipsum
289 532 500 580 increpant
532 539 744 580 tamquam
780 531 960 566 stultum.
996 528 1097 565 Dico
1131 528 1310 565 secundo
1334 527 1443 576 quod

122 591 187 627 illa
233 590 362 639 gloria
407 599 465 626 est
511 598 810 634 momentanea,
851 587 945 637 quia
986 587 1053 623 diu
1095 587 1182 632 erit,
1223 594 1443 634 antequam

124 650 351 686 mundanus
385 648 424 684 in
459 647 545 684 istis
579 647 734 684 diviciis
767 648 937 695 gradum
973 646 1231 682 excellentem
1266 643 1446 692 attigerit

123 717 159 744 et
183 707 268 756 ipse
301 720 323 743 a
348 719 443 743 casu
466 706 607 743 habito
631 719 678 743 ac
701 705 822 742 divite
855 718 877 741 a
911 706 1063 741 mundo
1097 713 1274 750 mortuo,
1307 702 1444 740 statim

123 767 207 803 eius
252 765 450 802 memoria
495 765 687 813 sepelitur
726 773 763 801 et
802 776 876 813 pro
918 772 1103 811 tempore
1142 775 1223 811 quo
1262 771 1321 799 est
1359 762 1445 798 laus

121 825 182 862 vel
216 824 415 861 memoria
449 823 589 860 mundi
623 822 830 860 recencior
863 835 1006 870 parum
1039 830 1108 858 aut
1130 820 1256 858 nichil
1279 821 1446 868 prodest

124 882 237 920 diviti
282 882 361 919 iam
409 882 611 918 defuncto.
658 884 706 917 Et
747 881 837 918 dico
883 880 1010 917 tercio
1051 881 1160 928 quod
1207 878 1445 916 diviciarum

124 941 411 990 temporalium
445 940 572 988 gloria
605 949 662 976 est
688 941 853 985 caduca,
879 939 970 987 quia
998 938 1144 975 infiniti
1167 950 1283 974 casus
1307 936 1447 973 mundi

124 1008 292 1049 possunt
325 999 560 1047 contingere
591 998 658 1047 qui
694 998 861 1035 divicias
895 998 994 1034 tales
1028 1010 1049 1033 a
1084 996 1205 1034 divite
1238 994 1447 1033 miserabi-

122 1059 213 1095 liter
252 1067 420 1107 possunt
460 1057 628 1106 eripere.
673 1059 776 1093 Nam
818 1065 855 1092 et
900 1056 1007 1092 idern
1054 1064 1112 1091 est
1156 1054 1351 1091 iudicium
1399 1055 1447 1090 de

124 1118 330 1153 mundana
363 1115 492 1163 gloria
515 1116 650 1165 quoad
683 1115 788 1151 bella
820 1115 881 1151 vel
914 1114 992 1150 alia
1024 1113 1244 1150 laudabilia
1278 1113 1446 1149 fundata

123 1176 163 1211 in
197 1177 303 1212 bono
337 1174 520 1222 corporis
552 1173 741 1210 naturali.
777 1176 888 1209 Bona
912 1181 1046 1209 autem
1070 1171 1229 1208 virtutis
1253 1180 1290 1208 et
1313 1170 1446 1219 gracie
1479 1172 1720 1222 Spiritualtgifts

125 1242 336 1282 expectant
367 1232 654 1281 longanimiter
688 1231 792 1268 diem
829 1231 959 1268 finalis
993 1230 1131 1267 iudicii
1164 1239 1201 1266 et
1233 1238 1328 1266 tunc
1359 1229 1446 1265 uni-
1503 1216 1553 1234 ωε
1573 1208 1695 1242 lasnng.

123 1291 330 1329 x'ersaliter
365 1300 401 1327 et
425 1291 656 1328 eternaliter
681 1299 718 1327 et
743 1290 935 1326 firmitate
959 1298 1156 1338 perpetua
1179 1288 1445 1337 premiantur.

125 1351 223 1397 Quis
265 1363 358 1398 ergo
399 1350 542 1386 habens
581 1350 684 1386 hanc
711 1350 837 1399 fidem
884 1357 923 1384 ut
965 1361 1137 1399 granum
1182 1348 1327 1396 sinapis
1365 1359 1448 1383 non

124 1408 359 1446 transitoria
398 1408 466 1444 illa
509 1421 555 1444 ac
594 1407 764 1444 noticias
806 1408 1004 1443 humanas
1044 1406 1265 1442 dimitteret
1299 1414 1335 1442 et
1369 1405 1447 1454 spi-

67 1481 81 1501 2
125 1467 289 1504 rituales
323 1466 488 1503 divicias
521 1479 567 1502 ac
600 1465 794 1502 noticiam
830 1465 922 1501 fidei
955 1464 1188 1501 affectaret?

67 1761 107 1794 25

68 2055 109 2086 30

71 2346 109 2378 35

39 2620 112 2651 Fot

32 2664 113 2698 288b

183 1525 300 1562 Circa
330 1526 432 1562 hanc
462 1525 674 1573 epistolam
701 1524 907 1561 dubitatur
931 1533 1065 1559 utrum
1091 1524 1247 1571 regulas
1271 1522 1447 1570 prelacie
1518 1523 1694 1563 Antipha&

124 1594 161 1620 et
207 1584 416 1620 militantis
462 1583 628 1620 ecclesie
682 1591 842 1631 oportet
895 1584 1116 1619 secundum
1171 1580 1443 1618 variacionem
1471 1559 1738 1621 ῐῇἶέᾞῖῗιςῃῖξῗιῖἑ

124 1642 320 1691 temporis
344 1641 504 1687 variari,
536 1651 573 1678 et
596 1641 754 1678 videtur
778 1642 887 1690 quod
911 1641 968 1677 sic
992 1653 1036 1677 ex
1059 1640 1170 1689 praxi
1194 1640 1445 1688 prelatorum
1474 1628 1730 1692 (ξ’ἑῗξοξζῐῗὲᾛξέ

125 1701 305 1738 ecclesie.
351 1703 433 1737 Nec
470 1700 628 1737 videtur
668 1700 777 1737 racio
821 1713 946 1748 quare
986 1713 1059 1748 pro
1099 1698 1330 1735 diversitate
1369 1697 1446 1734 1061
1480 1696 1602 1738 fastiiqn
1624 1698 1659 1726 of
1676 1698 1726 1726 the

125 1769 182 1796 est
216 1760 255 1796 in
289 1772 411 1807 opere
444 1758 698 1805 variandum,
733 1759 830 1808 quin
865 1771 935 1807 per
968 1758 1074 1795 idem
1109 1771 1182 1806 pro
1216 1756 1447 1793 diversitate
1574 1742 1644 1761 1me.

125 1817 341 1866 temporis;
374 1817 464 1853 ideo
499 1830 588 1854 cum
623 1817 760 1854 omnia
793 1825 1031 1864 argumenta
1066 1829 1142 1864 que
1164 1824 1334 1864 possunt
1358 1814 1447 1862 capi

127 1889 170 1913 ex
213 1877 289 1912 fide
335 1876 534 1924 scripture
578 1876 639 1912 vel
687 1888 809 1924 opere
856 1884 1090 1912 sanctorum
1138 1867 1319 1923 priorum
1366 1885 1447 1908 uno

128 1935 225 1972 flatu
258 1934 407 1971 diaboli
443 1934 730 1981 dissolvuntur,
766 1933 947 1983 sequitur
981 1935 1090 1982 quod
1114 1946 1188 1981 pro
1213 1931 1448 1969 diversitate

129 1993 322 2042 temporis
369 1992 640 2030 diversimode
686 2002 744 2030 est
787 1993 1001 2041 agendum.
1058 1993 1150 2028 Ideo
1195 1990 1293 2027 dicit
1337 1989 1449 2026 Anti-

127 2051 301 2088 christus
335 2053 458 2100 quod‚
492 2051 595 2088 sicut
629 2053 773 2088 modus
807 2063 901 2087 suus
935 2050 1133 2100 operandi
1169 2058 1206 2086 et
1239 2048 1448 2097 regulandi

127 2110 183 2146 illi
216 2109 393 2158 tempori
427 2111 688 2158 congruebat,
729 2110 785 2147 sic
826 2111 970 2146 modus
1002 2101 1163 2146 vivendi
1197 2109 1447 2157 prelatorum

127 2168 380 2217 presencium
421 2168 507 2205 istis
547 2182 654 2205 nunc
688 2168 887 2217 congruit.
934 2169 1016 2205 Nec
1050 2179 1094 2204 ex
1127 2180 1267 2204 eorum
1302 2166 1450 2202 discre-

126 2226 271 2275 pancia
304 2235 396 2263 sunt
428 2226 573 2275 prelati
606 2227 726 2264 hodie
766 2226 1027 2276 reprobandi,
1068 2227 1136 2262 sed
1170 2233 1364 2274 quantum
1400 2225 1450 2260 ad

127 2285 237 2322 illam
254 2284 491 2322 Antichristi
514 2285 756 2323 instanciam
782 2286 960 2323 cavenda
984 2293 1043 2321 est
1066 2283 1266 2333 imprimis
1290 2282 1449 2319 fallacia

129 2352 443 2392 consequenter;
488 2343 574 2392 ipsa
623 2344 728 2381 enirn
776 2353 834 2381 est
873 2342 1034 2380 fallacia
1073 2351 1181 2379 extra
1222 2341 1448 2378 diceionem

128 2414 204 2450 que
249 2401 444 2450 competit
489 2415 660 2439 numero
701 2403 986 2451 superborum.
1033 2401 1348 2437 Concedendum
1393 2407 1451 2435 est

128 2460 264 2508 itaque
288 2461 397 2509 quod
429 2460 562 2509 praxis
594 2460 796 2498 viancium
830 2469 912 2497 tam
937 2460 1188 2508 prelatorum
1214 2471 1335 2507 quam
1360 2458 1451 2493 sub-

129 2518 306 2554 ditorum
356 2527 416 2555 est
462 2520 684 2556 secundum
729 2518 1002 2556 diversitatem
1049 2517 1245 2566 temporis
1283 2515 1449 2561 variata,

129 2577 199 2612 sed
233 2578 453 2613 cavendum
489 2586 547 2614 est
588 2579 636 2614 de
676 2577 752 2614 ista
792 2576 900 2625 turpi
941 2576 1101 2613 fallacia
1140 2574 1310 2618 diaboli;
1358 2587 1451 2622 ergo

129 2643 187 2670 est
227 2634 282 2671 sic
315 2635 520 2672 varianda.
567 2636 725 2672 Scimus
758 2635 921 2684 quidem
958 2647 1001 2671 ex
1035 2634 1112 2670 fide
1140 2629 1144 2687 1
1175 2634 1283 2682 quod
1317 2632 1347 2669 si
1383 2644 1452 2680 per

129 2692 381 2741 luipossibile
427 2693 545 2730 fuerit
589 2708 660 2742 per
705 2706 939 2742 processum
979 2692 1175 2741 temporis
1214 2691 1348 2728 taliter
1386 2703 1452 2726 va-

199 2815 558 2843 26.c0d.:cun1deen.
616 2816 980 2852 28.scqussur;cod.:s.
1037 2813 1452 2850 29.Cod.:tmnpoffispro.

204 2888 253 2920 18.
284 2888 405 2919 Manh.
435 2889 618 2932 X&H1,x9.

1245 2953 1321 2980 20*
