1944 3323
121 232 258 264 SERMO
281 223 332 283 1„.]
606 238 783 271 'marm
811 239 935 272 PARS.
1642 234 1718 280 431

117 347 243 384 stolus
277 346 411 384 flectat
434 358 562 394 genua
596 347 824 395 corporalia
861 349 986 396 (quod
1021 356 1077 384 est
1101 347 1324 396 probabile)
1354 347 1434 384 sive

115 417 245 452 genua
294 405 518 453 spiritualia
574 406 700 454 (quod
750 414 807 442 est
860 405 986 453 magis
1038 405 1279 454 probabile),
1326 416 1434 454 patet

116 463 245 511 ipsum
281 476 397 500 orare
430 466 556 499 Deum
591 472 747 511 patrem
783 464 989 500 humiliter
1022 477 1093 512 pro
1133 464 1202 501 illo
1236 466 1343 513 quod
1377 477 1435 501 sc-

117 534 210 558 cure
255 521 414 558 estimat
458 534 541 558 esse
587 523 779 558 dandum.
826 522 890 559 Sic
935 522 1040 559 enim
1081 522 1263 559 Christus
1308 522 1435 559 oravit

83 581 190 627 5pro
229 580 431 625 fratribus,
473 580 738 628 exemplando
778 580 866 617 aliis
898 593 1015 617 orare
1053 581 1239 617 similiter
1278 590 1315 617 et
1354 594 1435 617 me-

116 639 254 674 rendo.
289 640 389 674 Sunt
422 646 557 675 autem
591 651 720 686 genua
754 638 897 675 mentis
929 640 990 676 vel
1023 638 1226 675 interioris
1260 639 1434 675 hominis

114 695 155 732 in
187 696 331 745 quibus
365 697 488 733 homo
522 697 782 733 considerans
815 709 1049 745 processum
1083 710 1199 734 suum
1235 710 1257 734 a
1280 700 1365 734 Deo
1399 707 1436 734 et

114 754 371 802 fragilitatem
406 754 628 803 propriam,
663 757 883 792 secundum
919 768 1017 805 quas
1058 755 1235 805 applicat
1268 756 1308 792 in
1342 769 1436 793 con-

115 812 366 849 sideracione
399 812 540 849 humili
574 813 642 850 illa
675 815 725 850 ad
764 813 950 859 invicem,
985 823 1022 850 et
1056 814 1316 851 considerans
1349 814 1436 863 ipsa

60 871 322 907 tohumiliter
354 871 538 908 attribuit
571 871 891 920 complecionem
926 885 1065 909 eorum
1100 872 1265 909 Domini
1296 873 1430 909 volun-

114 929 205 975 tati3
249 942 323 966 nec
367 929 451 966 sine
492 930 565 977 tali
610 930 806 967 fleccione
850 931 955 967 valet
1009 930 1048 966 in
1100 940 1240 967 orante
1294 931 1435 968 fleccio

113 1000 286 1035 genuum
320 988 555 1036 corporalis.
600 990 679 1025 Sed
711 988 837 1025 tercio
875 990 1114 1035 notandum,
1149 1002 1241 1026 cum
1274 998 1436 1037 oportet

112 1058 274 1082 omnem
315 1047 501 1083 celestem
548 1046 831 1094 paternitatem
877 1056 914 1083 et
959 1056 1190 1084 terrestrem
1237 1060 1258 1084 a
1303 1057 1435 1096 pater-

112 1103 238 1141 nitate
272 1104 396 1152 patris
429 1105 480 1141 ad
514 1105 640 1141 filium
674 1104 897 1150 nominari:
932 1114 969 1141 et
993 1105 1173 1154 loquitur
1198 1107 1245 1142 de
1268 1106 1434 1142 nomine

59 1162 95 1194 15
112 1162 223 1208 reali,
265 1165 472 1211 quomodo
511 1163 797 1200 denominatur
835 1163 1061 1200 subiectum
1095 1164 1255 1201 realiter
1288 1165 1337 1200 ab
1371 1177 1435 1201 ac-

113 1220 369 1258 cide11te.vel
407 1222 537 1258 forma
583 1221 660 1258 alia
699 1234 776 1270 que
816 1221 891 1258 sibi
936 1221 1120 1266 infuerit3
1166 1222 1299 1260 omnis
1340 1236 1434 1271 ergo

112 1278 333 1327 paternitas
368 1279 439 1316 Dei
479 1281 530 1316 ad
569 1280 733 1328 angelos
773 1292 849 1329 que
890 1289 947 1316 est
986 1281 1208 1328 paternitas
1246 1281 1286 1317 in
1327 1281 1433 1326 celis,

112 1336 213 1374 sicut
259 1347 296 1374 et
340 1338 471 1374 omnis
515 1338 737 1386 paternitas
784 1338 958 1375 hominis
1011 1340 1060 1375 ad
1107 1339 1313 1376 hominem
1359 1352 1434 1388 que

112 1396 334 1443 paternitas
368 1405 425 1433 est
458 1396 498 1432 in
530 1405 650 1443 terra,
685 1397 816 1433 omnis
858 1397 1056 1445 (inquam)
1089 1398 1179 1435 talis
1212 1398 1435 1446 paternitas

55 1454 335 1502 2ooriginatur
380 1468 422 1492 ex
464 1455 706 1503 paternitate
744 1455 870 1504 patris
915 1457 965 1492 ad
1006 1455 1146 1502 filium,
1193 1456 1232 1492 in
1277 1465 1434 1492 tantum

113 1514 219 1561 quod
254 1513 474 1561 paternitas
508 1513 633 1561 patris
664 1514 864 1550 mendacii
894 1515 943 1551 ad
967 1527 1059 1550 suos
1084 1514 1186 1550 filios
1210 1514 1435 1562 originatur

112 1570 306 1608 indirecte
340 1584 382 1608 ex
417 1571 483 1608 illa
516 1572 772 1620 paternitate,
815 1574 862 1609 de
896 1581 1047 1621 quanto
1081 1573 1185 1621 sapit
1218 1572 1433 1610 iusticiam.

170 1629 277 1665 Finis
317 1639 451 1666 autem
492 1630 652 1678 planior
691 1630 893 1667 oracionis
932 1631 1116 1678 Apostoli
1162 1630 1234 1667 fuit
1275 1631 1353 1677 ille,
1394 1641 1435 1667 ut
1465 1637 1509 1663 He
1531 1638 1644 1677 ιιι-τιμά
1668 1639 1715 1666 for

112 1688 177 1723 det
223 1687 300 1723 illis
345 1688 524 1735 graciam
567 1688 769 1725 Christum
817 1689 855 1725 in
896 1689 951 1725 eis
993 1689 1174 1726 habitare
1214 1691 1433 1726 secundum
1512 1675 1674 1743 ζῖἰᾞξξὲις

56 1746 315 1782 &racionem
359 1760 437 1795 qua
476 1747 584 1795 ipsos
624 1759 714 1783 vere
759 1747 993 1783 denominet
1038 1748 1299 1790 christianos;
1347 1748 1436 1784 ideo

112 1804 292 1852 sequitur
326 1805 363 1841 in
397 1814 503 1842 textu
539 1806 743 1853 Apostoli:
778 1815 820 1842 ut
855 1807 915 1842 det
958 1806 1061 1841 vohis
1098 1808 1306 1842 secundum
1342 1807 1437 1842 (livi-

113 1863 192 1898 cias
222 1864 353 1913 glorie
384 1876 451 1899 sue
484 1864 627 1900 virtute
659 1865 918 1900 c‹›rr‹)b‹›rm·1'
943 1877 1019 1913 per
1049 1865 1229 1913 spiritum
1269 1865 1349 1901 eius
1381 1865 1435 1900 in-

112 1921 294 1957 teriorem
329 1922 518 1958 hominem
548 1923 746 1959 Christum
781 1923 957 1958 hahitare
985 1924 1204 1973 perfidem
1239 1924 1274 1959 1⁷11
1308 1924 1435 1959 cordi-

112 1980 181 2015 bus
214 1980 365 2015 vestris.
401 1980 528 2016 Huius
562 1990 697 2017 autem
732 1990 860 2017 textus
895 1982 1149 2018 construccio
1173 1982 1329 2019 videtur
1353 1995 1437 2018 esse

55 2039 96 2071 3¹0
113 2039 286 2074 obscura
319 2038 534 2087 aliquibus,
569 2038 662 2076 licet
696 2039 858 2076 indubie
898 2039 1074 2081 subtilis;
1109 2040 1267 2077 videtur
1302 2050 1435 2076 autem

112 2095 168 2132 sic
208 2108 325 2144 posse
365 2096 553 2144 intelligi:
595 2097 702 2134 Finis
743 2111 813 2145 per
852 2110 892 2133 se
933 2099 1061 2135 bonus
1095 2107 1131 2135 et
1165 2098 1281 2134 nobis
1315 2098 1435 2141 utilis,

113 2167 182 2190 cur
224 2155 279 2190 sic
325 2167 396 2190 oro
443 2164 514 2201 est,
560 2164 602 2191 ut
642 2158 747 2192 Deus
793 2165 908 2204 pater
948 2159 1012 2193 det
1058 2156 1170 2193 vobis
1215 2158 1435 2193 secundum

112 2212 276 2248 divicias
309 2213 436 2260 glorie
468 2227 550 2260 sue,
586 2222 622 2250 et
655 2227 736 2250 non
768 2217 988 2251 secundum
1024 2216 1256 2263 corporales
1280 2228 1325 2251 ac
1350 2228 1436 2251 cor-

113 2270 326 2318 ruptibiles
360 2271 526 2308 divicias
559 2273 818 2320 temporales,
853 2275 960 2321 quod
996 2273 1178 2309 Christus
1213 2286 1283 2321 per
1316 2274 1435 2310 fidem

55 2333 94 2365 ’55
113 2329 326 2366 formatam
354 2330 505 2366 habitet
521 2340 715 2379 perpetua
741 2331 974 2368 constancia
1000 2331 1038 2367 in
1066 2331 1254 2368 cordibus
1277 2332 1435 2371 vestris:

114 2389 221 2435 quod
257 2388 298 2423 fit
332 2388 362 2423 si
397 2401 467 2437 per
501 2390 607 2425 dona
640 2389 815 2437 Spiritus
849 2389 982 2426 Sancti
1026 2390 1206 2426 habeatis
1247 2390 1435 2426 virtutem

113 2445 153 2481 in
206 2445 438 2482 interiorem
493 2447 699 2483 hominem
758 2447 943 2494 infusam,
996 2457 1037 2484 ut
1089 2447 1252 2485 servetis
1304 2448 1436 2484 taliter

114 2503 230 2540 istam
269 2504 401 2541 tidem.
437 2507 484 2541 Et
508 2514 618 2553 patet
652 2507 859 2554 quomodo
893 2506 931 2542 in
972 2505 1057 2542 istis
1090 2506 1220 2542 verbis
1254 2519 1436 2554 expresse

113 2571 195 2598 tota
230 2562 407 2599 Trinitas
449 2563 696 2600 nominatur.
744 2566 856 2600 Patet
897 2564 1022 2601 eciam
1065 2566 1272 2613 quomodo
1307 2567 1434 2601 Deum

52 2633 96 2663 40
114 2630 269 2668 patrem
317 2623 538 2658 concedere
578 2622 781 2658 Christum
829 2622 884 2658 sic
936 2622 1117 2659 habitare
1162 2622 1201 2658 in
1247 2623 1435 2659 cordibus

116 2679 288 2714 liliorum
331 2679 513 2727 procedit
555 2693 595 2716 ex
637 2681 783 2716 eternis
818 2680 984 2726 diviciis,
1027 2694 1114 2717 cum
1151 2681 1200 2717 sit
1234 2681 1433 2717 inlinitum

184 2805 211 2828 N.
233 2803 329 2829 cod:
353 2803 523 2829 secundnm
546 2804 646 2830 tibias.
734 2812 770 2831 12,
794 2805 825 2831 Ιιι
849 2813 961 2838 mai-gr:
986 2804 1009 2831 3.
1094 2812 1138 2839 27.
1160 2804 1255 2831 eom:
1279 2805 1434 2830 virtutem.

190 2875 241 2906 20.
271 2876 361 2917 Eph.
390 2876 443 2913 ιιι,
471 2876 594 2918 1‹3,17.
