1944 3323
158 219 238 265 498
738 224 959 257 JOHANNIS
977 223 1159 256 WYcrir
1179 223 1434 256 SERMONUM
1488 209 1638 268 [SERMO
1660 220 1751 248 Lvn.

446 344 558 381 peres
590 344 672 368 non
704 331 848 367 debent
871 330 1011 366 fratres
1045 329 1084 366 in
1118 329 1391 378 hospitalitate
1425 338 1506 366 tam
1542 329 1681 366 divites
1713 329 1753 366 in

446 390 671 439 hospicium
711 401 826 425 suum
866 388 1056 436 recipere,
1095 387 1322 435 specialiter
1361 401 1451 424 cum
1490 388 1629 424 fratres
1669 396 1752 424 tam

446 448 603 497 spissim
645 447 883 484 edificantur
921 446 1029 494 quod
1068 445 1335 482 communiter
1373 445 1473 482 infra
1509 447 1646 482 decem
1680 445 1753 482 mi-

446 506 561 543 liaria
593 507 715 542 homo
749 505 913 540 domum
948 504 1115 540 fratrum
1151 503 1333 540 inveniet.
1381 506 1428 539 Et
1463 503 1752 540 consonancius

446 565 547 601 foret
586 564 693 612 quod
732 563 875 598 domus
918 562 1086 598 fratrum
1133 561 1284 598 ordinis
1324 561 1545 610 hospitaret
1590 562 1786 598 fratrem5

446 621 608 659 alterius
631 620 783 658 ordinis
809 633 928 668 quam
954 620 1061 668 quod
1090 619 1191 656 foret
1220 632 1242 655 a
1270 632 1447 667 paupere
1475 619 1597 655 seculi
1621 619 1755 668 hospi-

446 689 572 723 tatus;
607 692 700 727 ergo
733 679 854 715 frater
885 690 966 714 non
999 678 1115 714 debet
1147 677 1279 714 taliter
1311 677 1512 725 superflue
1545 677 1753 725 hospitari.

176 745 280 773 Friars
301 745 410 772 should
504 740 552 773 Et
576 736 680 773 idem
716 745 772 772 est
805 744 1085 783 argumentum
1120 736 1167 771 de
1198 737 1319 772 domo
1353 735 1650 783 possessionata
1679 748 1755 783 que

158 780 431 842 „flssfhsssssssslssh
447 795 609 832 racione
644 793 855 842 multiplici
889 794 977 842 plus
1009 793 1210 841 obligatur
1243 794 1291 830 ad
1324 806 1446 841 opera
1481 792 1755 830 misericordie

448 863 484 890 et
529 854 616 901 plus
662 865 782 901 quam
827 850 1016 888 secularis
1055 851 1243 887 fratribus
1281 850 1493 887 similatur.
1540 852 1812 897 Quomodo10

448 924 539 959 ergo
589 923 669 946 non
720 918 907 958 caperent
958 909 1181 945 mundiales
1234 910 1457 957 exemplum
1510 910 1557 945 de
1609 909 1754 945 talibus

448 968 651 1017 religionis
684 968 837 1016 private
870 976 906 1003 et
936 967 1162 1016 specialiter
1185 968 1318 1015 quoad
1353 979 1432 1013 eos,
1467 966 1610 1015 quibus
1640 968 1756 1003 debet

448 1026 612 1064 affeccio
654 1039 736 1062 esse
778 1024 925 1070 maior;
961 1026 1067 1074 quod
1103 1024 1134 1061 si
1168 1025 1325 1061 dicatur
1358 1026 1466 1073 quod
1498 1024 1562 1060 isti
1595 1024 1683 1073 plus
1715 1037 1756 1061 se

448 1085 602 1131 odiunt,
637 1084 894 1120 manifestum
931 1093 987 1119 est
1021 1084 1127 1131 quod
1160 1092 1254 1119 tunc
1287 1092 1377 1119 sunt
1409 1082 1566 1131 peiores
1600 1082 1686 1119 aliis
1720 1091 1756 1119 et

448 1142 649 1190 religionis
693 1155 804 1187 vane,
851 1141 1172 1189 indignificantes
1216 1154 1255 1177 se
1299 1141 1406 1189 ipsos
1450 1149 1492 1176 ut
1536 1140 1669 1177 vivant
1713 1146 1812 1177 ex15

449 1200 581 1237 divino
614 1200 803 1248 suffragio
835 1200 896 1235 vel
929 1201 1035 1247 apud
1069 1199 1224 1247 aliquos
1258 1198 1523 1247 hospitentur.

177 1266 264 1302 They
286 1266 361 1292 have
382 1274 415 1292 so
506 1258 716 1303 Similiter,
758 1271 846 1294 cum
893 1258 1039 1293 habent
1072 1256 1313 1305 temporalia
1353 1258 1402 1293 ad
1443 1256 1636 1293 excessive
1676 1255 1757 1292 edi-

162 1300 434 1368 tss³2{{¹{1¹1¹0},-Vgssgffid
453 1316 653 1352 ficandum
699 1315 773 1352 sibi
813 1317 955 1351 domos
994 1315 1216 1363 superfluas
1256 1324 1292 1351 et
1325 1316 1375 1351 ad
1413 1314 1639 1350 faciendum
1680 1313 1756 1350 alia

168 1375 221 1397 not
242 1367 361 1440 bgggffl
382 1371 431 1396 ¹¹¹0
451 1386 573 1422 opera
615 1373 930 1410 extraordinaria
975 1382 1223 1421 sumptuosa,
1261 1372 1417 1408 videtur
1455 1374 1562 1420 quod
1602 1373 1649 1407 de
1687 1371 1756 1407 tali

335 1425 340 1430 ⁸
450 1431 632 1480 pecunia,
684 1444 732 1467 ne
782 1431 859 1467 sint
904 1431 1064 1468 onerosi
1108 1429 1364 1479 pauperibus,
1411 1431 1555 1466 debent
1600 1441 1643 1465 ex
1686 1429 1755 1465 tali
1774 1445 1814 1466 20

450 1489 754 1537 extravagancia
807 1501 846 1525 se
898 1488 1052 1531 iuvare;
1105 1488 1160 1524 sic
1213 1487 1317 1524 enim
1371 1487 1515 1535 legitur
1574 1496 1756 1523 sanctum

448 1549 648 1584 Thomam
683 1547 722 1583 in
755 1547 865 1583 India
895 1546 1007 1595 quasi
1040 1546 1375 1582 innumerabilem
1409 1545 1619 1593 pecuniam
1654 1545 1756 1593 regis

450 1605 673 1642 Gundofori
690 1605 845 1641 dedisse
869 1603 1125 1653 pauperibus,
1151 1613 1301 1652 quanto
1326 1603 1451 1651 magis
1474 1605 1574 1640 ordo
1590 1603 1756 1639 fratrum

448 1663 616 1700 innuens
660 1676 700 1699 se
744 1662 782 1698 in
834 1663 1085 1711 perfeccione
1134 1675 1255 1710 supra
1298 1662 1505 1709 apostolos
1551 1662 1598 1697 de
1644 1661 1758 1697 bonis

448 1721 623 1770 propriis
662 1720 851 1757 fratribus
892 1720 972 1757 suis
1011 1719 1051 1757 in
1097 1720 1441 1768 evangelizacione
1484 1719 1759 1755 laborantibus
1776 1724 1815 1756 25

449 1781 557 1828 quod
592 1788 649 1815 est
673 1791 772 1827 opus
807 1778 978 1815 maxime
1011 1778 1261 1814 meritorium
1293 1777 1553 1813 ministretur.
1588 1778 1661 1812 Per
1684 1777 1759 1812 hoc

449 1849 542 1885 ergo
572 1838 679 1885 quod
709 1845 791 1873 tam
820 1845 1002 1885 patenter
1031 1845 1088 1872 est
1118 1836 1157 1871 in
1180 1835 1256 1872 illis
1280 1843 1335 1872 est
1357 1843 1391 1871 et
1413 1847 1499 1879 non,
1521 1834 1758 1882 negantibus

449 1895 489 1931 in
532 1896 608 1931 hoc
648 1894 796 1930 Christi
842 1894 993 1930 morale
1039 1893 1303 1942 principium:
1358 1893 1495 1929 Omnia
1544 1904 1759 1941 quecunque

452 1953 565 1989 vultis
588 1953 794 2001 utfaciant
827 1953 930 1988 vobis
962 1952 1133 1988 homines
1166 1952 1237 1987 lzoc
1269 1959 1304 1987 et
1325 1951 1450 1999 facite
1482 1950 1571 1996 illis,
1602 1949 1759 1985 videtur

450 2019 590 2058 patens
628 2010 822 2058 pluribus,
864 2011 969 2058 quod
1011 2019 1101 2046 sunt
1140 2009 1209 2044 filii
1244 2009 1367 2045 Belial
1407 2017 1443 2044 et
1482 2021 1563 2044 non
1596 2007 1757 2044 Christi.
1776 2012 1818 2045 30

453 2070 538 2113 Que
572 2081 664 2116 ergo
698 2067 1019 2104 communicacio
1055 2077 1111 2104 est
1145 2079 1234 2102 cum
1269 2066 1373 2102 illis?

198 2132 245 2160 To
267 2132 402 2171 har-bour
509 2127 711 2171 Quantum
752 2127 801 2162 ad
839 2125 945 2162 istud
986 2125 1150 2161 dubium
1189 2124 1345 2160 videtur
1386 2123 1481 2159 mihi
1515 2125 1623 2172 quod
1661 2136 1761 2159 nun-

164 2168 570 2237 erigiirifflgjgttl‘iemquam
604 2184 664 2219 vel
703 2196 793 2219 raro
834 2192 924 2219 sunt
957 2182 1099 2219 fratres
1134 2181 1363 2218 huiusmodi
1395 2182 1456 2218 vel
1489 2181 1555 2217 alii
1590 2180 1761 2217 mendici

183 2236 388 2298 Ῑῐῑςῑῖιῑξῐῑὲῃξὲἀ
449 2241 570 2277 validi
605 2241 736 2277 taliter
770 2240 1013 2289 hospitandi,
1049 2240 1278 2288 specialiter
1311 2253 1401 2276 cum
1434 2252 1515 2275 non
1540 2240 1683 2275 debent
1706 2239 1761 2275 sic

450 2298 580 2335 vivere
621 2308 657 2335 et
689 2311 759 2347 per
798 2311 1043 2347 consequens
1082 2299 1260 2335 foventes
1300 2310 1366 2333 eos
1406 2297 1445 2333 in
1485 2295 1684 2334 alimentis
1724 2305 1761 2332 et
1778 2300 1816 2332 35

451 2356 690 2404 tegumentis
723 2358 771 2393 ad
804 2356 925 2393 vitam
959 2356 1014 2392 sic
1047 2357 1259 2405 reprobam
1295 2369 1334 2392 se
1368 2354 1475 2403 ipsos
1515 2354 1761 2392 constituunt

453 2414 630 2450 criminis
664 2427 801 2451 eorum
836 2414 1064 2462 participes,

511 2474 557 2508 Et
591 2471 621 2508 si
653 2472 810 2509 dicatur
833 2474 941 2520 quod
974 2471 1285 2508 elemosinantes
1319 2472 1394 2507 hoc
1425 2470 1619 2516 nesciunt,
1654 2479 1763 2518 patet

453 2542 496 2566 ex
530 2530 607 2566 fide
640 2529 832 2578 evangelii
867 2531 974 2578 quod
1007 2539 1091 2566 tota
1125 2529 1293 2566 ecclesia
1326 2530 1443 2565 debet
1474 2541 1495 2563 α
1517 2528 1640 2577 falsis
1666 2541 1762 2577 pro-

525 2682 563 2708 17.
584 2675 617 2701 In
640 2682 753 2709 marg:
782 2673 806 2702 3.
903 2672 941 2701 31.
964 2674 1058 2702 Cod.:
1087 2674 1382 2701 commnnicacione.
1473 2672 1516 2701 32.
1538 2673 1570 2700 In
1593 2681 1687 2708 marg.
1709 2672 1762 2700 inf.

453 2709 504 2736 fol.
526 2709 594 2736 350⁸
614 2710 744 2736 without
765 2709 851 2736 mark
872 2709 906 2735 of
924 2709 993 2736 ref.:
1022 2708 1136 2736 Contra
1157 2709 1275 2736 validos
1297 2708 1515 2735 mendicantes.

525 2802 577 2823 22.
606 2791 658 2824 Cf.
678 2792 817 2834 Wyclif,
844 2792 895 2823 De
922 2793 1088 2831 Ecclesia,
1116 2803 1194 2835 pag.
1223 2792 1299 2835 369.
1413 2802 1467 2824 27.
1493 2792 1532 2824 11.
1561 2792 1639 2824 Cor.
1667 2791 1691 2831 I,
1713 2790 1763 2823 18.

457 2837 508 2870 ¹28.
535 2838 656 2870 Matth.
677 2839 745 2878 VII,
773 2848 819 2870 12.
921 2838 974 2881 39.
1001 2839 1122 2870 Mattb.
1144 2839 1215 2879 Vll,
1240 2840 1288 2871 15.
