1944 3323
159 267 296 295 shRMO
317 257 414 314 xm]
638 270 811 303 ΤΕΒΤΙΑ
839 272 967 304 pexus.
1692 281 1766 314 147

161 376 335 413 contrito
380 376 603 424 pertinens3
650 380 756 414 Deus
802 378 907 414 enim
953 379 1167 427 tripliciter
1212 389 1269 416 est
1314 380 1475 429 ubique.

162 434 431 482 Disponamus
471 447 564 483 ergo
597 448 670 472 nos
704 437 753 472 ad
787 436 1061 484 recipiendum
1097 446 1250 474 tantam
1284 438 1475 485 graciam,

162 505 251 529 cum
305 492 354 529 sit
407 501 487 529 tam
544 493 658 530 facile
710 493 812 530 sicut
866 494 1051 542 spiritum
1106 495 1324 543 inhaurire,
1386 509 1475 533 cum

162 551 322 587 Psalmo
363 552 555 597 CXV1110,
597 551 665 588 131
719 552 926 589 scribitur:
980 554 1033 589 Os
1083 567 1207 590 meum
1258 555 1398 604 aperui
1444 563 1477 591 et

128 609 316 645 5attraxi
344 609 539 658 spiritum,
573 610 659 658 quia
692 612 876 646 mandata
900 619 964 647 tua
989 612 1270 649 desiderabam.
1305 612 1478 649 Facilius

160 679 334 715 namque
367 675 424 703 est
457 666 614 715 aperire
646 681 690 705 os
715 669 860 705 mentis
883 682 1004 717 quam
1039 670 1239 718 corporis;
1273 679 1351 707 stat
1384 683 1478 718 ergo

161 724 377 773 disposicio
400 733 552 771 nostra,
583 735 626 762 ut
655 726 900 775 recipiamur
923 729 972 764 ad
997 740 1162 765 examen
1184 729 1317 777 gracie
1341 738 1478 777 aperte

160 782 199 818 in
237 782 459 831 negacione
498 792 535 820 et
574 784 853 822 affirmacione
891 794 1101 835 tamquam
1142 786 1180 823 in
1220 787 1399 824 leccione
1440 796 1477 823 et

162 850 295 877 cantu.
341 843 442 878 Nam
478 841 720 879 declinando
754 857 775 880 a
810 844 917 880 malo
951 853 989 880 et
1021 844 1208 881 faciendo
1242 846 1393 882 bonum
1436 845 1478 881 fit

107 900 284 935 iohomo
318 899 462 936 habilis
496 901 546 936 ad
578 901 758 949 graciam
791 914 838 938 eo
870 902 972 950 ipso.
1009 904 1103 939 Ideo
1137 902 1233 939 dicit
1255 904 1476 952 Apostolus

161 959 295 1006 quoad
340 957 604 1006 negacionem
650 961 759 1008 quod
804 960 947 996 nemini
989 961 1171 998 debemus
1215 962 1311 998 dare
1358 962 1476 998 ullam

161 1016 421 1065 offensionem,
472 1024 512 1052 ut
559 1030 631 1053 non
686 1018 928 1068 vituperetur
977 1019 1231 1055 ministerium
1288 1028 1476 1057 nostrum.

160 1076 262 1110 Nam
304 1074 544 1111 declinando
578 1088 600 1112 a
635 1076 742 1113 malo
775 1085 936 1125 oportet
970 1089 1110 1114 cavere
1142 1090 1191 1114 ne
1224 1077 1478 1115 offendamus

160 1132 301 1169 fratres
347 1134 538 1170 scandalo
584 1146 627 1170 ex
666 1134 783 1171 dictis
821 1136 882 1171 vel
926 1135 1116 1184 operibus
1162 1135 1293 1173 minus
1338 1136 1477 1177 rectis:

107 1193 143 1225 15
161 1191 271 1239 quod
304 1190 398 1228 licet
432 1191 601 1240 quilibet
626 1192 754 1229 fidelis
777 1194 895 1230 debet
918 1195 1138 1240 attendere,
1173 1194 1317 1242 prelati
1341 1203 1478 1231 tamen

160 1248 402 1297 specialiter,
437 1263 526 1286 cum
562 1250 603 1287 in
637 1250 860 1288 ministerio
894 1251 1049 1289 facilius
1081 1261 1250 1301 possunt
1273 1253 1478 1289 offendere

160 1306 200 1343 in
243 1307 458 1345 subiectos.
505 1311 553 1345 Et
599 1309 805 1357 signanter
850 1309 947 1346 dicit
985 1312 1205 1359 Apostolus
1251 1312 1359 1360 quod
1404 1324 1477 1347 non

158 1365 279 1402 simus
325 1367 460 1403 dantes
497 1367 617 1403 ullam
657 1368 916 1416 offensionem,
955 1368 1049 1417 quia
1094 1369 1259 1418 quidam
1306 1382 1349 1406 ex
1393 1370 1477 1417 lege

160 1423 232 1460 Dei
265 1423 496 1462 ministrare
529 1425 618 1462 aliis
652 1435 689 1462 et
722 1426 858 1463 iuvare
891 1427 1119 1464 omittendo
1159 1427 1258 1464 illud
1300 1427 1478 1464 ministe-

104 1494 145 1515 20
160 1480 264 1518 rium
299 1483 367 1519 dat
399 1483 664 1521 offensionem
698 1483 738 1520 in
770 1484 965 1522 subditos.

218 1541 272 1576 Ex
305 1553 385 1589 quo
419 1541 585 1590 quidam
619 1543 867 1579 concludunt
900 1544 1008 1591 quod
1042 1557 1147 1592 papa
1181 1553 1218 1580 et
1242 1544 1309 1581 alii
1333 1544 1477 1593 prelati
1505 1549 1572 1589 The
1594 1558 1674 1586 pope
1696 1551 1755 1578 and

160 1610 297 1646 segnes
331 1598 434 1636 inter
466 1613 606 1636 omnes
639 1600 791 1637 viantes
824 1602 914 1649 plus
938 1602 1084 1638 debent
1108 1602 1313 1648 fratribus,
1347 1611 1384 1639 et
1407 1615 1478 1651 per
1511 1585 1751 1648 glfflssffisfflffifgs

160 1668 408 1705 consequens
441 1657 532 1695 laici
566 1658 776 1695 dimittunt
809 1659 1012 1707 copiosius
1046 1659 1123 1697 illis
1157 1673 1227 1697 sua
1259 1660 1395 1697 debita
1417 1661 1478 1697 vel
1498 1656 1767 1718 ‘'iss2ff11ffil‘fgffi*

159 1723 338 1762 peccata,
373 1716 468 1752 dum
495 1726 630 1753 tamen
654 1717 900 1754 remissionis
924 1717 1156 1755 huiusmodi
1179 1727 1270 1755 sunt
1294 1731 1476 1767 capaces.
1493 1726 1564 1752 than
1588 1727 1715 1765 premia
1738 1724 1768 1753 io

102 1776 140 1808 25
158 1774 213 1808 Ex
258 1786 337 1821 quo
383 1773 624 1823 quibusdam
670 1775 826 1812 videtur
865 1775 1133 1813 inconsonum
1174 1789 1258 1814 esse
1298 1777 1477 1825 prelatos
1571 1767 1690 1795 given.

159 1830 389 1868 huiusmodi
424 1833 471 1869 de
504 1842 704 1881 potestate
738 1833 984 1870 remissionis
1024 1835 1178 1883 peccati
1219 1835 1477 1883 singulariter

158 1901 198 1925 se
221 1902 430 1938 pompare.
455 1891 691 1928 Affirmacio
715 1901 848 1929 autem
874 1905 995 1941 super
1018 1906 1097 1942 qua
1119 1893 1322 1930 stabilitur
1346 1902 1475 1930 totum

159 1947 364 1984 christiani
399 1948 666 1986 ministerium
700 1959 778 1987 stat
811 1950 851 1986 in
884 1950 960 1988 isto
991 1952 1099 2000 quod
1133 1952 1168 1988 in
1202 1952 1376 1988 omnibus
1408 1964 1476 1989 ex-

157 2005 354 2042 hibeamus
386 2020 454 2043 nos
482 2008 579 2044 sicut
602 2009 679 2045 Dei
707 2009 915 2046 ministros.
950 2009 1097 2046 Dicant
1119 2010 1316 2059 (inquam)
1339 2010 1476 2047 omnia

99 2067 281 2112 3oopera
325 2074 465 2102 nostra
510 2067 618 2115 quod
664 2080 802 2103 sumus
848 2067 985 2104 fideles
1033 2067 1135 2104 servi
1185 2067 1338 2105 domini
1383 2070 1475 2105 Jesu

158 2121 320 2168 Christi,
355 2132 392 2159 et
424 2132 520 2160 tunc
553 2127 922 2174 quomodocunque
955 2126 1324 2164 scandalizaremur
1347 2139 1369 2163 a
1393 2126 1475 2163 dia-

157 2181 250 2217 bolo
283 2182 344 2217 vel
378 2182 569 2219 membris
603 2183 686 2220 eius
726 2183 993 2220 ministerium
1033 2193 1217 2222 nostrum
1255 2198 1337 2221 non
1375 2185 1476 2221 vitu-

157 2238 363 2286 perabitur
396 2241 503 2288 apud
528 2243 677 2287 Deum;
711 2251 749 2278 et
778 2254 916 2279 revera
946 2255 1086 2279 eorum
1109 2242 1360 2292 vituperacio
1384 2256 1473 2279 cum

156 2297 459 2345 approbacione
492 2298 625 2336 divina
659 2309 716 2336 est
749 2300 987 2349 simpliciter
1020 2302 1342 2338 commendacio.

101 2357 139 2388 35
213 2356 275 2391 Ad
327 2357 568 2393 servandum
622 2367 757 2394 autem
811 2360 914 2396 hanc
966 2360 1148 2408 regulam
1202 2359 1468 2408 apostolicam
1503 2366 1685 2405 Prolatos-in
1708 2375 1757 2406 px-

156 2422 317 2461 oportet
350 2426 422 2450 nos
456 2414 662 2452 humiliter
685 2416 798 2465 sequi
822 2417 1028 2454 Christum
1062 2417 1102 2454 in
1136 2418 1325 2454 omnibus
1359 2417 1474 2454 factis
1496 2407 1759 2464 cffss‘³1¹,¹³(}}¹¹}gi¹1¹<}{{t²

61 2450 139 2537 ἔξιθ’,
155 2470 250 2507 suis.
285 2473 362 2507 Sed
396 2474 602 2520 quomodo
626 2477 780 2523 (queso)
810 2474 954 2523 prelati
984 2474 988 2526 Ι
1019 2475 1168 2512 cesarei
1202 2475 1475 2513 excommuni-
1496 2472 1545 2498 1¹¹⁰
1566 2473 1707 2534 ffiffffi‘k
1728 2477 1758 2498 0¹

84 2524 93 2528 ⁷
157 2538 249 2565 cant
283 2529 467 2566 homines
492 2530 531 2566 in
556 2531 720 2569 nomine
744 2533 899 2569 domini
922 2535 1013 2570 Jesu
1038 2533 1185 2570 Christi
1210 2547 1283 2583 pro
1307 2534 1476 2571 crimine
1647 2530 1649 2532 ’
1682 2530 1687 2536 ’

157 2599 200 2623 ex
250 2587 348 2624 falsa
399 2589 651 2636 suggestione
700 2592 1048 2639 pseudofratrum,
1108 2600 1324 2641 antequam
1377 2592 1475 2628 illud

97 2659 140 2689 40
156 2644 307 2681 crimen
340 2646 457 2682 fuerit
491 2647 545 2683 eis
579 2656 740 2694 notum;
776 2662 951 2698 cumque
984 2658 1117 2686 autem
1153 2650 1341 2687 dominus
1363 2653 1475 2687 Jesus

224 2812 253 2836 4.
276 2803 370 2831 Cod.:
394 2804 516 2831 Psalmo
539 2804 603 2832 X10.
678 2804 723 2840 37.
744 2807 838 2834 Cod.:
860 2808 979 2835 cesarii.

231 2909 281 2930 Η.
308 2899 390 2932 Cor.
409 2900 464 2937 Vl,
493 2900 522 2932 3.
622 2899 675 2932 28.
702 2901 748 2933 ib.
774 2913 807 2942 4.

1276 2972 1314 2993 10
