1944 3323
191 230 326 259 samio
348 219 389 278 1.]
681 232 855 264 TERTIA
885 232 1010 263 PARS.

191 349 376 388 ternpore
421 339 518 387 legis
561 338 694 388 gracie
739 339 932 375 debemus
975 338 1210 387 prompcius
1256 347 1292 374 et
1336 339 1510 376 velocius

192 411 312 447 quam
348 397 387 434 in
420 398 506 446 lege
538 396 660 434 veteri
696 398 745 433 ad
788 396 1077 433 beatitudinem
1119 409 1351 445 properare.
1398 399 1511 434 Unde

191 457 408 493 alludendo
448 455 512 492 isti
546 454 749 491 sentencie
783 455 930 491 dicitur
963 456 1068 504 apud
1104 456 1254 491 Ebreos
1288 457 1394 504 quod
1430 456 1512 492 dies

192 514 333 563 incipit
367 527 389 551 a
421 525 598 562 vespere,
635 513 729 562 quia
764 514 860 550 Gen.
887 515 934 560 1⁰,
961 527 985 560 4
1019 513 1227 550 scribitur:
1261 514 1423 550 Factum
1458 522 1513 550 est

158 577 350 622 5vespere
382 580 417 609 et
449 584 562 608 mane
594 572 674 608 dies
707 584 814 608 unns.
863 572 1017 620 Duplex
1055 571 1161 608 enim
1203 580 1261 608 est
1299 572 1511 619 generacio

192 630 356 667 humani
375 629 543 678 generis,
560 629 693 678 primo
711 629 907 667 naturalis
926 630 1134 666 includens
1153 642 1295 666 omnes
1315 630 1509 677 homines,

191 698 228 726 et
272 689 339 726 illa
379 687 484 738 cepit
523 701 545 725 a
585 701 748 737 vespere
786 689 848 724 vel
887 689 1052 725 tenebra
1090 697 1365 736 peccatorum,
1400 688 1512 725 cuius

190 746 466 796 generacionis
498 746 743 795 principium
781 755 838 783 est
871 747 1026 795 primus
1049 748 1192 783 Adam.
1227 748 1305 783 Sed
1334 748 1510 784 secunda

190 805 402 854 generacio
436 814 493 842 est
526 804 844 854 supernaturalis
878 818 954 854 que
987 805 1137 854 incepit
1166 818 1187 842 a
1219 805 1379 843 Christo
1409 814 1510 842 tam-

139 877 310 914 ioquam
346 864 429 901 eius
462 863 675 913 principio,
710 872 747 900 et
779 863 858 909 ille,
898 876 988 901 cum
1024 863 1073 900 sit
1095 876 1167 912 per
1189 876 1230 900 se
1252 864 1313 900 sol
1340 863 1508 901 iusticie.

191 922 418 960 necessario
453 931 510 959 est
543 923 606 958 lux
638 923 699 958 vel
733 934 862 968 mane,
897 922 988 958 ideo
1010 923 1194 958 vocando
1219 922 1323 958 diem
1350 935 1509 958 cursum

191 990 328 1018 nostre
359 980 555 1018 viacionis
589 980 794 1029 signanter
832 980 980 1017 dicitur
1020 981 1129 1029 quod
1168 989 1308 1017 nostra
1348 980 1431 1017 dies
1472 980 1509 1016 in

191 1041 276 1089 lege
330 1039 463 1088 gracie
515 1039 661 1076 virtute
705 1038 870 1075 secundi
915 1040 1044 1075 Adam
1092 1038 1233 1088 incipit
1279 1048 1444 1076 econtra
1489 1051 1510 1075 a

192 1110 322 1135 mane.
368 1100 422 1134 Ex
456 1097 532 1134 ista
564 1097 714 1146 triplici
748 1097 911 1134 racione
943 1097 999 1134 sic
1032 1096 1240 1134 concludit
1272 1098 1508 1146 Apostolus:

138 1160 174 1192 15
191 1156 410 1193 Abiciamus
439 1169 536 1207 ergo
561 1168 678 1206 opera
703 1156 951 1192 tenebrarum
976 1163 1010 1192 et
1033 1156 1244 1192 induamur
1265 1169 1377 1192 arma
1402 1156 1508 1192 lucis.

249 1216 384 1264 Opera
416 1223 551 1251 autern
584 1215 840 1250 tenebrarum
876 1223 968 1251 sunt
1000 1227 1125 1263 opera
1148 1223 1408 1263 peccatorum
1435 1227 1510 1263 que

191 1282 281 1310 sunt
314 1273 428 1310 istius
462 1271 725 1319 condicionis,
760 1273 868 1321 quod
903 1285 948 1309 eo
982 1272 1070 1321 ipso
1100 1286 1179 1322 quo
1203 1286 1326 1309 unum
1353 1272 1510 1310 affuerit

191 1331 365 1380 plurima
398 1331 654 1377 comitentur,
690 1340 727 1368 et
760 1331 948 1368 dicuntur
980 1333 1157 1378 tenebre,
1183 1331 1277 1380 quia
1299 1333 1512 1368 tenebrant

192 1399 229 1427 et
282 1390 436 1427 fatuant
480 1390 728 1426 intellectum
773 1398 810 1426 et
854 1389 948 1438 quia
993 1391 1146 1426 ducunt
1191 1389 1415 1427 subiectum
1463 1391 1512 1426 ad

134 1460 176 1481 20
193 1448 373 1497 duplices
389 1449 576 1485 tenebras
592 1447 825 1493 infernales;
850 1460 926 1497 que
942 1447 1035 1497 quia
1054 1457 1144 1485 sunt
1164 1457 1272 1485 extra
1291 1449 1511 1486 hominem.

191 1516 387 1544 vocantur
421 1520 442 1544 a
475 1506 636 1544 Christo
669 1507 822 1543 tenebre
854 1507 1081 1543 exteriores.
1135 1507 1257 1543 Arma
1293 1507 1390 1544 lucis
1421 1516 1512 1543 sunt

191 1565 357 1602 virtutes
389 1564 639 1602 condicionis
669 1564 856 1613 opposite
879 1566 928 1602 ad
954 1574 1139 1613 peccata:
1175 1565 1372 1602 inducunt
1405 1565 1508 1602 enim

103 1649 176 1680 FO]-
192 1623 416 1660 subiectum
463 1624 513 1660 ad
558 1624 728 1660 salutem
767 1635 858 1660 vere
897 1623 1164 1672 intelligencie
1203 1623 1429 1661 intellectus
1475 1632 1511 1660 et

95 1693 177 1727 238¹²
191 1683 342 1718 ducunt
366 1681 538 1718 finaliter
566 1677 570 1735 1
600 1682 649 1718 ad
680 1682 808 1718 lucem
835 1681 1037 1730 duplicem
1063 1681 1335 1727 beatitudinis,
1361 1681 1511 1719 scilicet

136 1741 320 1777 25lucem
375 1740 627 1788 corporalem
683 1740 868 1776 celestem
923 1749 959 1776 et
1009 1741 1140 1777 lucem
1192 1739 1509 1777 inaccessibilem

189 1798 411 1835 Trinitatis.
459 1797 569 1835 Licet
602 1807 736 1835 autem
768 1807 934 1846 peccata
968 1811 1052 1835 sese
1086 1798 1330 1835 comitentur
1362 1807 1404 1835 ut
1437 1798 1512 1835 vir-

190 1866 307 1903 tutes,
341 1865 647 1906 verumptamen
680 1857 846 1893 virtutes
886 1865 1137 1906 exsuperant,
1177 1857 1279 1894 sicut
1319 1857 1513 1894 exercitus

191 1917 391 1952 bonorum
432 1916 665 1964 angelorum
707 1924 917 1964 exsuperat
958 1915 1173 1953 exercitum
1216 1916 1436 1961 malorum3
1477 1924 1513 1952 et

191 1974 282 2011 ideo
305 1973 510 2022 signanter
531 1974 750 2022 Apostolus
773 1975 879 2010 nude
901 1983 1019 2011 vocat
1049 1987 1173 2023 opera
1203 1974 1359 2022 peccati
1393 1986 1511 2024 opera

135 2034 176 2067 30
191 2033 452 2080 tenebrarum,
485 2033 553 2069 sed
577 2033 936 2081 superexcellentes
958 2032 1125 2070 virtutes
1148 2041 1264 2069 vocat
1288 2032 1512 2069 defensoria

190 2104 302 2127 arma
326 2091 432 2127 lucis.
459 2093 628 2127 Peccata
652 2090 757 2127 enim
782 2091 1006 2128 subiectum
1033 2092 1255 2136 destruunt,
1275 2103 1356 2127 non
1380 2091 1512 2127 defen-

191 2150 302 2195 dunt,
322 2151 390 2186 sed
415 2149 580 2186 virtutes
605 2149 824 2186 defendunt
847 2162 868 2186 a
893 2149 1073 2196 crimine,
1093 2150 1142 2186 ab
1166 2149 1253 2198 ipso
1278 2149 1451 2197 dyabolo
1475 2157 1511 2185 et

190 2220 211 2244 a
237 2208 343 2244 malo
367 2207 550 2253 homine3
576 2220 666 2244 cum
689 2207 913 2244 virtuosum
938 2207 987 2244 sit
1006 2207 1256 2256 impossibile
1275 2207 1511 2244 deteriorari

190 2267 238 2302 ab
273 2266 410 2315 aliquo
444 2267 589 2302 horum
622 2265 759 2312 trium,
800 2265 891 2303 ideo
930 2266 1135 2314 signanter
1174 2265 1281 2303 canit
1322 2265 1508 2302 ecclesia:

133 2325 173 2357 35
469 2324 588 2360 Nulla
621 2324 656 2361 ei
686 2325 832 2361 nocebit
864 2325 1084 2361 adversitas

528 2383 570 2418 Si
600 2383 706 2418 nulla
741 2383 961 2419 dominetur
993 2383 1181 2432 iniquitas.

258 2513 283 2533 2.
307 2506 400 2534 Cod.:
424 2506 594 2542 propriam.
670 2506 694 2535 5.
715 2506 748 2533 In
772 2515 868 2542 marg.
890 2506 959 2534 i11f.:

1057 2541 1205 2569 naturalis

1057 2575 1311 2617 supernaturalis.

190 2618 214 2645 7.
237 2610 332 2638 Cod.:
354 2618 492 2646 vespera.
567 2618 608 2643 η.
630 2611 663 2637 In
686 2619 800 2645 marg:
823 2610 1002 2638 Conclusio.
1085 2619 1120 2640 ι).
1143 2611 1176 2638 In
1199 2619 1312 2645 marg:
1336 2609 1510 2637 Abit-samus

187 2653 284 2678 opera
305 2646 511 2679 tenebrarum,
532 2645 569 2672 ad
590 2645 678 2673 Rom.
700 2646 781 2673 XIII.
810 2646 913 2681 Opera
933 2646 1128 2673 tenebrarum
1151 2645 1310 2673 abicienda
1331 2650 1412 2674 sunt.
1440 2653 1509 2671 cuin

190 2681 250 2707 sint
270 2681 404 2708 carnalia
424 2685 452 2707 et
473 2681 641 2711 maculosa.
670 2685 702 2708 ut
722 2685 805 2716 patet
826 2681 855 2708 in
878 2681 1025 2710 sordidis.
1053 2689 1123 2708 cum
1152 2681 1212 2708 sint
1239 2680 1358 2715 penalia
1379 2685 1407 2706 ct
1427 2680 1510 2706 labo-

190 2715 282 2746 nosa,
305 2720 335 2743 ut
357 2720 439 2751 patet
459 2715 489 2742 in
517 2715 650 2750 cupidis.
679 2720 706 2742 ct
728 2723 797 2742 cum
821 2715 881 2743 siizt
907 2715 1035 2743 odibilia
1062 2720 1090 2742 ct
1116 2715 1285 2743 maliciosa.
1315 2719 1343 2741 ul
1373 2719 1451 2753 patet
1481 2715 1507 2741 in

190 2750 315 2777 invidis.
391 2758 430 2777 21.
452 2749 548 2777 (ἐθὰς
570 2758 657 2777 arma
678 2750 755 2777 lucis
776 2751 904 2777 inducre
925 2755 1006 2777 sunt.
1081 2751 1127 2777 26.
1151 2750 1245 2777 Cod.:
1267 2754 1508 2776 comminemur.

190 2783 236 2811 30.
259 2784 354 2812 C0d.:
378 2785 429 2812 sed
452 2785 514 2811 sed.
589 2784 632 2812 32.
654 2785 687 2812 Iu
710 2793 825 2819 marg:
846 2784 939 2812 Nota.

399 2558 569 2586 Generacio
590 2558 718 2586 humani
739 2558 859 2592 generis
880 2558 993 2594 duplex

259 2878 290 2909 4.
319 2868 372 2901 Cf.
399 2870 511 2900 Serm.
540 2869 611 2901 vol.
639 2869 662 2908 I,
691 2879 767 2912 pag.
792 2867 864 2900 161.
974 2868 1024 2905 15.
1054 2878 1105 2911 29.
1134 2869 1186 2899 Ad
1217 2868 1318 2899 Rom.
1345 2868 1436 2902 ΧΙΠ,
1461 2878 1509 2898 12.

1334 2931 1375 2957 152*

1547 1327 1670 1354 virtues
1692 1335 1777 1355 more

1541 1363 1689 1401 powersul
1712 1364 1783 1390 than

1628 1407 1650 1424 ς]
1657 1406 1672 1424 n
1680 1406 1702 1423 s.
