1944 3323
754 768 1094 839 ContentS.

55 901 242 934 Praefatio.

55 982 187 1010 Ser-mon
1720 982 1796 1017 Page

624 1021 741 1051 First
767 1020 940 1062 Sunday
966 1020 1006 1051 in
1035 1020 1224 1051 Advent.

168 1067 196 1096 I.
223 1066 322 1097 Hora
348 1070 399 1098 est
423 1066 490 1097 iam
517 1077 580 1098 nos
606 1067 649 1097 de
675 1077 797 1098 somno
824 1077 973 1108 surgere.
1000 1067 1061 1098 Ad
1087 1069 1196 1098 Rom.
1224 1067 1331 1104 XIII,
1361 1073 1396 1097 11
1442 1089 1677 1097 .....
1778 1073 1791 1096 1

603 1127 771 1158 Second
797 1127 967 1169 Sunday
992 1127 1034 1158 in
1058 1126 1247 1158 Advent.

151 1174 199 1204 ΙΙ.
225 1173 440 1214 Quecunque
472 1173 600 1216 scripta
631 1178 710 1204 sunt
742 1174 786 1204 ad
811 1178 966 1206 nostram
992 1173 1187 1205 doctrinam
1219 1173 1348 1214 scripta
1375 1176 1464 1204 sunt.
1493 1171 1545 1203 Ad
1572 1174 1680 1204 Rom.

330 1221 417 1258 XV,
443 1228 463 1259 4
506 1243 1679 1253 .....................
1777 1228 1796 1259 9

613 1278 748 1309 Third
775 1278 948 1320 Sunday
971 1278 1015 1309 in
1040 1278 1228 1309 Advent.

133 1325 200 1354 111.
227 1324 284 1355 Sic
310 1334 373 1356 nos
400 1324 571 1356 existimet
595 1324 712 1359 homo.
738 1327 767 1358 I.
795 1325 872 1357 Cor.
899 1326 964 1363 IV,
994 1333 1007 1356 Ι
1037 1348 1680 1359 ............
1757 1324 1796 1355 16

599 1383 758 1414 Fourth
784 1382 957 1424 Sunday
981 1383 1023 1413 in
1049 1382 1236 1414 Advent.

133 1429 196 1462 IV.
225 1428 382 1460 Gaudete
407 1429 443 1460 in
467 1429 633 1461 Domino.
659 1429 750 1462 Phil.
776 1430 841 1468 IV,
868 1437 889 1468 4
915 1452 1678 1463 ..............
1753 1437 1796 1470 24

740 1487 1107 1529 Christmas-Day.

149 1534 193 1567 V,
220 1534 398 1576 Apparuit
429 1534 543 1575 gracia
567 1534 756 1566 Salvatoris
782 1534 901 1566 nostri.
929 1534 991 1565 Ad
1016 1534 1084 1567 Tit.
1110 1535 1158 1572 11,
1188 1542 1224 1564 ΙΙ
1266 1559 1679 1567 ,,,,,,,,
1755 1542 1793 1574 31

429 1592 597 1635 Sunday
622 1592 773 1624 within
801 1592 960 1623 Octave
986 1592 1030 1623 of
1054 1591 1416 1633 Christmas-Day.

134 1638 197 1670 VI.
224 1639 403 1680 Apparuit
428 1639 625 1680 benignitas
652 1643 686 1670 et
709 1639 904 1670 humanitas
931 1639 1131 1672 Salvatoris.
1157 1639 1225 1671 Tit.
1252 1639 1319 1677 ΙΙΙ,
1345 1647 1366 1677 4
1441 1662 1678 1670 .....
1755 1645 1800 1676 40

706 1697 793 1728 The
820 1697 1145 1730 Circumcision.

115 1744 198 1775 VII.
224 1743 498 1785 Multiphariam,
524 1744 711 1785 multisque
737 1744 860 1777 modis.
887 1744 948 1775 Ad
974 1744 1084 1777 Hebr.
1111 1745 1140 1782 Ι,
1171 1751 1183 1774 Ι
1208 1766 1679 1776 .........
1753 1742 1795 1781 48

746 1802 832 1833 The
858 1801 1099 1843 Epiphany.

89 1849 192 1880 VIII.
219 1848 360 1889 Quanto
386 1853 546 1891 tempore
571 1848 670 1880 heres
697 1849 860 1891 parvulus
887 1852 948 1882 est.
977 1849 1053 1881 Gal.
1079 1849 1144 1886 IV,
1176 1856 1189 1878 1
1210 1869 1681 1881 .........
1756 1852 1795 1886 55

484 1907 656 1949 Sunday
681 1907 833 1938 within
860 1906 1022 1938 Octave
1048 1906 1093 1938 of
1115 1905 1356 1948 Epiphany.

131 1955 199 1985 IX.
227 1953 349 1994 Surge,
374 1953 570 1985 illuminare
595 1954 799 1995 Jerusalem.
825 1955 870 1985 Is.
898 1955 978 1992 LX,
1009 1962 1022 1984 1
1089 1975 1680 1986 ...........
1755 1951 1795 1981 62

672 2011 835 2042 Octave
862 2011 908 2042 of
928 2009 1169 2052 Epiphany.

150 2060 198 2091 X.
224 2059 375 2090 Domine
400 2059 496 2090 Deus
524 2069 617 2090 meus
642 2058 897 2090 honorificabo.
920 2060 966 2089 Is.
992 2057 1116 2095 XXV,
1147 2064 1160 2086 Ι
1208 2081 1215 2088 .
1248 2062 1253 2065 ’
1267 2080 1680 2089 ........
1755 2054 1798 2093 69

553 2116 667 2148 First
693 2116 865 2157 Sunday
892 2116 1002 2147 after
1028 2114 1098 2146 the
1125 2114 1298 2146 Octave.

129 2165 196 2196 XI.
224 2163 380 2195 Obsecro
405 2173 466 2194 vos
493 2173 554 2205 per
580 2163 853 2194 misericordiam
879 2162 959 2195 Dei.
986 2164 1094 2195 Rom.
1122 2163 1210 2199 XII,
1240 2169 1253 2191 1
1332 2184 1685 2193 .......
1760 2159 1802 2199 78

525 2220 693 2252 Second
720 2220 894 2261 Sunday
920 2220 1030 2251 after
1055 2219 1125 2250 the
1152 2219 1323 2250 Octave.

115 2269 202 2299 XII.
228 2267 413 2299 Habentes
439 2267 658 2300 donationes,
686 2269 794 2300 Rom.
821 2268 910 2306 XII,
938 2267 957 2297 6
979 2288 1683 2299 .............
1758 2264 1800 2293 88

540 2325 675 2356 Third
701 2325 873 2367 Sunday
899 2325 1009 2356 aster
1034 2324 1104 2355 the
1131 2323 1304 2356 Octave.

91 2384 199 2417 XIII.
226 2383 346 2415 Nolite
373 2393 446 2414 esse
474 2383 663 2425 prudentes
688 2383 781 2425 apud
807 2387 941 2414 vosmet
965 2383 1073 2424 ipsos.
1099 2384 1207 2414 Rom.
1234 2383 1320 2419 XII,
1351 2380 1391 2412 16
1442 2405 1680 2413 .....
1755 2388 1797 2421 97

529 2441 697 2472 Fourth
722 2441 896 2483 Sunday
922 2441 1032 2472 after
1058 2440 1129 2471 the
1156 2440 1333 2471 Octave.

96 2489 201 2519 XIV.
227 2487 368 2519 Nemini
394 2487 584 2528 quidquam
611 2488 778 2519 debeatis.
804 2490 913 2519 Rom.
938 2489 1045 2525 XIII,
1073 2488 1092 2518 8
1155 2509 1682 2519 ..........
1736 2492 1798 2524 104

551 2544 670 2576 Fifth
697 2545 869 2586 Sunday
895 2544 1005 2575 after
1031 2543 1101 2574 the
1128 2543 1299 2576 Octave.

111 2592 196 2625 XV.
222 2591 364 2622 Induite
391 2601 452 2623 vos
479 2592 566 2622 sicut
594 2591 694 2622 electi
718 2591 797 2624 Dei.
826 2590 900 2623 Col.
927 2592 994 2629 111,
1024 2599 1064 2622 12
1095 2615 1680 2623 ...........
1736 2596 1798 2626 114

657 2649 987 2691 Septuagesima
1013 2649 1197 2690 Sunday.

93 2697 197 2728 XVI.
223 2696 376 2727 Nescitis
403 2696 499 2736 quod
524 2695 573 2726 hii
599 2696 657 2737 qui
682 2696 717 2727 in
744 2696 868 2728 stadio.
895 2697 923 2727 I.
951 2696 1029 2727 Cor.
1055 2696 1124 2736 IX,
1151 2703 1193 2733 24
1213 2715 1682 2726 .........
1737 2699 1798 2721 122

681 2753 963 2794 Sexagesima
989 2753 1173 2794 Sunday.

78 2801 201 2833 XVII.
228 2801 397 2831 Libenter
423 2800 572 2831 suffertis
598 2801 815 2842 insipientes.
841 2802 889 2832 II.
916 2800 994 2832 Cor.
1022 2801 1090 2837 XI,
1120 2807 1160 2838 19
1211 2820 1684 2830 .........
1739 2802 1801 2833 129

640 2857 1007 2899 Quinquagesima
1033 2857 1213 2898 Sunday.

55 2905 197 2936 XVIII.
224 2904 259 2936 Si
286 2904 413 2944 linguis
439 2904 619 2935 hominum
643 2904 778 2947 loquar.
806 2906 832 2935 1.
861 2904 939 2935 Cor.
966 2904 1073 2941 XIII,
1103 2911 1115 2933 1
1149 2926 1445 2934 ......
1557 2924 1564 2934 ,
1615 2924 1621 2931 .
1675 2924 1680 2931 .
1736 2905 1791 2938 ¹3!
