1944 3323
84 923 120 945 10

83 1203 120 1237 15

81 1508 124 1531 20

85 2372 123 2405 35

83 2675 127 2705 40

134 277 270 305 SERMO
293 265 432 322 xxxv]
623 276 796 308 TERTIA
824 275 952 307 PARS.

135 387 286 425 visione
325 386 529 434 corporali
567 383 761 421 viacionis
793 385 884 419 Jesu
918 381 1080 426 Christi,
1121 381 1161 417 in
1202 380 1279 417 fide
1318 389 1452 415 tamen

135 452 355 488 secundum
389 447 621 484 interiorem
656 445 861 482 hominem
896 455 1110 492 possumus
1144 442 1275 490 ipsum
1307 452 1455 488 cogno-

136 522 264 548 scere:
287 510 376 546 Joh.
393 507 497 552 XX0,
515 516 566 553 29
592 504 688 541 dicit
705 502 907 540 Christus:
930 502 1031 552 Qtia
1057 501 1188 537 vidisti
1208 512 1267 536 me
1290 500 1450 545 leoma,

136 567 348 606 credidisti.
382 565 496 602 Beati
517 564 673 613 quinon
698 562 877 598 viderunt
905 568 940 596 et
963 559 1225 596 crediderunt.
1262 560 1456 594 Remanet

136 638 271 665 autem
311 626 351 662 in
389 624 504 661 nobis
536 623 599 660 via
632 621 835 672 possibilis
874 622 979 657 dona
1012 619 1185 669 Spiritus
1225 617 1454 667 experiendi

137 696 174 724 et
207 683 498 722 beatitudinem
533 680 770 730 attingendi.
804 679 931 716 Aliter
964 687 1098 715 autem
1123 680 1229 714 Deus
1263 676 1456 713 defective

137 749 338 784 desereret
376 756 489 780 suam
530 742 740 779 ecclesiam
782 749 818 776 et
857 751 938 775 non
970 739 1073 775 foret
1110 737 1187 774 nisi
1221 736 1456 786 desperacio

137 806 177 842 in
220 804 353 842 viante
403 810 495 850 post
539 801 746 849 apostolos
791 798 1044 835 succedente.
1096 797 1173 833 Sed
1225 809 1315 832 curn
1349 796 1456 846 fides

135 865 216 900 sine
265 861 445 912 operibus
488 866 641 895 mortua
687 866 755 903 est,
803 864 913 905 patet
958 856 1080 904 quod,
1125 854 1218 891 licet
1260 854 1455 890 habemus

138 923 258 959 fidem
298 929 340 956 ut
380 918 580 967 fingimus,
621 926 757 954 tamen
797 914 974 951 defectus
1018 925 1188 961 operum
1237 912 1456 949 mortificat

136 993 208 1017 nos
253 979 388 1028 quoad
432 975 739 1021 beatitudinem,
785 986 874 1010 cum
921 971 952 1008 si
999 971 1173 1008 vidimus
1216 983 1288 1018 per
1334 971 1453 1007 fidem

136 1039 238 1076 sicut
259 1037 446 1074 viderunt
468 1034 656 1083 apostoli,
686 1045 767 1070 non
789 1041 926 1068 tamen
951 1029 1168 1067 efficaciter
1192 1028 1458 1066 testificamur

138 1098 177 1133 in
210 1107 332 1145 opere
364 1094 467 1131 sicut
499 1092 569 1129 illi.

196 1157 244 1191 Et
268 1166 359 1191 cum
393 1151 484 1188 talis
506 1149 745 1188 testificacio
778 1148 818 1184 in
852 1148 974 1184 modo
998 1145 1155 1182 vivendi
1190 1155 1226 1182 et
1260 1146 1458 1194 evangeli-

136 1212 254 1251 zandi
287 1221 345 1249 est
377 1220 460 1247 tam
494 1207 720 1246 necessaria
753 1208 862 1256 quod
903 1203 1246 1255 preciosissimum
1282 1204 1457 1241 fructum

137 1273 269 1317 infert,
292 1270 383 1306 ideo
408 1268 504 1305 dicit
526 1277 674 1304 textus:
714 1265 897 1315 Quisquis
918 1264 1117 1312 consessus
1128 1263 1259 1311 fuerit
1281 1264 1458 1311 quoniam

136 1332 248 1368 Jesus
280 1337 334 1366 est
354 1328 468 1379 filius
499 1327 587 1374 Dei,
618 1328 727 1363 Deus
764 1326 800 1362 in
839 1325 921 1374 ipso
955 1331 1083 1360 manet
1114 1331 1149 1360 et
1180 1324 1261 1372 ipse
1292 1324 1328 1360 in
1361 1325 1458 1360 Deo.

138 1393 252 1428 Tunc
293 1388 399 1426 enim
441 1386 484 1422 fit
522 1398 591 1422 ore
631 1384 830 1422 confessio
880 1384 930 1419 ad
975 1383 1159 1427 salutem,
1207 1384 1370 1430 quando
1417 1396 1460 1420 ex

141 1450 292 1486 mundo
317 1447 438 1483 corde
463 1454 500 1481 et
522 1443 701 1480 virtuosa
732 1442 1045 1480 conversacione
1068 1441 1198 1477 viator
1221 1441 1460 1478 testificatur

140 1509 248 1557 quod
271 1508 382 1542 Jesus
415 1512 473 1540 est
496 1502 569 1539 Dei
603 1502 706 1538 filius
738 1499 937 1538 naturalis
972 1508 1008 1536 et
1032 1509 1199 1548 propter
1222 1499 1458 1547 dignitatem

139 1566 199 1603 sui
233 1562 468 1602 commercii
501 1570 538 1598 et
568 1562 744 1597 humane
776 1558 1031 1608 operacionis
1063 1559 1193 1607 ipsam
1228 1558 1461 1606 magnificat

140 1635 176 1662 et
222 1622 429 1672 exequitur
475 1620 558 1657 eius
605 1619 724 1656 finem
770 1618 809 1655 in
854 1631 894 1655 se
933 1619 1020 1667 ipso
1060 1627 1097 1655 et
1136 1616 1223 1654 aliis
1263 1627 1459 1666 quantum

140 1693 286 1734 potest.
333 1679 459 1717 Aliter
498 1678 603 1716 enim
644 1691 724 1713 non
765 1677 866 1714 foret
905 1678 1109 1714 laudanda
1149 1677 1347 1714 confessio
1392 1680 1460 1715 sed

140 1742 358 1780 ridiculosa
388 1737 588 1775 narracio.
623 1739 730 1773 Deus
760 1745 894 1773 autem
927 1744 1062 1772 manet
1086 1735 1125 1772 in
1149 1735 1218 1772 tali
1244 1737 1460 1774 confitente

140 1815 210 1851 per
250 1797 425 1848 graciam
467 1796 735 1832 illustrantem
780 1803 817 1831 et
850 1796 900 1831 ad
940 1806 1064 1843 opera
1106 1794 1315 1832 meritoria
1349 1795 1461 1832 incli-

138 1868 317 1903 nantem,
357 1865 394 1892 et
428 1855 511 1904 ipse
557 1862 691 1891 manet
725 1853 764 1889 in
798 1855 883 1890 Deo
917 1861 1125 1902 tamquam
1162 1852 1201 1889 in
1235 1866 1355 1890 causa
1391 1868 1460 1903 per

138 1932 178 1956 se
220 1916 342 1956 finali,
384 1927 472 1952 curn
513 1913 648 1950 vivens
687 1912 821 1949 taliter
855 1911 904 1948 sit
943 1920 985 1947 ut
1017 1910 1075 1948 sic
1116 1911 1155 1948 in
1189 1911 1460 1961 disposicione

139 1989 259 2027 quam
294 1978 402 2011 Deus
436 1971 510 2009 sibi
544 1971 774 2009 eternaliter
808 1970 1022 2008 ordinavit.

196 2037 278 2072 Nec
311 2034 435 2070 scitur
467 2031 545 2067 ista
583 2029 786 2067 sentencia
827 2031 875 2067 ab
910 2029 1073 2066 homine
1111 2028 1186 2065 nisi
1220 2042 1293 2077 pro
1328 2039 1460 2077 parte,

141 2094 230 2131 ideo
265 2092 362 2129 dicit
394 2088 668 2138 Evangelista:
708 2089 761 2125 Et
795 2102 862 2126 nos
900 2088 1154 2139 cognovimus
1193 2095 1228 2123 et
1267 2089 1461 2125 credimus

141 2151 299 2189 caritati
336 2163 448 2200 quam
482 2149 590 2184 Deus
629 2147 741 2184 habet
780 2148 816 2184 in
856 2148 973 2185 nohis.
1021 2146 1099 2194 Ipsi
1140 2145 1245 2182 enim
1286 2147 1458 2194 apostoli

141 2217 417 2257 cognoverunt
454 2205 605 2243 noticia
639 2205 854 2255 multiplici
887 2205 1056 2248 (scilicet
1088 2217 1220 2250 sensu,
1254 2204 1460 2242 intellectu

140 2268 336 2316 inspirato
377 2276 414 2303 et
455 2264 705 2302 coniectante
745 2266 794 2302 ab
834 2264 991 2310 effectu)
1026 2263 1237 2300 caritatem
1270 2263 1389 2300 Verbi
1424 2273 1461 2300 et

141 2326 400 2364 crediderunt
430 2323 588 2361 caritati
619 2323 884 2361 humanitatis
909 2322 1057 2359 Christi
1089 2331 1126 2358 et
1150 2321 1462 2369 magnificarum

141 2385 352 2422 caritatem
388 2385 483 2432 (que
516 2391 573 2418 est
607 2383 757 2418 donum
792 2381 880 2430 Dei)
918 2380 1146 2429 specialiter
1179 2380 1275 2428 ipsis
1310 2381 1459 2417 datam.

200 2444 314 2480 Unde
347 2452 389 2478 ut
412 2440 586 2490 perfecte
616 2439 860 2478 moveamini
890 2441 939 2476 ad
969 2440 1203 2476 sectandam
1235 2438 1460 2477 caritatem.

142 2510 279 2539 notate
309 2500 392 2537 eius
417 2499 713 2545 excellenciam,
746 2498 840 2547 quia
864 2501 970 2535 Deus
1000 2507 1058 2534 est
1080 2509 1255 2545 persona
1282 2497 1462 2534 caritatis

145 2569 181 2597 et
231 2559 366 2608 gracia
417 2558 597 2595 increata
649 2567 686 2594 et
737 2558 906 2593 fundens
958 2554 1192 2592 immediate
1249 2555 1462 2592 caritatem

145 2620 295 2655 donum
335 2630 473 2662 suun-13
517 2616 607 2653 ideo
650 2628 813 2652 manere
853 2614 1078 2652 formaliter
1118 2613 1157 2649 in
1198 2614 1365 2650 caritate
1404 2623 1463 2651 est

145 2689 308 2714 manere
355 2676 395 2712 in
440 2677 525 2711 Deo
576 2674 796 2723 reciproce,
856 2675 962 2722 quod
1015 2682 1071 2710 est
1124 2672 1369 2708 tutissimum
1427 2682 1463 2708 et

211 2799 236 2827 S.
259 2799 355 2827 (jod-2
379 2798 589 2825 succedentes.
676 2796 718 2824 23.
741 2797 836 2825 Cod.:
859 2797 910 2824 sed
934 2796 1031 2824 twice.
1118 2795 1160 2824 33.
1184 2796 1280 2824 Cod.:
1303 2796 1459 2824 caritatem

139 2835 237 2862 twice.
311 2832 355 2869 33,
376 2832 423 2867 34.
445 2832 541 2860 Cod.:
563 2840 623 2859 non
645 2831 854 2860 crediderunt.

205 2916 237 2949 8.
263 2918 331 2949 Jac.
359 2916 398 2957 11,
421 2927 471 2959 17.
573 2915 621 2948 16.
650 2912 673 2947 Ι.
701 2914 778 2947 Joh.
807 2915 863 2954 IV,
897 2915 944 2946 15.
1044 2914 1097 2946 30.
1125 2913 1170 2946 ib.
1196 2913 1245 2946 16.

1663 262 1740 310 293

1480 795 1539 825 We
1561 801 1641 824 must
1663 796 1739 823 bave

1489 832 1592 859 work>
1613 840 1646 858 as
1668 831 1732 858 well

1541 875 1573 894 as
1594 866 1680 894 saith.

1503 2032 1569 2059 The
1590 2031 1725 2066 apostles

1530 2069 1692 2105 magnified

1494 2106 1611 2140 charitv
1633 2114 1665 2132 as
1686 2104 1735 2131 the

1495 2141 1606 2176 special
1629 2141 1683 2174 gift
1704 2138 1738 2166 of

1574 2175 1654 2203 God.
