1944 3323
221 248 358 278 SERMo
379 237 473 297 1.1x.]
709 252 770 283 TE
778 251 883 284 RTm
911 251 1034 283 PARS.

221 358 417 408 premittit
469 358 740 407 prefacionem
793 367 837 394 ut
888 358 1033 406 prima.
1092 358 1206 404 Ecce,
1258 357 1400 405 inquit,
1455 359 1534 394 dies

222 418 386 464 veniunt,
420 417 510 454 dicit
532 417 736 463 Dominus,
769 417 877 465 quod
911 415 1146 464 intelligitur
1180 416 1228 452 de
1259 424 1343 451 tota
1377 428 1533 452 succes-

221 475 333 512 sione
356 475 509 512 dierum
545 474 613 524 qui
634 474 799 511 veniunt
832 486 959 523 usque
983 476 1032 511 ad
1057 474 1163 510 diem
1198 473 1348 510 iudicii.
1382 473 1534 510 Alludit

221 542 355 570 autem
395 534 459 570 hic
503 542 630 570 textus
670 533 797 570 eciam
843 532 1020 569 historiis
1061 532 1235 568 filiorum
1277 532 1397 568 Israel
1435 545 1533 580 quo-

188 593 343 627 §modo
395 605 417 629 a
470 590 770 640 captivitatibus
830 591 988 627 fuerant
1039 590 1211 636 liberati,
1272 599 1308 626 et
1362 598 1533 638 utraque

220 649 388 686 historia
437 650 580 698 figurat
624 648 911 686 liberacionem
953 648 1113 685 finalem
1153 661 1232 696 qua
1271 647 1533 696 predestinati

220 717 335 744 erunt
367 709 416 744 ab
439 709 515 745 hoc
537 708 639 745 valle
672 707 831 744 miserie
863 708 913 744 ad
946 706 1118 754 patriam
1151 707 1337 743 celestem
1371 718 1534 754 genera-

218 764 309 802 liter
352 765 523 803 liberati.
578 765 714 802 Prima
759 774 892 802 autem
938 764 1106 801 historia
1151 774 1260 812 patet
1304 764 1345 800 in
1390 763 1533 800 Genesi

219 832 256 860 et
289 825 427 861 Exodo
466 833 503 861 et
541 825 718 861 secunda
756 832 866 872 patet
903 823 943 859 in
974 822 1147 859 Jeremia
1186 832 1223 859 et
1262 824 1332 858 IV0
1367 824 1532 870 Regum.

164 898 204 920 10
220 883 502 919 Laudaverunt
534 891 668 919 autem
703 881 936 927 Dominum,
976 880 1242 929 exprimentes
1276 880 1358 917 eius
1391 880 1534 917 eterni-

163 1177 199 1210 15

157 1478 199 1500 20

160 1760 198 1792 25

217 948 340 977 tatem
384 940 598 986 vivificam,
644 942 741 976 dum
786 941 1031 976 clamarunt:
1084 939 1182 974 Vivit
1220 939 1423 975 Dominus.
1469 937 1534 974 Sic

218 998 324 1035 enim
346 998 491 1047 legitur
524 1001 558 1035 10
584 1001 734 1047 Regum
757 1000 825 1045 X0,
851 1009 903 1043 24
936 999 1045 1046 quod
1069 997 1163 1034 Saul
1186 997 1227 1033 in
1250 1009 1382 1045 regern
1407 997 1533 1033 electo

217 1056 407 1093 clamavit
439 1057 631 1106 populus:
663 1057 773 1093 Vivat
805 1068 891 1093 rex.
914 1056 1009 1092 Vult
1043 1068 1136 1102 ergo
1169 1056 1369 1103 propheta
1402 1054 1534 1091 dicere

217 1116 326 1163 quod
359 1124 450 1163 post
482 1115 588 1151 diem
627 1114 764 1151 iudicii
803 1127 885 1150 non
924 1114 980 1150 sic
1014 1113 1166 1150 dicent:
1205 1113 1311 1149 Vivit
1344 1112 1533 1149 dominus

218 1172 286 1221 qui
337 1172 470 1210 eduxit
514 1173 636 1209 Israel
681 1174 729 1209 de
773 1172 993 1220 Egipciaca
1037 1171 1239 1221 servitute,
1284 1183 1357 1207 nec
1401 1170 1534 1207 dicent

216 1233 412 1268 secundo:
436 1231 542 1268 Vivit
566 1230 764 1267 Dominus
789 1230 857 1279 qui
890 1229 1023 1267 eduxit
1047 1230 1169 1266 Israel
1201 1231 1249 1265 de
1281 1238 1388 1265 terra
1411 1229 1534 1277 Aqui-

215 1288 318 1326 lonis
365 1302 388 1326 a
430 1289 662 1338 captivitate
703 1290 1070 1337 Nabugodonosor,
1119 1289 1188 1324 sed
1233 1287 1367 1324 dicent
1408 1286 1532 1323 tercio

215 1347 455 1384 laudacione
499 1356 714 1396 perpetua:
752 1347 859 1384 Vivit
898 1346 1110 1392 Dominus,
1156 1347 1232 1382 hoc
1277 1355 1348 1391 est,
1394 1354 1533 1393 regnat

216 1405 458 1444 eternaliter.
493 1408 720 1442 Irascantur
743 1405 883 1454 populi
917 1406 1277 1454 quantumcunque
1314 1403 1528 1449 voluerint,

215 1464 309 1512 quia
332 1464 529 1500 Dominus
552 1464 685 1500 eduxit
718 1476 855 1500 semen
877 1464 1010 1509 Israel,
1045 1464 1121 1500 hoc
1145 1471 1216 1509 est⁷
1251 1461 1460 1499 ecclesiam
1494 1461 1534 1497 in

215 1535 295 1570 qua
326 1521 399 1558 fuit
431 1522 728 1571 predestinacio
752 1531 961 1570 tamquam
985 1533 1121 1558 semen
1145 1520 1376 1557 hominibus
1400 1520 1534 1556 occul-

214 1589 298 1617 tata
328 1582 375 1617 de
404 1589 510 1617 terra
533 1580 758 1629 Aquilonis.
791 1582 917 1616 Terra
950 1588 1085 1616 autem
1110 1578 1322 1627 Aquilonis
1346 1587 1403 1615 est
1426 1587 1532 1614 terra

215 1637 256 1674 in
279 1652 358 1687 qua
381 1639 588 1675 habundat
611 1638 714 1675 aeris
747 1647 785 1674 et
816 1637 1050 1686 passionum
1084 1650 1248 1674 suarum
1280 1636 1463 1673 turbacio
1497 1645 1533 1672 et

215 1696 443 1745 specialiter
476 1696 781 1745 refrigescencia
804 1696 1032 1733 communis
1065 1695 1168 1732 aeris
1193 1696 1302 1744 quod
1336 1694 1532 1742 significet

217 1755 373 1792 mistice
396 1755 743 1803 refrigescenciam
768 1754 960 1791 caritatis.
995 1757 1096 1790 Nam
1121 1754 1162 1790 in
1184 1762 1270 1790 tota
1291 1753 1394 1789 valle
1417 1752 1533 1788 huius

216 1812 376 1850 miserie
426 1826 509 1850 non
561 1822 619 1850 est
670 1813 746 1850 nisi
800 1812 1062 1850 contenciosa
1114 1811 1298 1848 turbacio
1344 1819 1381 1847 et
1430 1810 1532 1847 aeris

216 1871 501 1920 pestilencialis
534 1871 753 1920 inspiracio
776 1871 817 1907 in
851 1870 1164 1919 comparacione
1187 1871 1238 1906 ad
1271 1868 1531 1906 amenitatem

214 1930 410 1978 temporis
434 1943 556 1979 supra
578 1931 717 1967 nubes.
742 1931 835 1966 Ideo
860 1942 950 1966 cum
976 1942 1098 1977 supra
1122 1937 1272 1965 statum
1297 1926 1532 1964 innocencie

216 1989 430 2025 reducetur
482 1988 650 2025 ecclesia
702 1989 753 2024 ad
804 1996 953 2024 statum
1008 1986 1174 2024 ecclesie
1231 1984 1532 2034 triumphantis,

160 2051 202 2084 30
217 2046 423 2095 signanter
462 2047 608 2083 dicitur
641 2047 750 2095 quod
783 2046 974 2082 Dominus
1012 2045 1181 2081 adduxit
1219 2052 1254 2081 et
1290 2044 1426 2080 eduxit
1464 2044 1534 2079 hoc

163 2341 199 2375 35

216 2117 342 2141 semen
374 2105 457 2142 veri
488 2104 612 2143 Jacob
647 2107 695 2141 de
732 2114 840 2141 terra
878 2103 992 2140 vallis
1031 2103 1291 2140 lacrimarum
1337 2111 1374 2139 et
1414 2114 1534 2138 cunc-

217 2172 349 2199 tarum
382 2163 603 2201 insularum
637 2165 687 2200 ad
721 2176 843 2212 quam
877 2162 1008 2211 ipsum
1033 2161 1230 2198 Dominus
1265 2162 1312 2197 de
1345 2160 1535 2208 paradiso

217 2221 380 2257 eiecerat
418 2223 469 2258 ad
500 2231 650 2258 terram
684 2220 910 2258 vivencium
950 2221 1012 2257 vel
1045 2219 1334 2268 triumphantis
1368 2218 1535 2255 ecclesie

217 2280 267 2315 ad
291 2292 412 2328 quam
445 2289 536 2317 sunt
559 2279 670 2328 prius
703 2279 942 2316 naturaliter
964 2277 1154 2315 ordinati.
1190 2279 1364 2314 Causam
1399 2286 1533 2313 autem

217 2349 340 2386 quare
372 2338 564 2375 Jeremias
604 2351 686 2374 non
725 2337 937 2374 moralizat
976 2336 1188 2384 historiam
1222 2336 1439 2372 secundam
1475 2347 1535 2370 cx-

216 2394 366 2443 plicite,
410 2395 568 2433 videtur
607 2397 804 2445 quosdam
850 2394 1055 2442 assignare
1101 2403 1267 2442 propter
1312 2394 1388 2430 hoc
1427 2394 1535 2441 quod

216 2466 288 2489 suo
334 2462 517 2502 tempore
561 2454 634 2490 fuit
673 2453 819 2490 veritas
860 2453 915 2489 rei
961 2461 1082 2500 geste.
1129 2454 1213 2488 Hec
1254 2461 1387 2488 autem
1428 2460 1535 2487 terra

287 2589 323 2617 15.
345 2589 440 2617 Cod.:
467 2589 583 2616 dicens.
656 2596 702 2616 20.
725 2587 820 2616 Cod.:
849 2587 901 2623 qui
930 2586 1082 2614 hominus
1110 2586 1223 2613 eduxit.
1307 2592 1348 2612 22.
1377 2584 1409 2611 In
1438 2592 1533 2619 marg.

217 2631 285 2658 sup.
307 2625 358 2651 t'ol.
380 2623 462 2651 252⁰:
491 2623 685 2651 Habicabunt
709 2623 739 2650 in
766 2627 850 2650 terra
875 2630 932 2649 sua
952 2621 1081 2648 Jcrcniie
1102 2621 1225 2648 xxmo.
1254 2620 1307 2647 list
1334 2624 1413 2646 terra
1441 2628 1532 2654 qnam

216 2659 364 2692 gerinum,
376 2667 468 2694 quain
484 2659 612 2685 terimus
627 2663 654 2685 et
669 2666 760 2693 qnam
777 2658 946 2692 quc-rimus.
964 2656 1065 2683 Prima
1080 2661 1123 2682 est
1140 2661 1219 2682 terra
1234 2660 1338 2681 nostre
1355 2654 1533 2692 nativitatis.

217 2694 350 2720 secunda
373 2699 475 2720 nostre
496 2693 695 2728 captnitatis,
717 2693 809 2719 tercia
831 2698 935 2718 nostra.-
956 2691 1145 2718 herodiianis.
1169 2690 1302 2717 Primam
1327 2690 1535 2715 inhabitamus

218 2729 339 2755 racione
354 2734 457 2755 nostre
472 2729 666 2755 condicioni>
682 2727 838 2761 primarie.
852 2727 1018 2753 secundani
1037 2731 1066 2752 111
1083 2726 1190 2752 vallem
1204 2729 1307 2751 nostre
1323 2724 1535 2750 tribulacionis

216 2768 242 2789 ct
274 2763 407 2793 miseric,
438 2764 562 2790 [erciam
594 2763 658 2789 inre
691 2762 864 2797 empcionis
898 2761 1064 2791 memorie,
1093 2759 1275 2786 donacionis
1309 2759 1477 2785 xolnntaric
1507 2764 1535 2784 ct

217 2798 445 2825 dominacionis
467 2797 660 2824 hereditarie.

292 2892 341 2925 ¹9·
371 2883 426 2914 Ps.
454 2882 607 2921 XCVIII,
632 2893 657 2913 1.

1742 247 1818 293 517
