1944 3323
122 239 201 265 210
704 236 925 269 JOHANNIS
945 235 1128 268 WYCLIF
1147 237 1401 269 SERMONUM
1425 223 1577 281 [SERMO
1598 234 1722 262 XXVII-

409 356 481 391 pro
515 356 586 379 suo
620 351 814 391 perpetuo
838 343 1022 387 tolerare,
1059 351 1094 378 et
1119 342 1171 378 hii
1205 344 1424 379 secundum
1450 343 1575 391 legem
1601 356 1719 392 quam

408 401 448 437 in
482 414 645 449 regnum
680 410 859 437 nostrum
895 400 1132 436 induxerant
1156 402 1301 437 debent
1334 409 1423 449 post
1456 402 1723 450 quadraginta

410 459 492 495 dies
533 472 604 507 pro
642 459 712 494 tali
752 458 1176 494 excommunicacione
1217 459 1375 495 detrudi
1421 459 1459 495 in
1505 472 1722 504 carcerem,

411 517 619 553 manifeste
658 516 837 565 sequitur
876 517 984 564 quod
1024 528 1088 552 rex
1130 525 1166 552 et
1206 530 1373 565 regnum
1412 526 1595 553 nostrum
1629 517 1723 553 facti

411 584 501 611 sunt
546 574 585 610 in
636 587 730 610 casu
782 582 954 610 tortores
1006 586 1244 622 pauperum,
1290 575 1384 623 quia
1428 575 1579 612 faciunt
1622 574 1756 612 sicut5

412 634 568 669 debent.
621 633 699 668 Sed
737 632 824 680 quis
865 644 943 677 rex,
984 631 1169 680 princeps
1208 633 1268 669 vel
1301 645 1468 681 compos
1509 633 1652 670 mentis
1686 633 1725 669 in

412 703 534 738 regno
567 703 647 726 non
680 691 862 726 horreret
894 698 1049 726 tantam
1083 689 1310 738 nequiciam
1345 692 1523 727 motam?

129 756 195 784 The
217 755 343 790 remedy
362 754 387 781 is
470 750 537 784 Est
570 756 704 784 autem
738 757 904 796 propter
935 747 1204 784 salvacionem
1235 748 1344 796 regni
1375 757 1411 785 et
1436 749 1723 786 extinccionem

135 791 378 857 1fssssf¹ffi³g⁰}¹,sffi,
412 805 595 854 nequicie
627 805 863 842 Antichristi
897 807 1070 854 quedam
1106 806 1333 854 evangelica
1367 807 1582 853 medicina⁷
1617 807 1725 856 quod

137 855 385 921 CX‘“0¹}}J{}]¹J¹¹lC³¹·
412 864 504 900 licet
527 864 751 913 cuicunque
784 863 886 911 legio
916 863 1025 912 regni
1058 863 1186 900 nostri
1220 865 1268 900 ab
1303 865 1726 902 excommunicacione
1747 877 1784 899 10

412 922 482 959 tali
517 921 791 970 cuiuscunque
824 921 1045 958 sacerdotis
1069 921 1178 969 regni
1202 922 1329 958 nostri
1353 924 1401 959 ad
1427 935 1559 971 regem
1584 932 1621 959 et
1644 923 1727 959 eius

413 980 625 1017 consilium
659 981 875 1028 appellare.
921 982 969 1016 Et
1002 980 1191 1016 fundatur
1225 992 1344 1028 super
1377 993 1515 1017 omnes
1549 981 1728 1030 appella-

414 1039 548 1075 ciones
564 1039 687 1074 factas
707 1040 757 1074 ad
773 1040 999 1074 Romanum
1017 1037 1265 1086 episcopum,
1283 1040 1390 1087 quod
1408 1048 1567 1075 sanctus
1584 1039 1729 1075 Paulus

415 1097 481 1133 diu
504 1104 594 1145 post
618 1095 919 1133 conversionem
943 1109 1056 1133 suam
1081 1095 1121 1132 in
1145 1108 1265 1133 causa
1289 1096 1380 1133 fidei
1403 1110 1476 1144 pro
1501 1097 1729 1134 defensione

415 1154 474 1191 sui
514 1154 696 1202 corporis
735 1163 772 1191 et
804 1154 977 1190 utilitate
1021 1153 1186 1190 ecclesie
1219 1154 1434 1203 appellavit
1468 1156 1518 1191 ad
1550 1167 1728 1192 cesarem
1751 1156 1786 1189 15

415 1217 472 1258 (ut
505 1221 614 1261 patet
637 1214 724 1249 Act.
748 1214 909 1258 XXV0>3
943 1225 1023 1249 non
1045 1212 1243 1260 (inquam)
1267 1212 1484 1261 appellavit
1509 1215 1557 1250 ad
1583 1226 1729 1262 papam

417 1273 591 1315 Petrum,
632 1270 724 1307 licet
762 1270 879 1306 fuerit
918 1271 990 1306 sibi
1030 1269 1311 1318 propinquior,
1350 1283 1423 1307 nec
1462 1272 1512 1307 ad
1550 1284 1731 1308 summos

418 1329 629 1377 episcopos
669 1328 766 1376 legis
805 1328 948 1364 veteris
987 1330 1055 1364 sed
1095 1329 1145 1364 ad
1185 1341 1316 1376 regem
1354 1331 1593 1375 Romanum,
1638 1329 1731 1366 licet

417 1396 511 1423 tunc
556 1395 763 1434 reputatus
802 1386 921 1422 fuerit
965 1386 1155 1431 infidelis3
1197 1395 1233 1422 et
1273 1386 1418 1423 milites
1458 1387 1549 1424 licet
1587 1387 1732 1436 pagani

418 1445 548 1493 ipsum
601 1446 796 1481 duxerunt
846 1444 1089 1480 incolumem
1145 1444 1258 1480 anxie
1303 1454 1339 1481 et
1387 1454 1621 1494 sumptuose
1663 1458 1733 1494 per
1751 1458 1791 1479 20

417 1512 543 1539 terras
578 1512 614 1539 et
639 1503 766 1539 maria
798 1514 923 1551 usque
948 1504 1116 1538 Romam
1153 1502 1211 1549 (ut
1241 1512 1350 1551 patet
1384 1515 1427 1539 ex
1461 1503 1537 1540 fide
1560 1505 1732 1540 Actuum

418 1561 727 1609 apostolorum).

478 1620 563 1664 Que
602 1632 695 1666 ergo
735 1618 844 1655 racio
889 1618 1131 1655 diversitatis
1178 1618 1271 1666 fingi
1315 1618 1463 1667 poterit
1503 1620 1609 1668 quod
1654 1632 1734 1655 non

420 1676 511 1713 licet
545 1677 728 1713 fidelibus
762 1676 937 1724 Anglicis
971 1677 1174 1724 appellare
1215 1678 1266 1713 ad
1300 1689 1434 1725 regem
1471 1677 1629 1714 fidelem
1664 1689 1734 1725 per

420 1735 585 1771 tutelam
628 1734 904 1771 ministrorum
947 1747 1111 1770 suorum
1144 1747 1226 1771 non
1259 1747 1508 1783 paganorum
1542 1735 1582 1772 in
1615 1747 1733 1771 causa
1752 1737 1790 1769 25

421 1801 503 1829 tam
554 1792 789 1829 racionabili
845 1804 915 1840 per
966 1792 1177 1841 episcopos
1229 1793 1454 1839 adinventa,
1507 1792 1734 1841 specialiter

422 1862 511 1886 cum
565 1863 630 1886 rex
680 1859 717 1887 et
761 1863 927 1898 regnum
973 1851 1267 1887 auctorizarent
1312 1851 1417 1886 ultra
1463 1850 1734 1887 excommuni-

423 1908 630 1945 cacionem
670 1909 790 1945 talem
830 1908 1019 1944 iniustam
1059 1908 1426 1945 incarceracionem
1466 1909 1633 1945 subdole
1677 1908 1735 1944 in-

423 1967 651 2003 troductam
696 1975 860 2014 propter
899 1979 1018 2015 quam
1059 1976 1141 2003 tam
1182 1979 1247 2003 rex
1287 1979 1408 2015 quam
1448 1979 1613 2014 regnum
1652 1975 1733 2003 tam

134 2030 179 2057 He
195 2029 304 2068 should
321 2028 408 2055 make
424 2037 593 2072 corpore
623 2037 743 2072 quam
775 2024 909 2060 anima
938 2024 1051 2072 perdi
1076 2034 1221 2073 posset.
1259 2026 1359 2061 Cum
1384 2037 1477 2072 ergo
1502 2037 1568 2061 rex
1592 2025 1736 2061 habeat
1754 2028 1795 2060 30

169 2064 374 2137 ἷιιῖξῃῗῖῗιζιῗὲζ
423 2095 562 2118 omnes
603 2082 814 2130 episcopos
854 2091 891 2118 et
930 2083 1095 2119 clericos
1140 2083 1249 2130 regni
1294 2082 1354 2119 sui
1398 2095 1489 2119 suos
1531 2082 1736 2119 ministros

218 2138 329 2160 “¹⁰¹¹0n‘
425 2150 659 2188 sumptuose
699 2142 935 2185 conductos,
968 2153 1111 2177 vocare
1152 2142 1268 2177 debet
1308 2140 1416 2188 ipsos
1449 2142 1499 2177 ad
1533 2141 1611 2177 tale
1644 2153 1737 2176 con-

425 2198 572 2243 silium,
607 2199 637 2234 si
669 2199 841 2234 habeant
865 2198 1127 2244 evidenciam,
1161 2200 1266 2234 unde
1298 2197 1515 2235 iustificare
1548 2206 1738 2246 poterunt

427 2255 893 2292 excommunicacionem
940 2256 1171 2292 huiusmodi
1216 2265 1336 2304 atque
1380 2256 1522 2303 legem,
1563 2265 1600 2292 et
1632 2258 1737 2292 Deus

428 2327 471 2350 ex
515 2327 586 2350 sua
639 2314 773 2361 gracia
818 2327 908 2350 cum
955 2313 1185 2350 defensione
1232 2326 1277 2350 ac
1322 2314 1478 2350 focione
1522 2326 1736 2362 procerum
1756 2315 1794 2348 35

429 2372 537 2419 regni
578 2372 703 2408 nostri
743 2371 967 2419 providebit
1007 2371 1081 2407 sibi
1122 2373 1168 2408 de
1203 2371 1393 2407 ministris
1427 2372 1610 2408 fidelibus
1638 2368 1642 2424 Ι
1672 2371 1738 2419 qui
1755 2363 1835 2424 FPLC

429 2430 666 2477 convincent
689 2429 905 2466 stulticiam
929 2429 1025 2476 legis
1050 2429 1165 2465 huius
1188 2438 1307 2478 atque
1330 2429 1436 2466 facti.
1470 2432 1550 2466 Nec
1574 2429 1738 2466 dubium
1757 2412 1815 2440 ²0¹

430 2487 525 2535 quin
566 2489 614 2523 ad
656 2500 786 2535 regem
822 2497 858 2524 et
898 2487 1088 2523 miliciam
1122 2500 1233 2524 suam
1268 2487 1438 2535 pertinet
1471 2487 1510 2523 in
1544 2487 1613 2524 tali
1646 2500 1740 2523 casu

431 2557 685 2592 cognoscere,
738 2545 831 2594 quia
884 2544 1057 2593 pertinet
1108 2547 1158 2581 ad
1210 2558 1276 2581 eos
1329 2558 1566 2581 consensum
1618 2546 1739 2581 talem

499 2690 525 2716 S.
547 2690 579 2717 In
602 2698 714 2724 marg:
742 2690 821 2716 Nota
843 2690 1025 2717 medicinam
1049 2695 1154 2717 contra
1176 2691 1264 2717 talem
1287 2690 1574 2717 incarceracionem.
1656 2698 1684 2718 O.
1705 2690 1738 2717 In

432 2731 544 2759 marg:
567 2733 585 2751 1.
678 2733 717 2751 10.
740 2725 834 2751 Coa:
858 2725 935 2759 regis
957 2725 1062 2751 nostri.
1161 2732 1199 2755 12.
1223 2724 1259 2753 13.
1281 2724 1375 2752 Coa:
1398 2725 1625 2759 appellaciones
1645 2722 1739 2751 deest.

433 2759 467 2786 15.
484 2763 512 2786 et
526 2759 653 2785 utilitate
667 2774 700 2777 ——
715 2759 771 2786 sibi
788 2760 844 2786 alia
859 2768 950 2786 manu
967 2759 996 2786 in
1013 2764 1094 2786 textu
1110 2759 1269 2794 seriptum.
1326 2758 1368 2786 33.
1382 2759 1475 2786 Cod.:
1492 2760 1534 2793 si;
1551 2764 1644 2786 recte:
1661 2764 1688 2786 et
1704 2760 1739 2787 si.

506 2852 543 2885 16
571 2861 603 2885 et
629 2863 727 2896 seqq.
755 2853 806 2886 Cf.
834 2854 945 2885 Serm.
975 2864 1042 2885 sec.
1070 2862 1172 2897 part„
1199 2864 1276 2897 pag.
1301 2853 1384 2896 416,
1409 2863 1602 2895 422—424.
