1944 3323
146 260 193 304 34
724 263 944 295 ionANNJs
964 262 1146 294 WYCLIF
1166 261 1423 293 SERMONUM
1524 246 1673 303 [semo
1694 256 1731 284 v.

142 379 419 418 ‘l'liepinjposeot
488 373 617 407 Causa
662 378 793 406 autem
842 368 970 404 finalis
1014 377 1177 416 propter
1222 379 1340 415 quam
1387 365 1461 401 ista
1500 364 1632 413 gracia
1678 372 1734 400 est

172 414 388 479 ffirssoeffffissilssffg
432 431 581 465 donata
619 437 675 465 est
714 427 802 470 ista,
841 434 879 462 ut
917 427 1151 476 abnegantes
1189 425 1419 474 impietatem
1465 431 1500 458 et
1543 422 1733 458 secularia

225 481 346 518 ¹‘i÷³¹¹'¹¹>'·
433 487 623 523 desideria
661 485 787 522 sobrie
824 492 858 520 et
896 484 990 520 iuste
1028 491 1062 519 et
1095 483 1159 532 pie
1197 483 1370 518 vivamus
1408 481 1443 516 in
1483 481 1553 516 hoc
1595 480 1733 515 seculo.

434 547 490 581 De
514 544 597 580 istis
621 544 776 579 duobus
800 554 875 590 que
898 543 1088 578 debemus
1111 540 1235 577 vitare
1258 539 1432 588 primum
1458 546 1514 573 est
1536 536 1735 585 impietas,

435 615 509 650 que
543 615 630 638 cum
665 601 713 637 sit
747 599 949 636 contraria
981 598 1132 646 pietati,
1165 597 1320 633 videtur
1343 596 1451 644 quod
1482 594 1583 630 sicut
1611 594 1737 642 pietas

435 659 679 697 convertitur
698 671 787 694 cum
804 657 970 694 caritate
985 658 1117 704 quoad
1133 654 1373 691 subsistendi
1390 651 1737 700 consequenciam,

435 731 480 754 eo
514 719 621 765 quod
660 715 821 764 respicit
853 724 933 751 tam
969 717 1095 750 Deum
1136 726 1252 761 quam
1295 710 1512 756 hominem,
1553 709 1738 757 impietas

435 775 530 811 dicit
569 773 809 810 iniusticiam
855 772 895 809 in
934 781 1116 820 utraque.
1163 771 1276 807 Unde
1314 768 1441 817 pietas
1483 770 1567 804 Deo
1607 766 1739 803 debita

434 842 600 869 vocatur
637 831 825 867 theosebia
871 839 907 866 et
945 830 1071 878 pietas
1110 828 1243 864 debita
1287 826 1469 875 proximo
1508 824 1653 862 dicitur
1692 825 1740 860 de

437 892 542 927 malo
585 903 656 926 suo
701 888 940 936 compassio.
993 890 1041 923 Et
1084 894 1193 934 patet
1233 885 1299 933 qui
1343 892 1434 920 sunt
1478 882 1604 931 impii,
1649 895 1798 918 cumio

435 947 712 997 oppositorum
758 947 806 982 sit
850 947 987 982 eadem
1034 944 1258 992 disciplina.
1312 941 1560 990 Impietatem
1607 949 1739 976 autem

149 1013 250 1040 i-c.i11
275 1013 418 1049 sobria-15,
437 1008 626 1042 debemus
669 1004 794 1041 vitare
838 1013 1045 1051 tamquam
1097 1013 1309 1038 commune
1354 1012 1548 1036 venenum
1594 997 1739 1040 anime,

178 1049 383 1116 ¹¹''¹¹,fffflf⁸{„²¹'¹d
437 1064 529 1112 quia
574 1063 769 1099 defectum
811 1060 1035 1097 communis
1075 1058 1230 1095 iusticie
1269 1059 1336 1094 sed
1375 1057 1541 1093 omnino
1581 1063 1740 1104 oportet

299 1115 302 1117 .
438 1129 728 1169 consequenter
760 1121 957 1166 abnegare
991 1119 1065 1153 hoc
1098 1129 1293 1153 venenum
1327 1115 1556 1163 positivum,
1590 1113 1741 1150 scilicet

439 1179 635 1215 desideria
669 1177 876 1222 secularia,
911 1188 986 1224 que
1027 1184 1118 1211 sunt
1157 1175 1296 1210 multa.
1343 1175 1642 1220 Consequenter
1681 1176 1797 1208 ex-15

438 1237 560 1285 pulsis
594 1236 667 1272 hiis
707 1237 861 1271 duobus
901 1233 1014 1270 malis
1055 1234 1245 1269 debemus
1286 1233 1383 1267 bene
1420 1230 1550 1267 vivere
1588 1229 1628 1266 in
1668 1227 1741 1265 hiis

438 1295 577 1337 tribus,
609 1294 735 1329 sobrie
766 1293 897 1340 quoad
932 1304 1089 1339 corpus,
1124 1292 1219 1326 iuste
1241 1290 1374 1338 quoad
1408 1289 1601 1324 mundum
1627 1295 1663 1323 et
1681 1286 1744 1335 pie

439 1354 571 1400 quoad
596 1354 737 1387 Deum.
770 1352 867 1386 Tres
900 1349 1003 1385 enim
1038 1356 1257 1384 noscuntur
1290 1359 1372 1383 esse
1404 1347 1537 1382 hostes
1569 1344 1743 1381 hominis

439 1410 678 1457 spirituales,
712 1408 862 1444 scilicet
886 1420 992 1447 caro,
1027 1408 1198 1442 mundus
1221 1414 1340 1453 atque
1363 1404 1558 1441 diabolus.
1593 1404 1743 1439 Contra

440 1480 597 1504 carnem
624 1468 813 1502 debemus
835 1464 964 1501 vivere
988 1464 1131 1509 sobrie,
1156 1477 1235 1499 non
1260 1464 1409 1511 gulose,
1442 1475 1521 1498 non
1546 1460 1743 1497 luxuriose
1760 1475 1800 1496 20

439 1526 495 1561 vel
531 1524 665 1572 aliquo
699 1522 846 1559 carnali
873 1522 1038 1558 crimine
1062 1529 1348 1569 consequente,
1384 1528 1524 1556 contra
1549 1519 1741 1554 mundum

440 1585 630 1618 debemus
663 1593 819 1617 servare
853 1580 1065 1625 iusticiam,
1099 1593 1180 1616 non
1213 1578 1396 1615 faciendo
1430 1577 1654 1624 cuicunque
1687 1575 1743 1610 in-

440 1640 598 1691 iuriam⁷
628 1648 664 1675 et
698 1648 836 1675 contra
872 1638 1074 1674 diabolum
1112 1639 1301 1673 debemus
1334 1635 1535 1672 custodire
1568 1633 1744 1681 undique

440 1698 642 1745 pietatem.
675 1699 722 1732 Et
755 1696 810 1732 sic
844 1697 1033 1731 debemus
1066 1704 1215 1742 septem
1253 1693 1437 1730 mortalia
1464 1692 1631 1729 crimina
1657 1703 1744 1739 pre-

441 1768 589 1793 cavere.
634 1757 680 1790 Et
719 1754 940 1789 timendum
982 1762 1038 1789 est
1079 1753 1302 1800 cuicunque
1343 1751 1446 1787 fideli
1488 1751 1554 1786 sed
1590 1750 1744 1797 prelato
1763 1754 1801 1785 25

440 1813 629 1861 precipue
679 1813 725 1847 de
769 1811 843 1847 ista
895 1810 1109 1853 sentencia,
1163 1823 1251 1846 cum
1297 1809 1512 1856 Apostolus
1564 1808 1746 1842 hortatur

440 1874 503 1915 (11¹¹
535 1873 627 1906 Cor.
651 1872 735 1913 VI⁰,
768 1874 798 1909 ι)
833 1868 1071 1904 christianos
1105 1867 1280 1915 singulos
1313 1880 1358 1902 ne
1389 1867 1424 1902 in
1459 1878 1618 1901 vacuum
1650 1877 1746 1914 gra-

441 1929 537 1964 ciam
573 1928 647 1963 Dei
679 1928 874 1975 recipiant.

175 1994 402 2033 11111i7ei1dis
498 1987 572 2021 Sed
613 1987 829 2021 secundum
872 1984 986 2019 istam
1029 1982 1238 2030 epistolam
1279 1981 1460 2030 apparuit
1497 1980 1634 2031 gracia
1675 1979 1749 2015 Dei

154 2029 423 2096 Jls⁷21¹css⁴³}¹b¹¹j²{{³g2ll¹,f
442 2052 605 2091 propter
628 2043 745 2078 istum
774 2043 889 2078 finem
915 2041 1203 2089 quintuplicem
1221 2041 1326 2088 quod
1352 2039 1391 2074 in
1413 2051 1580 2075 vacuum
1607 2037 1747 2084 recipit
1765 2041 1805 2072 30

154 2094 158 2099 ⁸
441 2101 668 2148 quicunque
701 2101 815 2136 istam
851 2099 1024 2146 graciam
1061 2098 1125 2146 qui
1161 2098 1278 2133 istum
1315 2098 1433 2132 finem
1458 2095 1746 2145 quintuplicem

1755 598 1768 629 tt*

441 2172 519 2194 non
553 2158 707 2206 perficit
740 2158 778 2192 in
811 2171 851 2193 se
884 2157 983 2204 ipso.
1018 2159 1116 2191 Nam
1152 2157 1370 2191 secundum
1412 2154 1744 2202 philosophorum

440 2216 660 2253 sentencias
678 2218 729 2258 (et
749 2224 805 2251 est
830 2228 898 2262 per
920 2228 959 2250 se
975 2223 1113 2250 notum
1133 2226 1173 2249 ex
1193 2212 1386 2257 terminis)
1405 2211 1632 2260 quicunque
1656 2210 1749 2246 facit

442 2275 655 2322 quicquam
690 2282 855 2321 propter
888 2273 1004 2308 finem
1041 2272 1214 2319 aliquem
1249 2272 1458 2306 excludens
1492 2271 1596 2305 hunc
1630 2269 1746 2304 finem

442 2333 603 2367 frustrat
642 2340 873 2379 operantem
909 2343 930 2366 a
964 2343 1034 2365 suo
1067 2331 1124 2365 vel
1160 2328 1441 2365 condicionato
1473 2328 1533 2363 vel
1566 2326 1749 2363 absoluto
1765 2328 1805 2360 35

442 2389 662 2437 proposito.
712 2391 759 2424 Et
793 2388 938 2424 dicitur
971 2387 1158 2436 operacio
1191 2399 1261 2433 per
1293 2399 1332 2421 se
1365 2386 1524 2421 frustra.
1561 2383 1749 2429 Quamvis

443 2457 573 2483 autem
621 2448 751 2482 nullus
797 2446 1002 2481 hominum
1051 2453 1181 2492 potest
1220 2444 1411 2479 frustrare
1451 2445 1576 2478 Deum
1617 2455 1639 2478 a
1677 2454 1749 2476 suo

444 2505 664 2552 proposito,
716 2513 1018 2551 verumptamen
1070 2511 1198 2550 potest
1249 2506 1457 2549 (quantum
1512 2499 1549 2534 in
1595 2511 1634 2535 se
1678 2502 1749 2538 est)

444 2563 633 2598 frustrare
667 2562 874 2598 ecclesiam
915 2574 933 2596 a
970 2562 1185 2596 commodo
1219 2560 1325 2606 quod
1360 2561 1464 2594 Deus
1503 2556 1684 2601 intendit,
1719 2555 1748 2591 si

514 2692 553 2720 ω.
575 2685 614 2712 F:
642 2685 722 2719 qnod
745 2689 824 2710 sunl.
969 2682 1069 2710 13-15.
1090 2684 1133 2710 A:
1160 2682 1336 2709 communis
1355 2697 1387 2700 —
1408 2684 1629 2714 consequenter
1655 2679 1749 2705 deest.

446 2720 485 2745 is».
507 2719 546 2745 1³:
569 2719 627 2745 hiis
648 2720 741 2745 deest.
817 2728 857 2746 ιιιΔ
879 2719 922 2745 A:
945 2719 1106 2752 spiritales.
1181 2717 1226 2743 20.
1249 2717 1367 2743 (lodda
1389 2724 1458 2742 cum
1481 2715 1572 2741 enim.
1640 2721 1686 2747 20.
1711 2713 1749 2739 F:

444 2754 532 2779 istam
555 2754 647 2779 deest.
754 2753 800 2782 530,
822 2753 860 2779 31.
883 2753 976 2779 ‹:‹›d.:
998 2752 1225 2787 quintiplicem;
1253 2752 1292 2777 ib.
1314 2752 1352 2777 F:
1375 2750 1457 2784 quod
1477 2765 1510 2769 —-
1530 2748 1750 2783 quintuplicem

445 2789 537 2814 deest.
612 2787 653 2814 33.
674 2788 717 2814 A:
739 2793 764 2813 et
787 2789 879 2813 deest.
953 2786 999 2821 3¹)-
1021 2788 1059 2813 l-'t
1083 2786 1212 2812 intendit
1232 2786 1294 2811 sed.

517 2881 546 2901 2.
573 2871 625 2901 Ad
652 2870 770 2900 Titum
800 2871 836 2910 ΙΙ,
862 2881 908 2901 12.
