1944 3323
179 247 314 277 semro
336 236 403 294 ιιι]
666 249 841 281 ἰιῑκΤιΑ
870 250 995 281 PARs.

179 357 436 407 provocativa
470 356 547 392 sint
580 358 628 392 ad
663 356 902 404 spiritualia,
936 355 1036 391 sicut
1061 355 1225 403 spiritus
1249 356 1356 391 carni
1383 365 1497 391 natu-

179 416 314 453 raliter
348 415 574 463 copulatur.
612 416 715 450 Deus
749 424 883 450 tamen
919 413 1125 461 probibuit
1159 413 1398 461 temporalia
1429 415 1496 449 ad-

179 473 286 521 iungi
334 471 609 522 spiritualibus
656 472 694 508 in
740 471 935 520 apostolis
981 480 1017 507 et
1064 471 1232 508 ccclesia
1279 471 1495 518 primitiva,

178 532 272 581 quia
312 534 417 568 Deus
460 530 585 567 voluit
630 530 842 567 ecclesiam
883 542 995 566 suam
1036 529 1118 577 regi
1159 542 1229 577 per
1269 528 1497 577 spirituales

146 590 354 639 §prelatos
393 598 431 626 et
470 588 756 637 temporalium
799 596 1110 636 contemptores.
1166 590 1268 624 Nam
1308 587 1375 635 qui
1414 588 1496 623 vult

179 648 253 685 sibi
287 660 426 684 cavere
461 649 508 683 de
543 646 704 691 muscis,
741 654 852 682 cavet
884 645 957 682 sibi
993 647 1040 682 de
1073 646 1175 682 lacte
1209 654 1246 682 et
1281 645 1396 681 melle
1421 657 1497 693 que

119 734 124 737 »
178 706 448 743 inclinativius
494 717 628 741 musce
673 713 824 741 amant.
880 704 1117 740 Previdebat
1162 703 1268 740 enim
1315 703 1497 739 Christus

178 766 286 813 quod
320 772 522 801 amatores
555 763 799 811 temporalia
831 763 1034 799 auferrent
1067 761 1101 798 ei
1134 761 1306 807 animam,
1346 761 1377 798 si
1417 762 1497 810 spi*

178 823 390 860 ritualibus
423 821 566 858 officiis
598 820 840 869 temporalia
873 821 984 857 lucra
1018 829 1281 857 converteret.

125 894 162 915 10
236 882 422 918 Secunda
453 879 677 916 similitudo
710 892 781 915 sua
813 887 871 915 est
904 879 1013 927 quod
1045 879 1182 915 volens
1216 878 1367 927 aliquid
1399 878 1496 914 dila-

177 939 304 977 cerari
337 952 359 976 a
392 937 558 975 canibus
590 937 721 986 ipsum
754 937 930 974 involvat
962 936 1002 972 in
1035 949 1196 973 carnem
1232 945 1268 973 et
1302 948 1420 973 canes
1453 949 1496 972 ex

178 997 360 1047 appetitu
399 998 450 1034 ad
489 996 618 1045 ipsam
652 996 888 1032 lacerabunt
921 1004 1003 1032 tam
1039 1008 1178 1031 carnes
1211 1007 1332 1043 quam
1368 994 1493 1031 eciam

176 1056 415 1093 involutum.
451 1055 516 1092 Sic
549 1063 683 1091 autem
718 1063 775 1090 est
809 1055 856 1090 de
889 1053 1055 1090 canibus
1089 1052 1260 1099 diaboli3
1293 1062 1384 1089 sunt
1418 1052 1495 1101 spi-

177 1113 389 1151 ritualibus
423 1113 652 1150 convoluta.

124 1175 160 1207 15
233 1172 421 1209 Tercium
469 1171 694 1219 exemplum
741 1183 857 1207 suum
903 1179 961 1206 est
1002 1171 1111 1219 quod
1155 1169 1284 1218 pisces
1329 1170 1494 1206 hamum

177 1230 399 1279 ingluciunt
431 1231 481 1266 ad
514 1242 628 1266 suam
663 1228 965 1273 mortalitatem,
991 1229 1154 1277 quando
1187 1228 1329 1264 hamus
1362 1240 1495 1263 verme

176 1289 322 1337 tegitur
355 1297 392 1325 et
424 1287 480 1324 sic
515 1287 623 1324 milvi
648 1286 837 1323 intestina
860 1286 1154 1335 corrumpitur,
1190 1286 1325 1334 cupidi
1350 1286 1494 1334 prelati

176 1347 309 1384 officia
342 1345 509 1383 ecclesie
542 1347 592 1383 ad
622 1345 963 1394 dampnacionem
987 1345 1061 1381 sibi
1085 1353 1248 1381 sumunt
1272 1344 1493 1392 inprovide,

177 1407 272 1442 dum
306 1415 442 1442 tamen
477 1404 532 1441 eis
564 1403 851 1453 temporalium
887 1403 1003 1452 copia
1026 1403 1075 1439 sit
1099 1415 1265 1440 annexa.
1300 1403 1377 1439 Sed
1402 1415 1495 1450 pro-

119 1476 160 1497 20
175 1463 407 1501 verbialiter
441 1462 589 1499 dicitur
622 1463 731 1511 quod
763 1463 958 1498 cadavera
993 1462 1086 1511 lupi,
1108 1462 1316 1510 frumenta
1350 1473 1494 1504 mures,

171 1523 338 1572 predam
370 1522 544 1570 sequitur
575 1521 687 1557 turba
721 1521 808 1565 ista,
841 1532 915 1556 non
954 1520 1166 1556 Christum.

236 1583 347 1626 Item,
389 1579 569 1616 Christus
607 1578 759 1615 sciebat
793 1580 901 1626 quod
939 1577 1183 1626 temporalia
1216 1576 1493 1625 spiritualibus

175 1651 328 1675 annexa
367 1637 511 1674 terrori
557 1646 594 1673 et
639 1636 931 1685 impedimento
978 1644 1108 1672 essent
1153 1635 1247 1672 viris
1292 1634 1492 1683 perfectis.

176 1696 266 1733 ideo
305 1695 593 1733 omnisciencia
633 1694 841 1743 prohibuit
881 1694 921 1730 in
960 1693 1124 1742 prelatis
1157 1693 1238 1730 suis
1272 1694 1377 1730 bona
1410 1703 1492 1729 tam

118 1757 157 1789 25
175 1754 354 1803 disparia
386 1753 654 1790 commisceri.
690 1752 788 1799 Quis
813 1752 918 1789 enim
942 1765 1037 1789 sane
1062 1752 1206 1788 mentis
1229 1764 1311 1788 non
1334 1751 1494 1787 timeret

174 1826 258 1850 esse
306 1812 560 1861 dispensator
606 1810 906 1859 temporalium,
955 1811 1118 1859 quando
1162 1809 1306 1858 legitur
1349 1811 1492 1846 Judarn

174 1871 301 1908 furem
335 1870 548 1908 occasione
581 1869 868 1918 temporalium
902 1868 1020 1905 fuisse
1054 1868 1305 1917 proditorem
1330 1867 1492 1904 Domini

176 1938 213 1966 et
258 1929 440 1978 corporis
486 1941 531 1965 ac
571 1927 733 1976 spiritus
774 1926 930 1976 proprii
971 1926 1244 1964 homicidam?
1287 1927 1366 1962 Aut
1405 1925 1493 1974 quis

175 2000 257 2024 non
301 1987 460 2024 timeret
499 1999 570 2035 per
610 1986 745 2022 locum
784 1985 897 2021 illum
938 1985 994 2021 ire
1034 1985 1073 2021 in
1115 1997 1195 2033 quo
1240 1983 1313 2021 scit
1359 1984 1492 2020 clavos

118 2049 160 2082 30
176 2046 354 2094 positos?
385 2045 442 2082 sic
475 2044 563 2094 quis
595 2057 677 2080 non
709 2043 869 2080 timeret
902 2056 973 2092 per
1005 2052 1165 2079 terrena
1197 2042 1272 2079 ista
1307 2042 1492 2078 incedere

175 2104 243 2153 qui
281 2104 375 2152 legit
413 2103 452 2139 in
484 2104 557 2140 Job
598 2103 706 2151 quod
745 2102 968 2138 abscondita
1019 2109 1074 2138 est
1124 2102 1159 2137 in
1205 2108 1312 2137 terra
1352 2101 1491 2150 pedica

175 2163 349 2199 diaboli?
371 2161 435 2199 Sic
459 2174 552 2209 ergo
576 2162 696 2209 pedes
718 2161 780 2197 vel
804 2159 1042 2197 affecciones
1066 2159 1190 2196 animi
1215 2158 1336 2196 claris
1356 2158 1490 2194 huius-

176 2221 286 2258 modi
309 2219 596 2268 temporalium
620 2219 894 2264 vulnerantur,
920 2219 1028 2267 quod
1051 2218 1111 2254 vix
1134 2231 1259 2254 unum
1290 2218 1490 2265 prelatum

174 2278 349 2316 invenies
383 2277 451 2327 qui
490 2276 663 2314 sufficiat
699 2277 760 2313 vel
794 2278 940 2313 audeat
973 2276 1013 2313 in
1046 2276 1108 2312 via
1142 2275 1317 2321 Domini,
1359 2276 1492 2311 defen-

116 2340 158 2373 35
175 2339 307 2374 dendo
339 2336 517 2373 veritatis
551 2348 727 2381 causam,
763 2335 939 2372 corditer
972 2335 1192 2371 ambulare.

234 2398 346 2439 Item,
379 2394 614 2443 previdebat
638 2393 835 2429 Dominus
864 2392 1105 2441 temporalia
1139 2392 1212 2428 ista
1247 2390 1491 2439 putrifienda

175 2463 212 2490 et
247 2454 395 2489 multos
428 2452 468 2488 in
501 2452 669 2489 ecclesia
702 2453 979 2497 submersura3
1013 2450 1103 2487 ideo
1136 2463 1218 2487 non
1249 2449 1492 2497 angustiavit

174 2524 267 2548 suos
311 2511 518 2560 apostolos
562 2510 646 2546 istis
691 2509 825 2558 aquis;
874 2508 1117 2558 temporalia
1163 2508 1268 2545 enim
1315 2520 1391 2555 que
1435 2506 1490 2542 sic

177 2579 361 2618 mergunt
395 2569 577 2605 homines
610 2577 806 2605 vocantur
838 2580 937 2617 aqua
974 2567 1156 2615 (Apocal.
1190 2568 1293 2611 XII0,
1326 2566 1405 2610 ι5);
1440 2564 1490 2600 El

115 2643 160 2673 40
175 2629 275 2664 misit
307 2640 466 2677 serpens
498 2639 548 2663 ex
580 2639 647 2663 ore
678 2639 746 2663 suo
773 2634 864 2676 post
897 2626 1096 2662 mulierem
1131 2638 1269 2674 aquam
1295 2632 1489 2672 [amquam

245 2763 281 2791 13.
303 2763 398 2790 Coa:
420 2763 449 2791 ssi
473 2767 583 2790 autem.
729 2764 770 2789 iti.
792 2761 886 2789 (Lod.:
910 2761 1082 2789 mortalem.
1226 2766 1268 2786 22.
1292 2758 1322 2785 111
1347 2765 1442 2792 marg.
1464 2764 1490 2784 2.

174 2807 219 2834 25».
242 2798 337 2826 Cod.:
359 2806 419 2833 quo
442 2797 489 2824 sit.
562 2796 610 2831 34.
633 2796 728 2824 Cod.:
751 2796 781 2824 in
803 2796 895 2824 viam.
970 2795 1016 2823 36.
1039 2795 1072 2822 In
1094 2802 1208 2829 marga
1230 2793 1244 2820 15

245 2882 297 2915 31.
324 2881 401 2914 Job.
429 2881 551 2920 XVIII,
575 2891 626 2913 10.

1543 420 1611 446 (lod
1635 422 1760 448 torbade

1542 456 1757 482 cnduumems

1541 489 1669 516 because
1690 491 1758 517 lber

1562 529 1668 551 attinet
1691 524 1746 551 Ibe

1579 560 1719 595 worldlnx,

1522 1582 1573 1608 bnt
1596 1583 1673 1616 repe]
1697 1583 1784 1609 lliose

1579 1618 1648 1643 who
1670 1626 1719 1644 are

1589 1657 1712 1687 perte-:1⁴

1536 2395 1601 2422 The
1623 2395 1744 2421 ‹jhm-ch

1543 2430 1690 2457 drownecl
1714 2429 1741 2455 ἰιι

1568 2465 1717 2499 tempora!

1538 2508 1744 2534 p()F‘SC»lUll>.
