1944 3323
149 276 231 311 424
731 274 953 306 JOHANNIS
974 273 1157 305 WYCLIF
1176 273 1430 305 SERMONUM
1465 261 1617 318 [SERMO
1639 271 1743 298 XLIX-

440 382 576 417 fimum
612 394 691 416 non
726 381 763 415 in
799 380 873 415 ista
906 379 1094 426 voragine
1128 381 1384 416 seducantur.
1431 380 1469 415 Si
1505 380 1608 415 enim
1645 380 1744 416 inni-

439 447 575 474 tuntur
599 437 836 485 spoliacioni
862 437 1144 484 temporalium
1170 437 1435 487 subditorum,
1459 446 1745 485 postponentes

439 495 771 532 informacionem
824 504 859 531 et
906 494 1113 541 spirituale
1161 495 1408 541 suffragium,
1455 495 1542 543 quis
1590 496 1745 532 dubitat

439 554 534 602 quin
568 553 801 589 inferiorant
835 565 876 588 se
910 552 1030 600 ipsos,
1072 552 1318 589 adnichilant
1359 562 1395 589 et
1434 554 1746 590 transformant?

440 611 677 648 Inferiorant
722 611 918 658 (inquam)
965 622 1004 646 sc
1049 610 1156 658 ipsos
1205 624 1226 647 a
1271 610 1469 658 superiori
1521 611 1655 647 officio
1708 611 1779 647 in5

440 670 621 705 membra
654 668 815 704 diaboli.

160 734 429 772 Letoon-‚maur
498 729 551 762 Ex
591 726 674 762 istis
714 735 822 774 patet
863 739 950 762 cum
987 735 1137 773 quanta
1177 725 1388 773 diligencia
1422 726 1588 774 quilibet
1620 726 1747 763 viator

151 765 425 837 ‘'{l‘ffingsslenffssfln
440 783 684 820 examinaret
717 792 863 820 statum
899 792 935 820 et
958 796 1058 830 opus
1091 783 1313 831 proprium,
1343 793 1476 819 utrum
1502 784 1594 820 facit
1618 784 1747 820 debite
1766 808 1825 838 ΡΟ]

152 837 415 899 ffilOsO-log‘ljnlffllfsssf
441 851 478 878 et
511 842 626 890 plene
659 853 759 889 opus
793 843 899 889 quod
931 840 933 893 l
964 841 1134 889 pertinet
1168 854 1240 877 suo
1274 841 1420 886 officio,
1455 843 1562 889 quod
1595 841 1626 877 si
1659 851 1749 889 post
1766 831 1845 885 2855¹

165 893 174 899 i
198 892 214 907 Ὀ
419 893 727 947 ’ρῑοῦειείοῃειῃ
753 899 911 935 fidelem
944 898 983 934 in
1017 899 1247 935 constancia
1280 912 1350 935 sua
1382 899 1589 945 invenerit,
1614 900 1748 936 laudet
1770 910 1806 930 ¹0

442 960 568 993 Deum
609 970 631 993 a
670 970 750 1005 quo
789 956 968 1004 graciose
1006 965 1064 993 tot
1103 958 1208 993 bona
1246 956 1287 992 in
1325 969 1520 1004 organum
1558 966 1640 993 tam
1682 958 1749 993 ab-

442 1015 589 1051 iectum
623 1014 885 1060 influxerunt;
919 1023 955 1050 et
989 1015 1045 1050 sic
1079 1024 1234 1051 servata
1267 1014 1493 1050 humilitate
1527 1023 1563 1050 et
1594 1014 1749 1051 abiecta

441 1072 751 1121 presumpcione
797 1072 836 1108 in
880 1085 920 1108 se
960 1073 1046 1120 ipso
1086 1072 1255 1119 gloriam
1296 1072 1457 1109 habebit
1498 1081 1534 1108 et
1573 1072 1612 1108 in
1651 1075 1748 1118 Deo,

442 1144 559 1179 quem
600 1131 639 1166 in
678 1143 718 1166 se
761 1130 954 1167 invenerit
989 1139 1024 1166 et
1056 1144 1138 1166 non
1170 1130 1209 1166 in
1241 1143 1280 1166 se
1314 1131 1439 1166 altero
1473 1142 1591 1178 quem
1624 1131 1749 1167 fanta-

441 1189 566 1225 siatur
606 1190 775 1236 superbe
816 1201 900 1224 esse
940 1188 1091 1236 aliquid
1132 1201 1202 1236 per
1241 1188 1533 1224 inhabitantem
1573 1188 1747 1236 graciam
1771 1189 1806 1220 ¹5

443 1260 533 1283 cum
567 1259 648 1282 non
680 1246 785 1282 insit.
819 1246 928 1282 Talis
963 1246 1067 1282 enim
1103 1255 1216 1293 putat
1249 1258 1289 1282 se
1324 1259 1405 1282 esse
1434 1247 1602 1281 alterum
1629 1259 1749 1294 quam

442 1305 490 1341 sit
524 1306 571 1340 de
604 1305 723 1345 facto,
757 1316 846 1339 cum
882 1304 1089 1340 manifeste
1121 1316 1161 1339 se
1194 1303 1359 1339 seducit.
1395 1305 1486 1339 Ideo
1520 1303 1615 1339 dicit
1644 1306 1750 1352 Apo-

442 1363 585 1398 stolus:
632 1362 738 1410 Opus
780 1369 905 1397 autem
945 1374 1055 1397 suum
1091 1362 1231 1410 probet
1270 1362 1523 1409 uuusquisque
1554 1369 1589 1397 et
1619 1362 1673 1397 Sic
1706 1363 1751 1397 de

441 1433 481 1456 se
521 1420 601 1468 ipso
641 1427 786 1454 tautum
827 1420 997 1469 gloriam
1038 1419 1186 1454 habebit
1224 1427 1258 1454 el
1297 1432 1367 1454 nou
1407 1420 1441 1454 in
1480 1420 1615 1454 altero.
1662 1422 1750 1455 Non

443 1478 546 1513 enim
582 1477 751 1512 intendit
784 1477 1001 1524 Apostolus
1040 1477 1080 1512 in
1120 1478 1194 1512 hoc
1229 1477 1336 1512 dicto
1369 1478 1477 1524 quod
1509 1477 1637 1512 viator
1669 1490 1749 1513 non
1768 1488 1808 1508 20

443 1537 559 1571 debet
584 1535 747 1582 gloriari
771 1535 809 1570 in
834 1535 1008 1570 Domino
1031 1535 1091 1570 vel
1115 1536 1221 1582 quod
1247 1535 1414 1571 ecclesia
1447 1544 1513 1570 aut
1547 1535 1750 1582 proximus

443 1606 536 1629 suus
570 1593 753 1641 procedit
792 1605 982 1640 prospere
1023 1593 1062 1628 in
1101 1592 1258 1631 virtute,
1300 1594 1367 1628 sed
1401 1594 1509 1640 quod
1548 1592 1631 1640 ipse
1669 1606 1751 1629 non

444 1653 560 1687 debet
594 1650 764 1686 inaniter
797 1650 961 1698 gloriari
995 1652 1042 1686 de
1075 1663 1115 1686 se
1148 1650 1247 1697 ipso,
1283 1650 1374 1698 quia
1408 1660 1502 1687 tunc
1535 1652 1582 1686 de
1615 1663 1654 1686 se
1687 1652 1751 1686 de-

445 1709 602 1756 cipitur,
650 1709 851 1744 credendo
896 1721 935 1744 se
979 1720 1061 1744 esse
1101 1709 1270 1744 alterum
1313 1721 1432 1756 quam
1472 1708 1521 1744 sit
1558 1709 1752 1744 veraciter

189 1771 238 1809 No
260 1779 317 1797 one
339 1779 393 1797 can
445 1768 552 1814 apud
593 1769 735 1802 Deum.
782 1768 873 1802 Ideo
913 1766 1022 1802 stulti
1061 1775 1152 1802 sunt
1192 1766 1259 1813 qui
1303 1779 1402 1802 vane
1446 1765 1668 1813 gloriantur
1712 1766 1751 1801 in
1769 1769 1808 1800 25

192 1806 392 1867 liifff'eassffloff
446 1824 536 1860 ficta
570 1825 686 1860 laude
719 1824 895 1869 alterius,
932 1837 1020 1860 cum
1055 1825 1199 1859 debent
1232 1823 1270 1859 in
1303 1824 1467 1871 propria
1501 1823 1753 1860 consciencia

155 1883 224 1901 own
241 1875 586 1917 c01iscience.mefius
633 1883 765 1929 quoad
816 1882 1003 1917 meritum
1051 1895 1170 1929 quam
1221 1881 1287 1917 alii
1333 1881 1511 1917 iudicare
1557 1890 1593 1917 et
1636 1882 1752 1929 longe

447 1939 575 1975 minus
610 1941 657 1975 de
691 1952 780 1974 meo
815 1939 958 1975 merito
993 1941 1099 1987 quod
1132 1939 1171 1974 in
1204 1938 1454 1975 consciencia
1480 1951 1566 1974 mea
1590 1939 1752 1987 propria

446 1997 658 2033 stabilitur.
692 1999 740 2032 Et
764 1997 853 2033 ideo
877 1997 1080 2044 subiungit
1103 1997 1340 2044 Apostolus:
1379 1997 1640 2045 Unusquisque
1661 2009 1754 2033 onus

445 2068 554 2091 suum
583 2055 767 2104 portabit.
803 2056 903 2090 Cum
938 2054 1042 2090 enim
1076 2054 1156 2090 vita
1188 2054 1331 2090 viantis
1363 2054 1411 2089 sit
1446 2054 1651 2090 meritoria
1674 2054 1752 2090 sive
1770 2068 1810 2087 ³0

447 2112 658 2160 culpabilis
703 2124 746 2148 ex
789 2112 1027 2148 rectitudine
1071 2113 1131 2147 vel
1177 2111 1413 2159 obliquitate
1458 2112 1621 2159 proprie
1661 2124 1753 2148 con-

446 2170 630 2213 sciencie,
672 2178 780 2217 patet
814 2171 934 2217 quod,
976 2169 1077 2205 sicut
1116 2169 1183 2205 illa
1224 2169 1475 2205 consciencia
1508 2179 1564 2205 est
1598 2169 1636 2205 in
1670 2172 1753 2205 Deo

448 2227 683 2263 abscondita
723 2236 758 2263 et
800 2229 880 2263 Deo
920 2228 1039 2275 plane
1078 2227 1250 2274 cognita,
1297 2227 1352 2263 sic
1392 2228 1497 2274 apud
1538 2227 1754 2262 Dominum

447 2294 605 2333 oportet
651 2286 758 2332 quod
806 2293 937 2332 portet
988 2286 1211 2320 mercedem
1261 2284 1482 2332 propriam,
1529 2293 1571 2320 ut
1611 2284 1755 2320 meruit

447 2344 552 2390 apud
575 2345 715 2383 Deum,
732 2356 812 2378 non
835 2352 876 2378 ut
893 2343 1130 2378 blasfemant
1156 2343 1314 2379 fratres:
1339 2342 1407 2390 qui
1431 2351 1567 2378 emunt
1590 2351 1754 2389 peccata
1773 2344 1810 2376 35

448 2401 668 2445 hominum,
703 2400 925 2447 obligantes
958 2413 1000 2436 ex
1035 2400 1201 2436 dacione
1226 2412 1435 2435 munerum
1461 2400 1533 2435 sibi
1556 2400 1616 2435 vel
1640 2399 1755 2435 alteri

447 2458 559 2494 fratri
600 2471 684 2502 suo,
727 2458 783 2494 sic
824 2458 1074 2505 premiantur
1119 2459 1226 2505 apud
1267 2460 1393 2493 Deum
1432 2458 1493 2493 vel
1531 2458 1753 2501 salvantur3

447 2529 538 2551 nam
574 2517 790 2551 secundum
826 2516 1064 2563 Apostolum
1104 2516 1366 2563 Unusquisque
1397 2527 1489 2550 onus
1521 2528 1630 2550 suum
1659 2527 1753 2563 por-

447 2574 552 2618 tabit,
591 2574 808 2609 secundum
849 2574 955 2621 quod
1001 2573 1039 2608 in
1087 2573 1252 2621 proprio
1297 2572 1463 2608 arbitrio
1509 2572 1651 2608 meruit
1694 2573 1754 2607 vel

448 2630 645 2666 demeruit
668 2632 773 2678 apud
798 2633 938 2675 Deum,
973 2633 1079 2679 quod
1114 2630 1265 2666 excedit
1296 2629 1487 2666 noticiam
1521 2630 1581 2665 vel
1614 2629 1753 2665 iustifi-
1767 2642 1811 2672 40

448 2688 652 2724 cacionem
688 2688 832 2724 fratris.

518 2818 558 2845 19.
581 2810 674 2837 emt:
695 2811 804 2845 gloria
878 2810 922 2837 50.
945 2810 1039 2837 emi:
1061 2810 1194 2837 alterius.

522 2881 571 2912 18.
598 2882 673 2913 Gal.
696 2882 753 2920 Vl,
779 2893 811 2921 4.
909 2891 961 2924 29.
989 2881 1032 2912 ib.
1061 2881 1090 2912 5.
