1944 3323
163 271 299 304 SERMO
320 260 388 320 m]
632 272 823 306 Triari»,
852 273 980 306 PARS.

159 384 285 433 possit
336 396 426 420 eum
471 381 651 419 nocivius
697 381 931 418 vulnerare?
984 382 1032 416 Et
1078 389 1214 416 tamen
1265 378 1477 414 examinati

159 444 209 479 ad
248 451 380 490 partes
419 439 645 477 necessitati
685 448 776 476 sunt
817 440 1038 475 concedere
1079 438 1186 486 quod
1221 438 1297 473 hoc
1331 436 1480 472 faciunt

159 513 203 536 ex
240 500 400 536 vinculo
440 498 630 535 caritatis.
678 499 915 534 Concedunt
947 496 1053 533 enim
1088 502 1145 540 (but
1179 496 1339 539 debent)
1373 495 1481 542 quod

160 567 298 595 amant
332 569 593 607 quoscunque
627 556 832 604 proximos
864 568 957 592 suos
992 555 1030 590 in
1065 553 1246 598 caritate,
1281 561 1317 589 et
1351 552 1406 588 sic
1441 561 1481 587 ut

128 616 312 654 5inimici
353 628 492 653 eorum
527 627 627 663 quos
666 623 804 650 amant
843 622 1016 649 noceant
1057 612 1188 648 minus
1223 610 1389 647 ecclesie
1421 611 1482 646 vel

161 684 203 712 ut
242 675 373 711 minus
412 674 515 711 sicut
555 672 764 721 dampnati
804 672 860 708 sic
898 671 1082 720 puniunt,
1124 679 1161 706 et
1201 670 1482 706 descendendo

161 747 183 770 a
224 746 329 782 papa
369 745 496 781 usque
530 733 580 768 ad
613 731 826 779 episcopos
860 731 1007 766 nedum
1042 741 1123 765 non
1157 727 1373 776 prohibent
1409 727 1483 763 ista

162 792 247 829 fieri
292 792 362 828 sed
408 791 448 828 in
493 802 613 827 causa
666 798 704 826 et
747 801 920 837 persona
974 787 1140 836 propria
1183 786 1239 823 sic
1283 787 1484 822 laborant.

163 849 368 899 Numquid
408 849 610 885 credimus
650 847 921 884 estimandum
961 855 1018 882 est
1051 844 1231 881 officium
1264 843 1485 880 sacerdotis

109 919 147 940 10
164 908 313 946 Christi
358 907 414 944 sic
459 918 638 955 pugnare
682 918 756 954 pro
802 913 979 941 stercore
1024 902 1312 952 temporalium
1353 911 1389 938 et
1430 901 1485 937 sic

163 967 370 1003 intendere
403 965 644 1002 loricatum?
681 977 774 1000 nam
808 963 955 1000 virtute
989 971 1026 998 et
1059 961 1303 998 auctoritate
1338 959 1486 996 Christi

163 1025 429 1074 prophetatur
460 1023 666 1068 (lsaie110,
691 1025 731 1068 4)
765 1023 813 1058 de
846 1020 1013 1058 brachio
1047 1019 1217 1057 seculari
1251 1020 1360 1068 quod
1399 1031 1487 1054 con—

152 1084 309 1134 flabunt
336 1082 494 1134 gladios
525 1094 616 1118 suos
647 1081 683 1116 in
718 1092 893 1116 vomeres
925 1087 960 1116 et
983 1079 1137 1115 lanceas
1168 1090 1259 1115 suas
1291 1077 1485 1126 insalces.

164 1142 382 1188 Quomodo
406 1153 499 1188 ergo
523 1138 717 1188 surrepsit
749 1139 809 1175 lex
837 1137 1115 1174 antichristiva
1146 1148 1303 1172 summe
1326 1135 1486 1172 Christo

131 1199 367 1237 §contraria
401 1199 509 1247 quod
537 1206 727 1235 vocantes
760 1210 800 1233 se
833 1197 1065 1233 sacerdotes
1090 1194 1240 1232 Christi
1272 1193 1487 1242 precipuos

163 1268 373 1307 tamquam
405 1258 505 1293 alter
528 1256 721 1293 loricatus
752 1255 914 1292 Goliath
943 1253 999 1291 sic
1030 1253 1289 1302 pugnabunt?
1323 1251 1487 1289 indubie

164 1318 312 1353 nedum
352 1315 532 1352 seculare
571 1314 783 1351 brachium
829 1312 1124 1362 paganissimus
1170 1313 1245 1348 hoc
1291 1312 1486 1347 horreret.

165 1375 382 1421 Quomodo
415 1386 510 1422 ergo
542 1373 641 1409 tales
674 1373 805 1408 forent
845 1371 1142 1419 dispensatores
1175 1369 1297 1406 trium
1332 1368 1489 1417 predic-

165 1443 299 1470 torum
344 1431 663 1468 ministeriorum
706 1430 801 1466 Dei?
839 1443 921 1466 non
961 1428 1129 1465 dubium
1164 1428 1259 1477 quin
1299 1427 1377 1463 sint
1411 1426 1488 1463 dis-

110 1500 150 1522 20
165 1500 400 1540 pensatores
423 1489 605 1538 precipui
626 1501 871 1526 venenorum
896 1487 1060 1524 diaboli.
1087 1487 1306 1532 Quomodo
1330 1482 1487 1536 (queso)

166 1551 265 1587 tales
298 1557 522 1598 pugnantes
555 1547 700 1596 prelati
733 1545 897 1583 eciamsi
927 1546 1121 1582 haberent
1142 1544 1337 1581 noticiam
1373 1556 1489 1580 evan-

167 1607 365 1656 gelizandi
404 1604 530 1657 (quod
570 1618 658 1642 rare
698 1605 856 1651 evenit),
898 1605 1039 1640 devote
1078 1603 1334 1651 predicarent
1372 1615 1489 1638 evan-

168 1666 322 1714 gelium,
355 1666 407 1702 ad
450 1664 666 1701 utilitatem
711 1662 865 1712 populi,
905 1675 994 1699 cum
1035 1661 1113 1698 sint
1157 1662 1197 1697 in
1241 1673 1362 1709 opere
1407 1658 1489 1712 (cui

167 1725 258 1773 plus
289 1723 397 1760 credi
421 1724 538 1759 debet
561 1735 683 1771 quam
705 1721 851 1769 verbis)
884 1729 1039 1757 tantum
1066 1719 1140 1756 sibi
1164 1719 1259 1768 ipsis
1283 1718 1489 1755 contrarii.

113 1781 276 1820 25Idem
311 1781 416 1818 enirn
451 1789 553 1818 esset
577 1780 826 1828 evangelium
858 1791 928 1827 per
950 1779 1058 1826 ipsos
1093 1777 1251 1814 mittere
1285 1786 1322 1814 et
1352 1786 1490 1813 nectar

169 1854 239 1890 per
279 1841 454 1877 fistulam
492 1852 735 1876 venenosam
775 1838 1068 1874 transfundere.
1118 1838 1166 1872 Et
1205 1844 1400 1884 quantum
1442 1835 1491 1871 ad

169 1898 380 1936 oraciones
419 1898 480 1934 vel
520 1897 790 1934 mediaciones
830 1897 881 1932 ad
914 1897 1041 1932 Deum
1077 1908 1151 1943 pro
1184 1895 1350 1942 populo,
1385 1893 1491 1929 idem

81 1958 273 2011 pohforet
312 1958 433 1994 talem
474 1957 674 2005 prelatum
717 1953 985 1991 ministerium
1032 1953 1139 1990 istud
1177 1964 1411 2001 presumere
1457 1960 1493 1987 et

74 2025 154 2069 239⁶
172 2019 299 2052 Deum
331 2024 413 2052 tam
446 2023 587 2052 contra
612 2013 839 2050 mittentem
865 2025 985 2061 quam
1012 2012 1177 2048 missum
1208 2007 1212 2064 Ι
1242 2011 1281 2047 in
1314 2011 1491 2046 furorem

113 2074 154 2106 30
170 2083 324 2111 vertere
356 2082 399 2109 ut
432 2072 655 2110 sentenciat
687 2074 826 2109 beatus
860 2071 1089 2119 Gregorius.
1130 2072 1179 2105 Et
1213 2078 1408 2117 quantum
1443 2069 1493 2104 ad

171 2141 520 2169 sacramentorum
562 2130 922 2175 ministracionem‚
964 2138 1075 2178 patet
1108 2129 1216 2177 quod
1250 2127 1354 2163 idem
1391 2127 1493 2162 foret

171 2191 369 2240 prelatum
401 2191 523 2226 talem
558 2197 813 2226 sacramenta
845 2187 1011 2225 ecclesie
1044 2186 1274 2223 ministrare
1308 2194 1344 2221 et
1368 2184 1493 2220 Belial

171 2251 321 2286 habens
346 2261 489 2285 manus
510 2248 658 2284 nedum
682 2248 820 2296 plenas
849 2246 1042 2295 sanguine
1065 2246 1134 2282 sed
1156 2256 1309 2281 veneno
1334 2243 1490 2279 letifero

172 2307 391 2344 distillante
425 2314 680 2343 sacramenta
713 2304 903 2342 subiectis
926 2304 1145 2352 porrigere.
1180 2301 1386 2350 Numquid
1411 2313 1494 2337 cre-

115 2364 154 2397 35
171 2365 304 2402 dimus
352 2365 650 2413 dispensatores
691 2372 774 2400 tarn
810 2362 966 2400 celestis
1008 2360 1186 2398 thesauri
1221 2359 1494 2396 immiscentes

173 2437 263 2460 cum
304 2425 380 2460 hoc
418 2432 531 2459 tanta
568 2429 721 2459 venena
762 2421 913 2458 diaboli
953 2433 1037 2457 esse
1070 2419 1142 2456 Dei
1184 2428 1221 2455 et
1254 2417 1313 2454 sui
1353 2416 1493 2465 populi

171 2481 424 2530 proditores?
456 2481 565 2529 quod
597 2479 629 2516 si
661 2493 742 2516 non
775 2479 1008 2528 dispensant
1040 2479 1273 2514 thesaurum
1308 2476 1493 2512 celestem

172 2541 239 2576 sed
273 2551 372 2588 pure
404 2540 637 2575 thesaurum
672 2538 834 2584 diaboli,
865 2550 945 2574 non
979 2538 1148 2573 evadent
1171 2534 1267 2584 quin
1289 2543 1384 2570 tunc
1417 2533 1495 2569 sint

173 2597 470 2646 dispensatores
503 2596 666 2645 pessimi
690 2596 788 2644 legis
812 2595 959 2632 Christi
990 2604 1027 2631 et
1050 2593 1265 2641 utrobique
1289 2592 1495 2628 involvunt

242 2728 270 2749 (ι.
293 2719 387 2747 Cod.:
408 2718 589 2746 Notandum
611 2719 777 2746 credimus.
853 2725 889 2745 12.
914 2717 1009 2744 eod:
1031 2717 1108 2744 Isaie
1128 2716 1164 2743 10.
1247 2723 1287 2747 ιι,
1309 2715 1404 2741 Codm
1428 2721 1493 2740 sur-

174 2755 280 2790 repen.
356 2763 394 2788 ¹7-
416 2755 520 2781 Recte:
544 2754 594 2781 scd
617 2760 645 2780 et
667 2753 876 2788 paganismus
959 2751 1002 2779 23.
1024 2751 1119 2779 <2042
1142 2758 1247 2785 opero.
1323 2750 1369 2776 20.
1394 2748 1490 2775 (ζωὰς

173 2790 395 2816 transciudere.
464 2788 510 2822 31.
534 2788 628 2816 Cod.:
653 2789 800 2823 pcrigere.

245 2861 298 2893 30.
327 2862 360 2892 S.
389 2860 563 2902 Gregorii,
591 2860 747 2902 Regulae
775 2859 965 2901 pastoralis
993 2859 1029 2889 P.
1051 2857 1072 2889 l.
1093 2868 1120 2888 c.
1143 2858 1181 2895 X,
1211 2857 1279 2888 vol.
1301 2856 1338 2894 ΙΙ,
1364 2865 1401 2886 10
1421 2864 1493 2895 seq.

175 2907 225 2940 Cf.
245 2907 414 2948 Trialog.‚
440 2917 519 2950 pag.
549 2906 626 2939 365.

1511 907 1575 933 Evil
1598 907 1631 945 ol
1649 906 1774 939 fighting

1578 946 1698 976 priests,

1514 1372 1601 1407 They·
1623 1380 1672 1398 :ire
1694 1372 1767 1398 uniit

1555 1413 1585 1434 to
1608 1407 1729 1442 pre-ach.

1572 1904 1602 1926 10
1624 1907 1709 1934 pruy,

1525 2141 1560 2159 ol·
1580 2137 1610 2158 ιω
1633 2131 1770 2158 minister

1508 2169 1557 2194 tlte
1580 2171 1779 2193 sacrumculs,
