1944 3323
130 276 266 306 sERMO
281 266 436 324 xxxvi]
615 280 788 312 TERTIA
819 279 948 311 PARs.
1659 271 1733 308 305

131 387 318 424 omnibus
348 386 493 424 talibus
523 386 649 434 magis
678 396 838 424 nocent.
873 388 1078 424 Seducunt
1107 396 1239 424 autem
1271 400 1311 424 se
1340 388 1449 436 ipsos

132 455 169 482 et
214 446 410 495 populum
457 458 528 494 per
574 446 650 482 hoc
696 445 1008 492 fraternitatum,
1056 445 1363 483 absolucionum
1412 456 1448 483 et

130 504 302 541 aliorum
342 503 611 552 spiritualium
658 503 890 540 simulatum
935 504 1184 553 suffragium,
1231 517 1321 541 cum
1366 518 1448 541 non

131 564 278 599 habent
317 571 559 611 potestatem
602 564 824 599 concedere
869 562 956 599 aliis
1001 562 1364 612 participacionem
1408 563 1449 599 in

98 624 113 655 5
130 620 210 657 suis
235 620 388 657 meritis
412 619 576 658 eciamsi
600 620 736 667 assint,
756 622 824 658 sed
849 633 987 658 eorum
1005 621 1243 658 distribucio
1259 621 1449 658 fratribus

130 688 190 716 est
222 678 388 727 propria
421 678 495 716 soli
528 681 626 715 Deo.

189 737 380 783 Quamvis
415 746 549 774 autem
583 737 720 774 oracio
754 737 961 775 meritoria
993 751 1068 787 pro
1096 751 1269 787 persona
1300 738 1378 775 alia
1408 738 1448 774 in
1491 742 1621 782 Prayers
1642 750 1712 793 nffl'

131 795 266 832 multis
299 795 378 832 casi
408 792 412 849 Ι
442 797 514 832 bus
548 797 719 832 multum
753 796 893 844 prosit,
926 806 1062 833 tamen
1095 799 1315 834 secundum
1340 798 1448 846 quod
1489 777 1715 847 pffiptoffilgss

131 854 330 902 cupiditas
385 864 422 891 et
472 855 707 903 blasphema
759 854 952 892 securitas
1004 855 1044 892 in
1095 855 1326 892 oratoribus
1378 848 1587 891 fuitoifered
1609 847 1734 881 rightly.

78 928 115 949 ιο
131 913 318 959 extincta,
358 915 427 949 sed
461 912 548 949 illas
589 913 833 950 convincunt
867 913 1216 951 communicantes
1250 927 1339 951 cum
1374 915 1451 951 fra-

130 971 257 1007 tribus
299 984 342 1007 ex
381 971 510 1008 verbis
551 971 631 1008 suis
673 980 709 1008 et
749 984 884 1020 opere,
931 981 967 1008 et
1012 974 1153 1009 eodem
1194 974 1317 1010 modo
1358 986 1451 1009 con-

129 1029 293 1066 vincunt
339 1031 447 1078 quod
500 1029 709 1078 predicant
762 1029 1040 1078 principaliter
1082 1040 1249 1079 propter
1294 1032 1450 1068 lucrum

129 1088 416 1136 temporalium
457 1097 494 1124 et
532 1101 613 1124 non
650 1096 817 1136 propter
855 1089 1026 1126 salutem
1067 1089 1201 1126 anime
1240 1089 1450 1126 auditoris.

130 1148 207 1183 Sed
229 1147 317 1195 quis
340 1146 497 1183 dubitat
519 1146 615 1195 quin
636 1155 731 1183 tunc
758 1146 990 1195 predicacio
1015 1160 1085 1184 sua
1110 1158 1167 1184 est
1191 1149 1451 1197 blasphema?

78 1210 112 1242 ιδ
158 1206 417 1242 'Secundum
458 1206 591 1253 quoad
633 1205 979 1242 mendicacionem
1019 1206 1287 1243 voluntariam
1329 1220 1449 1256 quam
1478 1209 1583 1236 Friars
1598 1210 1659 1258 'rob
1680 1209 1730 1235 1¹12

130 1272 285 1300 tantum
323 1263 597 1314 magnificant,
631 1272 742 1311 patet
766 1265 875 1312 quod
907 1264 948 1300 in
982 1265 1058 1301 hoc
1091 1265 1375 1314 blasphemant
1411 1265 1450 1301 in
1511 1245 1700 1307 tssfifflstfflssffe

131 1321 334 1358 Christum
381 1324 524 1368 Deum,
570 1322 824 1370 imponentes
871 1323 1119 1360 mendaciter
1167 1325 1273 1373 quod
1319 1323 1453 1361 taliter
1554 1316 1659 1343 ‘'³³¹³'‘

132 1380 387 1427 mendicavit,
419 1389 455 1417 et
479 1380 719 1417 elemosinas
743 1393 969 1429 pauperum
1003 1381 1237 1430 extinguunt
1271 1395 1452 1419 commu-

131 1438 248 1485 niter,
284 1452 374 1476 cum
408 1441 599 1487 deceptus
632 1439 672 1475 in
706 1452 777 1475 sua
817 1439 962 1476 maiori
997 1440 1161 1488 egencia
1194 1454 1264 1489 per
1299 1441 1452 1477 mendi-

74 1512 115 1533 20
133 1497 339 1534 cacionem
384 1498 553 1534 fratrum
606 1497 655 1534 sit
700 1497 902 1546 impotens
947 1498 1015 1534 diu
1065 1499 1266 1547 posterius
1318 1501 1367 1536 ad
1413 1512 1452 1536 se

132 1555 262 1604 ipsum
295 1565 331 1593 et
361 1569 474 1592 suam
500 1555 695 1593 familiam
726 1557 1002 1593 relevandum.
1037 1559 1085 1593 Et
1110 1557 1224 1594 multi
1255 1570 1452 1606 pauperes

133 1627 176 1650 ex
220 1615 291 1651 tali
336 1614 475 1651 fraude
522 1615 664 1651 fratres
709 1614 850 1663 inopes
895 1614 1106 1652 incurrunt
1151 1625 1338 1661 mortem,
1385 1616 1452 1652 ubi

133 1672 274 1709 fratres
299 1673 535 1710 habundant
564 1672 603 1708 in
626 1673 881 1709 vescibilibus
906 1674 1136 1721 petulancia
1160 1683 1197 1710 et
1220 1674 1260 1711 in
1284 1674 1453 1711 edificiis

134 1739 170 1767 et
223 1731 470 1768 ornamentis
523 1731 610 1768 aliis
663 1731 924 1780 sumptuosis.
979 1732 1019 1769 Si
1073 1745 1167 1781 ergo
1214 1733 1452 1770 distribucio

76 1791 115 1824 25
133 1789 419 1838 temporalium
473 1789 685 1826 discrasiat
730 1789 1037 1839 rempublicam,
1089 1793 1334 1839 respondeo:
1388 1791 1453 1828 ille

133 1857 238 1884 secte
271 1861 352 1885 non
385 1848 544 1896 publice
578 1849 817 1896 perturbant
850 1848 981 1895 illam;
1022 1848 1053 1885 si
1095 1862 1189 1897 ergo
1230 1851 1353 1886 omnis
1392 1850 1456 1899 qui

133 1907 213 1942 odit
234 1907 412 1955 fratrem
446 1920 557 1943 suum
590 1907 639 1943 sit
677 1919 720 1943 ex
752 1906 946 1943 Johannis
979 1907 1213 1944 testimonio
1247 1909 1453 1950 homicida,

134 1966 342 2013 quomodo
382 1978 462 2001 non
501 1966 602 2001 foret
640 1965 680 2001 in
719 1965 836 2002 sectis
874 1966 1044 2002 fratrum
1085 1965 1349 2004 homicidium
1389 1979 1454 2003 va-

135 2022 307 2059 riatum?
352 2023 548 2059 Dicuntur
587 2023 692 2059 enim
733 2024 1000 2072 corporaliter
1039 2024 1224 2061 occidere
1257 2038 1351 2061 suos
1385 2026 1454 2061 do-

79 2085 120 2117 30
137 2081 322 2118 mesticos
356 2091 393 2118 et
426 2081 667 2118 extrinsecos
700 2095 800 2130 quos
833 2081 987 2119 odiunt.

195 2141 272 2176 Sed
305 2139 430 2176 tercio
464 2140 728 2188 spiritualiter
761 2140 951 2177 occidunt
974 2141 1171 2189 quosdam
1206 2140 1455 2178 scandalosis
1490 2145 1729 2185 They-commit

138 2197 370 2243 mendaciis,
423 2211 469 2234 eo
515 2200 622 2247 quod
667 2198 804 2235 dicunt
858 2199 1036 2236 defectus
1086 2199 1274 2235 ordinum
1328 2208 1371 2235 ut
1416 2199 1455 2235 in
1538 2181 1679 2243 {ffssfssdtffl

137 2255 305 2292 ecclesia
339 2256 604 2304 corrigantur.
640 2258 795 2302 Quarto
828 2257 1019 2294 occidunt
1042 2270 1082 2294 se
1115 2257 1223 2305 ipsos
1247 2266 1284 2294 et
1308 2258 1456 2294 multos

137 2314 238 2350 alios
271 2326 341 2362 per
375 2315 451 2351 hoc
475 2316 580 2363 quod
617 2315 852 2363 extinguunt
885 2315 925 2351 in
958 2315 1012 2352 eis
1044 2315 1167 2352 vitam
1203 2315 1454 2364 spiritualem

81 2374 357 2410 35secundurn
397 2386 517 2421 quam
556 2373 733 2410 viverent
773 2375 880 2422 apud
920 2376 1069 2420 Deum;
1115 2375 1322 2422 quomodo
1363 2387 1456 2422 ergo

137 2430 227 2467 talis
265 2430 450 2479 proditor
489 2444 569 2468 non
609 2440 666 2468 est
705 2432 853 2479 elegius
892 2432 1002 2480 regni
1036 2433 1144 2480 quod
1178 2432 1330 2478 incolit,
1366 2445 1455 2468 cum

137 2496 293 2525 tantum
328 2490 536 2537 perturbat
569 2502 690 2537 regna
723 2489 951 2538 principum
985 2499 1106 2539 atque
1139 2490 1348 2527 ecclesiam
1381 2503 1457 2540 que

139 2556 197 2583 est
230 2559 395 2595 regnum
429 2548 634 2584 celorum?

42 777 114 808 Fol.

35 833 49 847 ,Ἰ
85 821 114 854 Id

209 2677 234 2698 2.
256 2670 351 2698 Cod.:
381 2678 434 2706 per
455 2670 543 2697 hanc.
653 2670 679 2698 8.
702 2669 798 2698 Cod.:
825 2675 889 2698 tum
912 2670 981 2701 sed:
1012 2671 1052 2698 ib.
1075 2671 1171 2699 Cod.:
1199 2672 1282 2707 quod
1303 2672 1365 2700 fuca
1384 2674 1458 2704 (sum

141 2713 193 2732 seu
215 2707 294 2736 sum).
448 2704 485 2732 13.
508 2705 603 2733 Cod.:
631 2705 781 2732 auditore.
933 2706 969 2733 15.
992 2706 1088 2734 Cod.:
1116 2707 1294 2734 Secundum
1316 2707 1386 2742 quia
1407 2708 1456 2734 da.

141 2748 179 2775 17.
197 2740 292 2768 Cod.:
315 2740 412 2767 Deum
429 2739 458 2766 in
474 2745 652 2775 potestates.
720 2748 766 2767 20.
784 2739 879 2768 Cod.:
902 2740 1021 2768 domini
1037 2741 1201 2776 posterius.
1276 2742 1371 2775 2411]
1388 2743 1456 2769 cod.

141 2783 320 2810 perperam:
348 2775 373 2802 si
394 2783 466 2810 ergo
487 2775 516 2802 in
538 2770 626 2802 ervo?
695 2775 737 2802 25.
760 2775 855 2802 Cod.:
883 2784 946 2802 rem
969 2776 1074 2811 pietum.
1148 2777 1194 2807 28,
1216 2775 1257 2804 35.
1279 2776 1374 2804 Cod.:
1396 2785 1457 2811 quo

141 2818 197 2844 pro
218 2810 388 2845 quomodo.
440 2809 491 2848 ⁴30.
514 2796 609 2837 (303⁷st
636 2810 838 2837 extrincecos.
913 2809 955 2838 33.
977 2810 1072 2838 Cod.:
1094 2810 1218 2839 Tercio.
1292 2810 1339 2845 34.
1362 2811 1439 2839 Cod.

140 2844 222 2880 quod
245 2845 339 2872 deest.
414 2843 458 2872 30.
482 2844 576 2872 Cod.:
599 2845 705 2879 eligus.
728 2845 774 2872 Cf.
800 2853 868 2881 pag.
890 2844 951 2881 325,
973 2846 991 2873 l.
1013 2844 1057 2881 23,
1078 2844 1127 2881 30,
1148 2845 1195 2874 30.

213 2927 267 2960 27.
294 2917 317 2948 Ι.
341 2916 420 2949 Joh.
448 2917 504 2958 ΙΙΙ,
527 2917 578 2949 15.

1278 2985 1320 3008 20
