1944 3323
129 209 207 244 208
701 215 923 249 JOHANNIS
941 216 1124 248 WYCLIF
1143 216 1400 249 SERMONUM
1427 203 1577 262 [SERMO
1597 213 1721 242 XXVII-

415 322 585 359 sumitur
618 335 691 370 pro
725 322 867 367 hostia,
902 335 1004 370 pena
1036 323 1096 358 vel
1129 322 1409 359 satisfaccione
1442 323 1615 359 hominis
1648 337 1721 371 pro

417 390 593 428 peccato,
629 390 664 416 et
688 380 741 416 sic
773 379 918 415 dicitur
951 380 989 415 in
1013 389 1118 416 textu
1144 380 1266 417 Petri:
1298 381 1374 424 Qui
1399 388 1558 430 peccata
1590 389 1721 417 nostra

414 440 493 487 ipse
526 439 688 487 pertulit
728 438 762 473 in
802 450 966 486 corpore
1003 451 1071 473 suo
1109 451 1226 487 super
1267 439 1430 489 lignum,
1462 439 1568 475 cuius
1601 439 1722 475 livore

413 497 539 532 sanati
580 509 721 531 sumus.
775 495 884 531 Sicut
924 495 1028 531 enim
1069 496 1222 543 primus
1267 498 1388 532 homo
1422 497 1610 545 jaciendo
1653 497 1725 533 sibi

409 554 651 605 perii-amata
703 554 749 589 de
800 562 966 600 peccato
1019 553 1190 599 erubuit,
1242 554 1297 590 sic
1346 556 1543 590 secundus
1600 555 1756 591 h0mo5

415 611 619 648 christiani
683 611 837 659 generis
893 611 1058 647 livorem
1117 611 1341 659 penitencie
1397 611 1722 660 percussionibus

414 669 621 717 penalibus
667 682 740 717 pro
784 669 898 705 nobis
943 669 1115 714 sustulit,
1162 678 1204 705 ut
1248 670 1441 717 erigentes
1489 679 1609 718 caput
1648 683 1721 718 pro

414 727 691 775 complecione
729 726 884 763 iusticie
924 727 1216 772 confortemur;
1263 736 1299 764 et
1338 728 1391 765 ita
1429 727 1530 764 sicut
1570 728 1722 775 primus

412 787 534 821 homo
585 798 673 821 cum
726 797 798 820 suo
842 797 985 832 genere
1028 784 1162 821 timuit
1201 786 1396 833 detegere,
1444 798 1620 822 asserere
1663 787 1723 823 vel

413 843 624 879 defendere
656 855 730 891 pro
763 855 830 879 sua
863 843 1020 879 macula
1042 842 1265 889 veritatem,
1296 844 1351 880 sic
1374 845 1571 880 secundus
1601 846 1722 881 homo
1745 854 1781 875 ¹0

412 902 576 937 auderet
617 914 706 937 cum
747 914 819 936 suo
857 913 1000 948 genere
1042 914 1114 949 pro
1153 902 1452 949 complemento
1490 902 1645 939 iusticie
1684 902 1723 938 in

411 959 546 995 radice
580 961 786 995 destruere
818 958 1047 995 falsitatem.

124 1024 200 1052 This
222 1025 247 1052 is
269 1025 317 1052 the
338 1029 396 1052 test
470 1018 584 1053 Unde
623 1016 827 1053 evidencia
867 1026 924 1052 est
958 1018 1004 1053 de
1038 1030 1116 1065 quo
1149 1029 1291 1064 genere
1330 1027 1421 1054 sunt
1452 1017 1618 1063 viantes,
1653 1030 1722 1066 per

124 1060 487 1121 ⁸⁸'¹¹⁶{{¹1521e‘{g³¹'⁶³110c
525 1076 632 1123 quod
671 1084 761 1110 sunt
793 1075 1001 1111 veritatem
1036 1084 1103 1111 aut
1136 1074 1349 1111 falsitatem
1384 1075 1514 1112 divine
1546 1077 1606 1112 vel
1639 1075 1722 1112 dia-

144 1129 383 1164 righteousness.
412 1132 541 1169 bolice
581 1133 850 1169 defendentes.
897 1134 1027 1169 Causa
1060 1142 1194 1169 autem
1229 1133 1358 1169 finalis
1392 1134 1507 1170 huius
1540 1147 1721 1170 commu-
1742 1132 1778 1164 15

412 1190 581 1227 tacionis
620 1191 691 1226 fuit
736 1200 777 1226 ut
817 1191 987 1239 peccatis
1024 1192 1168 1227 mortui
1203 1191 1347 1228 iusticie
1385 1193 1570 1228 vivamus.
1608 1194 1721 1228 Tunc

412 1249 515 1285 enim
569 1249 751 1285 homines
804 1248 953 1285 mortui
1003 1258 1093 1285 sunt
1144 1258 1324 1296 peccato,
1375 1251 1536 1298 quando
1587 1251 1718 1298 quoad

412 1306 688 1343 obedienciam
715 1306 874 1354 dyaboli
908 1316 944 1342 et
967 1319 1205 1343 consensum
1241 1308 1396 1355 peccati
1429 1317 1519 1344 sunt
1543 1308 1720 1355 corrupti
1741 1330 1815 1362 Fol-

410 1365 471 1400 vel
499 1362 503 1417 Ι
533 1377 695 1401 causam
729 1364 1006 1400 inobediencie
1031 1367 1114 1401 Deo
1147 1378 1227 1401 non
1259 1365 1412 1402 vivifice
1445 1366 1819 1409 defendentes;261b

411 1431 448 1458 et
488 1431 582 1458 tunc
628 1423 758 1458 vivunt
795 1423 952 1467 iusticie,
998 1424 1159 1470 quando
1205 1423 1360 1459 cordati
1406 1423 1444 1459 in
1489 1436 1609 1460 causa
1650 1423 1720 1459 Dei
1739 1433 1780 1454 20

412 1481 628 1516 defendunt
662 1480 862 1516 iusticiam
898 1480 969 1516 Dei
1002 1480 1077 1516 sui.

468 1539 603 1574 Eratis
641 1539 738 1574 enim
778 1551 850 1586 pro
899 1547 1082 1586 tempore
1127 1538 1331 1575 commissi
1379 1538 1497 1587 primi
1543 1539 1722 1575 criminis

410 1597 506 1632 sicut
549 1609 638 1632 oves
681 1604 857 1632 errantes
902 1596 985 1632 sine
1030 1605 1210 1644 pastore3
1258 1605 1392 1644 partes
1436 1597 1494 1633 sui
1541 1597 1722 1645 corporis

410 1654 609 1698 unientur,
632 1667 722 1690 cum
746 1654 930 1690 diabolus
954 1654 1070 1702 rapit,
1096 1654 1234 1691 dividit
1258 1664 1294 1691 et
1309 1655 1517 1703 disperdit.
1542 1655 1722 1691 Christus

411 1721 542 1748 autem
585 1721 748 1748 econtra
788 1711 952 1759 colligit,
999 1712 1206 1748 continuat
1245 1721 1365 1760 atque
1409 1713 1513 1755 unit;
1560 1714 1721 1761 quando
1738 1711 1778 1744 25

410 1783 504 1818 ergo
542 1783 664 1818 genus
703 1771 923 1806 humanum
965 1770 1103 1806 habuit
1142 1783 1214 1818 pro
1253 1783 1324 1806 suo
1366 1773 1465 1807 duce
1498 1770 1720 1819 principem

410 1830 680 1871 tenebrarum,
718 1828 908 1864 nimirum
951 1828 989 1864 in
1022 1827 1137 1864 devio
1171 1838 1423 1871 erraverunt;
1457 1830 1525 1865 sed
1559 1830 1721 1876 quando

410 1895 504 1922 tunc
537 1895 719 1934 tempore
750 1886 882 1934 gracie
915 1886 1091 1921 conversi
1120 1893 1207 1921 sunt
1238 1887 1289 1921 ad
1315 1895 1514 1935 pastorem
1555 1886 1720 1923 ecclesie

411 1953 446 1979 et
470 1945 688 1979 animarum
713 1944 931 1993 episcopum
957 1943 1167 1979 dominum
1182 1943 1314 1980 Jesum
1333 1945 1549 1990 Christum,
1575 1945 1720 1980 debent

410 2002 550 2038 relicto
595 2001 829 2038 Antichristi
876 2001 990 2038 devio
1035 2001 1241 2038 intendere
1292 2002 1508 2038 concordie
1552 2002 1719 2050 pacifice
1736 2001 1778 2033 30

409 2059 513 2096 viam
549 2059 643 2095 eius.

122 2125 265 2152 emistis
285 2125 398 2162 bislwp
468 2117 649 2154 Christus
700 2125 833 2153 autem
886 2126 943 2153 est
993 2117 1204 2165 episcopus
1256 2131 1337 2153 non
1381 2118 1616 2167 siliquarum
1661 2119 1721 2154 vel

123 2161 268 2221 (ζῖῡᾞᾛζῗ
281 2162 395 2220 dulgtsqo
410 2184 632 2212 stercorum
669 2176 868 2211 mundane
902 2175 1129 2211 substancie
1163 2176 1230 2211 sed
1264 2177 1481 2211 secundum
1519 2177 1623 2213 dona
1645 2176 1720 2213 vir—

410 2242 539 2269 tutum
574 2241 611 2268 et
643 2232 776 2280 giacie
809 2245 1007 2281 epzscopzts
1038 2233 1268 2268 ani-mnarum
1304 2236 1351 2269 Et
1381 2234 1482 2270 sicut
1515 2235 1648 2270 anima
1681 2234 1720 2270 in

409 2291 629 2327 subtilitate
643 2260 779 2326 Ddistat
810 2303 831 2326 a
856 2302 1038 2338 corpore,
1069 2290 1124 2326 sic
1149 2290 1296 2327 Christi
1321 2291 1577 2339 episcopatus
1601 2292 1720 2328 distat
1736 2291 1775 2323 35

409 2351 457 2384 ab
497 2348 698 2397 episcopis
737 2360 807 2396 per
846 2349 1070 2384 mundanos
1116 2348 1322 2395 perversis.
1364 2349 1497 2385 Primo
1531 2349 1634 2386 enirn
1669 2351 1719 2386 ad

409 2416 568 2454 tempus
606 2415 881 2442 successerunt
922 2405 1100 2453 episcopi
1139 2418 1209 2453 per
1250 2408 1423 2452 Petrum,
1471 2408 1717 2444 Clementem

411 2474 446 2500 et
480 2473 639 2500 sanctos
673 2464 771 2500 alios
805 2465 894 2500 loco
925 2463 1085 2508 Christi,
1119 2465 1185 2499 sed
1221 2477 1242 2499 a
1265 2473 1446 2512 tempore
1470 2478 1548 2513 quo
1582 2465 1718 2501 relicta

410 2522 556 2558 Christi
587 2521 819 2558 imitacione
843 2531 961 2570 atque
991 2521 1182 2569 pauperie
1215 2522 1474 2558 intendebant
1500 2523 1719 2559 maioritati

410 2580 531 2615 seculi
572 2588 607 2615 et
648 2579 785 2615 mundi
819 2579 985 2625 diviciis,
1027 2578 1200 2627 perversi
1239 2589 1329 2616 sunt
1361 2582 1433 2616 sub
1466 2581 1649 2617 doctrina
1682 2589 1718 2616 et
1732 2591 1777 2621 40

480 2733 513 2752 11.
535 2725 629 2752 Cod.:
652 2725 779 2752 audiret.
865 2733 910 2754 20.
932 2726 1025 2753 Cod.:
1048 2725 1140 2753 vivut.
1224 2724 1262 2753 31.
1285 2726 1379 2754 Cod.:
1400 2727 1473 2754 vim.
1559 2726 1599 2754 35.
1622 2726 1716 2754 Cod.:

409 2760 631 2796 episcopatum.

478 2843 500 2875 4
538 2833 623 2865 Gen.
654 2833 707 2870 ΙΙΙ,
736 2844 754 2875 7
864 2842 916 2864 20.
945 2833 969 2865 l.
997 2833 1085 2864 Petri
1113 2833 1151 2874 ΙΙ7
1183 2844 1235 2874 24.
1332 2833 1384 2865 28.
1413 2833 1454 2866 ib.
1486 2834 1538 2867 25.
