1944 3323
129 637 145 668 5

107 936 145 959 10

106 1216 141 1249 15

102 1520 144 1541 20

104 1803 142 1834 25

99 2092 142 2124 30

166 292 303 321 senno
325 283 409 339 xv]
659 296 831 329 'rERTm
860 297 985 329 ems.

162 402 324 439 veniunt
348 404 456 451 quod
480 403 693 451 cinguntur
724 403 885 440 malicia
908 404 1117 441 viciorum.
1149 405 1310 452 Induite,
1342 405 1484 454 inquit,

165 473 230 496 vos
269 460 343 496 hiis
383 461 576 497 tredecim
608 461 868 507 vestimentis,
910 475 999 499 cum
1040 462 1124 499 sitis
1163 463 1274 499 electi
1305 463 1375 499 Dei
1415 476 1486 512 per

163 518 378 566 specialem
419 519 678 556 vocacionem
720 529 757 556 et
798 521 856 567 (ut
898 533 1060 569 sperare
1093 520 1261 569 debetis>
1295 534 1365 570 per
1398 534 1484 570 pre-

162 576 493 623 destinacionein,
540 577 632 614 estis
680 579 856 615 secundo
901 579 1038 626 sancti,
1084 580 1160 616 hoc
1212 587 1280 624 est,
1327 579 1367 615 in
1407 579 1484 616 fide

162 633 310 671 firmati
355 647 426 683 per
470 635 795 683 predicacionem
848 646 1095 683 sanctorum,
1142 637 1483 686 exemplacionem

162 701 198 728 et
213 701 562 729 sacramentorum
586 694 908 731 roboracionem.
925 695 1070 731 Tercio
1087 695 1239 732 debetis
1261 697 1483 732 secundum

160 750 365 787 racionem
411 764 489 800 qua
541 751 634 788 estis
687 753 817 789 dilecti
860 753 932 789 Dei
983 754 1203 790 secundum
1257 762 1483 803 presentem

160 808 375 845 iusticiam.
434 812 534 846 Nam
581 812 800 848 secundum
847 812 922 848 hoc
967 811 1119 848 debetis
1164 820 1305 849 contra
1350 813 1483 849 hostes

161 867 309 903 Christi
348 867 387 903 in
427 877 634 905 armatura
673 882 743 906 sua
784 882 962 918 pugnare
994 869 1174 917 viriliter,
1215 870 1309 919 quia
1349 870 1482 907 dilecti

162 924 310 961 Christi
343 938 425 962 non
457 937 625 974 possunt
658 927 697 963 in
731 941 864 976 pugna
897 928 973 964 ista
1005 928 1046 964 in
1079 927 1156 965 fine
1190 928 1373 965 deficere.

220 983 356 1020 Primo
391 996 484 1032 ergo
519 985 671 1022 debetis
704 985 870 1022 induere
900 987 1048 1022 viscera
1082 986 1349 1023 misericordie
1380 995 1482 1024 tam-

160 1054 279 1090 quam
323 1042 489 1079 camisia
535 1052 571 1079 et
616 1043 844 1092 specialiter
890 1044 1165 1082 misericordie
1211 1045 1483 1094 septemplicis

158 1099 390 1148 spiritualis.
426 1100 561 1137 Primo
595 1102 699 1138 enirn
725 1103 842 1139 debet
864 1104 987 1139 homo
1022 1102 1202 1140 misereri
1234 1103 1367 1140 anime
1399 1116 1481 1150 sue,

159 1166 196 1194 et
229 1157 260 1194 si
294 1167 384 1206 post
418 1158 629 1196 miseretur
661 1160 851 1198 fratribus
891 1160 1042 1198 scilicet
1082 1161 1310 1210 specialiter
1343 1174 1482 1210 pecca-

154 1215 325 1262 toribus,
360 1218 492 1265 placet
523 1220 620 1255 Deo.
656 1220 733 1255 Sed
767 1220 869 1256 Osee
902 1220 969 1266 XO,
1002 1230 1046 1256 12
1082 1219 1246 1256 dicitur:
1280 1220 1415 1256 Affetite
1446 1220 1482 1256 in

158 1287 226 1311 ore
262 1275 538 1312 misericordie.
586 1276 864 1314 Misericordia
910 1277 1016 1315 enim
1065 1279 1183 1315 debet
1228 1290 1298 1326 per
1344 1278 1482 1315 omnia

158 1332 350 1370 interiora
373 1333 592 1382 spiritualis
617 1335 790 1372 hominis
814 1336 1065 1384 profundari,
1089 1349 1179 1373 cum
1201 1335 1480 1385 MattheiV0,7

159 1391 366 1428 scribitur:
401 1392 515 1428 Beati
545 1393 829 1441 misericordes,
853 1395 1030 1443 quoniam
1064 1395 1139 1444 ipsi
1172 1395 1481 1431 misericordiam

159 1457 447 1499 consequentur.
471 1452 600 1490 Vocat
623 1460 757 1489 autem
782 1453 1000 1501 Apostolus
1025 1453 1174 1489 viscera
1203 1453 1480 1499 misericordie,

159 1520 248 1545 cum
275 1510 380 1544 Deus
413 1517 549 1546 noster
581 1522 700 1558 quem
735 1512 925 1548 debemus
957 1511 1107 1548 imitari
1139 1511 1313 1548 visitavit
1344 1524 1417 1548 nos
1441 1511 1480 1549 in

159 1566 333 1611 Christo,
358 1566 430 1602 fuit
453 1567 620 1604 interior
641 1568 723 1605 eius
748 1568 851 1605 filius
874 1570 958 1607 vel.
976 1599 984 1606 .
1005 1584 1039 1615 ‚3
1065 1578 1102 1606 et
1123 1569 1181 1606 sic
1206 1569 1480 1607 misericordie

159 1637 228 1661 sue
261 1633 395 1661 eterne
428 1625 590 1665 adintra
620 1635 787 1675 possunt
821 1627 898 1664 dici
933 1627 1015 1664 eius
1047 1627 1213 1674 viscera,
1254 1627 1356 1664 sicut
1388 1640 1480 1665 vere

161 1682 436 1719 misericordie
475 1697 497 1720 a
530 1685 613 1721 Deo
648 1693 685 1721 et
718 1685 801 1722 eius
835 1685 918 1722 filio
958 1686 1191 1734 exemplate,
1226 1698 1302 1735 que
1336 1687 1481 1723 debent

160 1753 245 1777 esse
277 1741 555 1790 principaliter
589 1742 694 1780 circa
727 1743 997 1792 turpitudines
1030 1753 1305 1793 peccatorum.

217 1800 402 1836 Secunda
433 1800 552 1837 vestis
586 1814 706 1849 quam
741 1802 934 1838 debemus
966 1801 1132 1839 induere
1165 1811 1223 1839 est
1256 1801 1480 1850 benignitas

160 1869 236 1906 que
276 1866 333 1894 est
374 1858 504 1895 fervor
536 1860 596 1896 vel
630 1860 735 1896 bona
774 1859 941 1908 igneitas
983 1860 1174 1899 caritatis.
1220 1861 1479 1909 Superfluum

159 1915 321 1964 quidem
362 1916 463 1952 foret
509 1917 771 1954 christianum
819 1919 966 1955 habere
1010 1931 1159 1956 nomen
1204 1918 1480 1956 misericordie

157 1973 234 2010 nisi
273 1974 592 2012 misericordiam
633 1977 887 2025 corporalem
921 1977 982 2013 vel
1021 1977 1272 2026 spiritualem
1311 1977 1479 2025 benigne

159 2041 338 2069 exerceat
356 2032 396 2069 in
420 2032 575 2070 effectu.
602 2035 694 2071 Ideo
711 2034 807 2071 dicit
816 2035 1035 2084 Apostolus
1051 2037 1101 2072 ad
1117 2034 1297 2084 Ephesos
1313 2037 1477 2082 IV0,32:

158 2091 294 2127 Estote
331 2098 457 2127 autem
496 2092 656 2129 invicem
696 2093 853 2144 benigni
889 2094 1074 2130 donantes
1111 2094 1271 2130 invicem
1310 2094 1408 2130 sicut
1445 2101 1480 2130 et

163 2149 342 2185 Christus
386 2150 544 2186 donavit
588 2151 703 2187 vobis.
754 2153 831 2188 Ista
876 2160 1010 2188 autem
1057 2152 1281 2200 benignitas
1327 2160 1363 2189 et
1408 2153 1479 2188 hu-

158 2206 330 2244 manitas
370 2208 590 2245 Salvatoris
628 2209 756 2246 nostri
789 2209 860 2246 Dei
898 2223 980 2247 non
1020 2222 1063 2247 ex
1101 2210 1291 2259 operibus
1324 2209 1480 2247 iusticie

157 2277 233 2314 que
266 2264 433 2302 fecimus
467 2279 554 2303 nos.

213 2323 358 2360 Tereia
389 2324 508 2361 vestis
548 2333 606 2362 est
639 2326 836 2362 humilitas
869 2339 947 2375 qua
985 2327 1107 2363 homo
1147 2326 1266 2363 istam
1301 2326 1479 2374 benigni-

126 2385 137 2390 ’
157 2389 281 2418 tatem
306 2391 485 2419 exerceat
514 2383 599 2420 sine
621 2396 785 2432 pompa,
810 2397 900 2421 cum
917 2385 1247 2432 MattheiX10,29
1272 2384 1477 2421 scribitur:

157 2440 306 2476 Discite
343 2453 364 2475 α
405 2453 476 2487 me,
517 2442 603 2490 quia
649 2442 751 2479 mitis
794 2455 878 2479 sum
923 2450 958 2479 et
1001 2443 1156 2479 humilis
1194 2444 1324 2480 corde.
1372 2442 1477 2480 Dicit

157 2497 344 2546 Sapiens:
392 2498 544 2542 Quanto
583 2500 708 2537 maior
747 2513 785 2537 es
823 2501 983 2537 humilia
1023 2508 1059 2537 te
1096 2501 1131 2537 in
1173 2502 1366 2546 onznibus;
1403 2513 1476 2538 nec

156 2556 373 2605 quicquam
413 2565 470 2594 est
508 2557 663 2605 iustius,
698 2571 789 2595 cum
829 2559 897 2596 illa
929 2558 1164 2597 humiliacio
1197 2559 1476 2609 principaliter

222 2713 308 2748 4—6.
330 2713 363 2742 111
386 2722 500 2749 marg:
523 2723 544 2749 ι,
566 2723 592 2745 2.
614 2713 638 2742 3.
723 2723 757 2743 11.
778 2715 811 2743 In
833 2723 946 2751 marg:
974 2715 1077 2744 Prima
1098 2717 1204 2744 vestis.
1285 2724 1323 2744 21.
1345 2716 1403 2744 Hic
1423 2716 1476 2755 ali-

154 2754 228 2784 quot
249 2750 341 2777 verba
362 2750 552 2777 exciderunt.
618 2749 660 2777 25.
684 2750 714 2777 ln
736 2758 852 2783 marg:
874 2751 1016 2778 Secunda
1037 2751 1140 2778 vestis.
1186 2782 1189 2784 v
1209 2759 1253 2785 27.
1271 2751 1366 2779 Cod.:
1389 2751 1476 2778 Chri-

155 2784 300 2811 stialium.
383 2784 427 2811 28.
451 2784 546 2812 C‹›d.:
570 2785 730 2819 bcguique.
803 2785 846 2814 32.
869 2784 910 2812 33.
933 2785 991 2812 Hic
1013 2786 1139 2813 xcrbuiu
1168 2786 1317 2813 excidisse
1339 2786 1475 2819 videtur:

154 2826 215 2846 non
239 2819 270 2846 fit
291 2819 350 2846 nisi
371 2820 427 2846 ex?
502 2818 548 2853 34.
575 2819 608 2846 111
631 2827 745 2853 marg:
773 2819 882 2848 Tereia
903 2820 1005 2847 vestis.
1081 2819 1127 2848 313.
1151 2820 1246 2848 (indm
1269 2821 1377 2848 Dicite.

232 2936 279 2958 11.
308 2926 384 2958 Col.
414 2926 470 2966 111,
495 2936 544 2958 12.
644 2926 695 2968 37.
723 2927 828 2959 Eccli.
859 2928 915 2968 111,
945 2938 998 2960 20.

1295 2982 1344 3014 g*

1698 293 1770 329 115

1528 1001 1548 1021 1.
1570 994 1691 1022 Bowels
1711 995 1746 1023 os

1576 1037 1696 1065 mercy:

1564 1065 1709 1101 specially

1499 1099 1638 1134 spiritual
1658 1108 1774 1137 morey.

1521 1818 1546 1838 2.
1568 1811 1733 1840 Kindness.

1523 2333 1547 2361 3.
1569 2333 1732 2371 Humility.
