1944 3323
176 264 312 293 SERMO
333 254 432 313 vni]
661 268 839 302 TERTIA
867 270 991 303 PARS.
1734 270 1781 316 5⁴)

234 375 463 411 Cavendum
500 375 634 424 itaque
669 384 726 412 est
760 377 807 412 de
842 376 1002 423 talibus,
1047 390 1136 414 cum
1175 380 1378 416 Romanus
1413 380 1494 428 cpi-
1532 390 1674 427 int-„unw-
1698 390 1758 420 xl..

174 444 320 480 scopus
343 432 557 480 Gregorius
581 435 772 470 excedens
797 435 1034 483 decalogum
1061 435 1206 473 dicitur
1231 422 1787 487 catholicasse'ffliisis‘'ti'f'isi‘r'it'f

175 492 283 538 quod
329 503 374 527 eo
421 491 507 539 ipso
552 504 632 540 quo
674 491 758 540 ipse
797 493 858 529 vel
896 493 997 529 alius
1039 496 1243 531 Romanus
1283 496 1495 544 episcopus
1564 495 1621 521 and
1646 495 1738 522 ¹⁰⁰⁵ss-

175 550 430 597 pretenderet
468 562 508 586 se
549 549 815 598 quovismodo
855 552 1009 588 solvere
1048 553 1108 588 vel
1147 552 1284 600 ligare,
1327 566 1374 590 eo
1408 554 1495 602 ipso

142 607 230 643 §sic
269 606 386 643 solvit
418 608 478 643 vel
518 607 628 655 ligat.
675 610 723 644 Et
758 609 1013 646 manifestum
1055 620 1112 647 est
1146 613 1253 659 quod
1287 625 1493 660 nunquam

175 678 196 702 a
229 665 438 702 nativitate
472 665 619 702 Christi
653 665 725 702 fuit
759 667 969 715 patencior
1003 669 1255 717 blasphemia
1288 680 1493 718 usurpata.

175 725 266 760 Ideo
296 733 453 760 caveret
476 732 559 760 tota
590 724 758 761 ecclesia
788 734 824 761 et
855 726 1063 763 brachium
1101 728 1281 764 seculare
1305 729 1495 777 precipue

175 783 222 818 de
267 781 336 817 tali
383 781 574 828 heretico,
622 795 711 819 cum
758 782 861 819 inter
898 784 997 821 alias
1044 785 1359 823 hereticaciones
1405 800 1495 823 suas

174 839 320 876 dicitur
358 840 502 876 stolide
542 842 861 889 condempnasse
902 844 1009 891 quod
1051 843 1204 880 domini
1250 845 1495 893 temporales

120 909 157 930 10
174 907 340 946 possunt
373 899 529 935 auferre
560 899 903 947 temporalitatem
938 902 987 937 ab
1020 901 1188 938 ecclesia
1222 903 1494 952 delinquente.

173 957 251 992 Sed
283 955 407 992 nichil
440 957 567 1005 magis
597 958 819 994 hereticum
844 971 963 1007 quam
1000 959 1083 996 eius
1117 960 1365 1008 oppositum.
1402 963 1494 998 Ideo

173 1014 268 1051 dicit
309 1023 454 1051 textus:
496 1016 684 1059 Quoniam
730 1023 856 1053 autem
896 1018 986 1053 estis
1011 1017 1094 1067 filii
1124 1018 1212 1064 Dei,
1253 1019 1355 1055 misit
1388 1021 1495 1056 Deus

171 1073 349 1121 spiritum
373 1073 466 1108 Filii
494 1074 555 1109 sui
585 1074 620 1109 in
654 1075 774 1110 corda
807 1082 940 1111 nostra
975 1076 1204 1113 clamantem
1227 1078 1334 1114 Abba
1363 1086 1492 1127 pater.

174 1131 302 1179 Itaque
334 1131 408 1167 iam
443 1144 515 1167 non
548 1139 604 1168 est
635 1145 772 1169 servus
809 1134 878 1169 sed
902 1134 1026 1183 filius.
1075 1135 1189 1179 Quod
1228 1136 1262 1171 si
1286 1136 1412 1186 filius,
1457 1144 1492 1173 et

119 1189 283 1225 15lzeres
310 1202 385 1238 per
417 1190 556 1226 Deum.

230 1247 333 1293 Quia
373 1257 506 1284 autem
540 1250 646 1285 Deus
684 1249 766 1285 vult
806 1251 1018 1286 ostendere
1059 1250 1207 1287 dictam
1250 1251 1492 1288 filiacionem
1521 1260 1578 1287 We
1601 1270 1652 1299 >213⁷
1674 1261 1762 1299 Abba

171 1305 420 1353 adopcionis,
452 1305 559 1342 misit
582 1307 776 1355 Spiritum
802 1309 995 1344 Sanctum
1019 1311 1305 1356 procedentem
1331 1323 1353 1346 a
1377 1312 1493 1347 Patre
1507 1295 1780 1358 s1¹1¹l¹ss¹l¹¹ggjst¹l¹¹t

171 1372 209 1400 et
240 1363 341 1400 Filio
380 1364 447 1413 qui
482 1364 577 1401 facit
616 1365 752 1402 fideles
793 1378 834 1402 re
874 1375 910 1402 et
942 1379 1038 1403 voce
1073 1367 1249 1404 clamare
1282 1370 1331 1404 ad
1366 1370 1490 1405 Deum

170 1422 276 1458 Abba
300 1430 430 1471 pater,
454 1423 549 1471 quia
579 1436 718 1460 omnes
748 1423 920 1460 dicimus
943 1425 1063 1461 Pater
1085 1433 1226 1462 noster.
1267 1428 1335 1462 Est
1359 1436 1490 1463 autem

114 1491 154 1512 20
171 1481 274 1517 abba
315 1480 354 1516 in
388 1482 547 1518 Hebreo
592 1490 628 1517 et
661 1483 761 1529 Syro
794 1482 899 1518 idem
935 1485 1043 1531 quod
1076 1492 1191 1532 pater
1223 1484 1263 1520 in
1297 1486 1424 1522 Greco
1458 1494 1494 1522 et

173 1538 329 1584 Latino,
371 1548 407 1575 et
439 1539 667 1587 geminatur
701 1541 750 1576 ad
784 1540 1075 1589 designandum
1110 1544 1217 1590 quod
1252 1544 1422 1579 eundem
1458 1553 1493 1580 et

172 1597 405 1645 magistrum
456 1599 649 1634 habemus
694 1598 732 1634 in
779 1599 864 1635 celo
904 1608 1263 1649 quantumcunque
1306 1601 1346 1637 in
1386 1601 1492 1649 ligno

172 1655 363 1691 fuerimus
385 1655 540 1692 variati.
575 1658 676 1693 Cum
710 1656 846 1705 itaque
877 1657 1048 1694 fideliter
1071 1658 1267 1695 confitens
1299 1658 1379 1695 iarn
1413 1673 1493 1696 non

171 1722 228 1749 est
262 1726 397 1749 servus
432 1713 588 1762 peccati
621 1714 702 1751 sive
735 1714 885 1751 diaboli
919 1717 987 1752 sed
1022 1716 1093 1752 Dei
1128 1716 1232 1753 filius
1266 1718 1492 1766 adoptivus,

115 1771 153 1803 25
171 1780 280 1819 patet
305 1773 413 1820 quod
448 1771 523 1808 sibi
558 1773 725 1809 debetur
750 1773 951 1810 hereditas
985 1774 1140 1810 celestis
1173 1776 1221 1811 de
1252 1776 1336 1823 lege
1370 1778 1493 1824 adop-

170 1829 357 1875 tivorum,
393 1831 468 1867 hoc
493 1839 562 1876 est,
595 1832 642 1867 de
668 1831 803 1878 gracia
827 1831 912 1877 Dei,
937 1831 992 1868 sic
1017 1841 1153 1869 tamen
1177 1835 1285 1882 quod
1309 1835 1492 1871 observet

169 1887 455 1935 gratitudinem
481 1888 670 1929 filiorum,
697 1890 773 1926 hoc
797 1899 866 1935 est,
891 1890 1079 1927 defendat
1097 1904 1223 1939 usque
1246 1893 1295 1928 ad
1321 1902 1490 1929 mortem

170 1947 296 1994 legem
337 1959 383 1983 ac
420 1947 646 1984 libertatern
681 1948 828 1984 Christi
869 1960 948 1996 qua
981 1961 1243 1998 quoscunque
1283 1949 1357 1986 sibi
1399 1964 1491 1988 con-

170 2004 328 2049 trarios,
369 2004 463 2053 quia
508 2005 623 2042 aliter
671 2005 835 2042 indubie
877 2006 1085 2044 forisfacit.
1138 2009 1186 2043 Et
1231 2008 1271 2044 in
1315 2008 1390 2046 ista
1434 2009 1491 2045 in-

112 2061 155 2093 30
171 2062 416 2110 gratitudine
446 2076 522 2112 que
556 2073 614 2100 est
637 2073 848 2112 peccatum
883 2064 1102 2101 maximum
1135 2076 1304 2114 peccant
1327 2067 1490 2115 plurimi

170 2133 192 2157 a
230 2130 412 2169 tempore
451 2135 530 2170 quo
570 2134 614 2158 ex
650 2122 838 2159 vecordia
883 2123 1050 2160 cessavit
1095 2124 1346 2172 martyrium,
1400 2138 1488 2162 cum

170 2178 288 2215 nimis
327 2179 443 2216 multi
482 2180 657 2216 fatentur
695 2181 734 2216 in
772 2182 878 2217 facto
912 2182 1204 2219 Antichristum
1250 2195 1333 2220 esse
1373 2197 1488 2220 suum

174 2246 331 2286 patrem
366 2238 575 2274 dominum
611 2248 647 2275 et
682 2238 931 2287 magistrum.

232 2295 335 2341 Quia
360 2309 453 2344 ergo
477 2298 671 2333 Sermone
695 2306 803 2334 sexto
828 2297 944 2334 huius
978 2297 1129 2335 dictum
1164 2308 1221 2336 est
1255 2300 1302 2336 de
1325 2313 1488 2349 suspen-
1518 2307 1583 2346 The
1606 2308 1686 2341 Pop:
1709 2308 1767 2346 and

116 2356 155 2388 35
172 2353 283 2390 sione
317 2354 422 2391 facta
445 2367 514 2402 per
537 2356 679 2401 Deum,
714 2355 982 2392 dubitandum
1016 2366 1073 2393 est
1106 2357 1286 2396 ulterius.
1321 2359 1351 2394 si
1376 2343 1784 2412 Anti-'fficffifssffgffifs

173 2411 344 2448 christus
378 2425 468 2448 cum
503 2412 584 2449 suis
618 2413 884 2462 complicibus
907 2427 927 2450 a
953 2415 1114 2451 Christo
1149 2424 1186 2451 et
1220 2415 1302 2452 suis
1335 2417 1488 2464 legibus
1533 2412 1750 2474 ¹³5¹¹1¹q⁶wpf¹l³³¹¹

173 2471 454 2518 suspendatur,
489 2480 525 2507 et
556 2471 713 2508 videtur
737 2473 845 2520 quod
879 2472 935 2508 sic
969 2486 1012 2509 ex
1044 2473 1150 2510 facto
1183 2482 1220 2510 et
1244 2474 1328 2522 lege
1352 2477 1486 2523 papali
1618 2466 1624 2474 .
1675 2469 1680 2480 ’

173 2541 294 2577 quam
341 2541 526 2577 suppono
571 2529 743 2578 satrapis
789 2543 873 2567 esse
924 2531 1084 2568 iustam.
1139 2532 1337 2569 Scribitur
1382 2533 1485 2570 enim

242 2683 267 2702 2.
289 2676 321 2702 ln
343 2683 457 2710 marg:
479 2676 646 2704 Conclusio
668 2685 755 2712 pape.
832 2686 864 2705 11.
886 2678 919 2705 ln
941 2686 1055 2713 marg:
1079 2677 1256 2707 Conclusio.
1333 2688 1374 2713 14.
1391 2680 1486 2707 (jod..-

174 2709 235 2737 tilii.
309 2709 356 2744 34..
378 2711 410 2737 Iu
432 2719 547 2746 ma1·g.:
568 2711 715 2739 Dubium.
790 2711 837 2740 36.
858 2713 891 2740 In
914 2720 1026 2747 marg:
1050 2721 1069 2740 1.

246 2816 274 2838 2.
302 2806 391 2837 This
419 2807 446 2837 is
472 2806 649 2849 evidently
676 2818 693 2839 a
721 2808 898 2840 reference
925 2817 960 2840 to
984 2809 1144 2851 Wyclif's
1177 2809 1246 2840 10th
1282 2810 1488 2841 conclusion

174 2852 396 2884 condemned
426 2853 468 2895 by
496 2853 657 2896 Gregory
684 2855 742 2886 XI.
770 2856 883 2889 (Fasc.
910 2855 980 2887 ziz.
1010 2855 1065 2895 51)
1100 2866 1136 2885 as
1171 2856 1238 2886 line
1265 2856 1285 2887 8
1314 2857 1340 2887 is
1368 2864 1404 2889 to
1431 2856 1489 2891 the

173 2897 274 2932 sixth.
303 2899 353 2933 Cf.
380 2899 432 2933 De
462 2900 629 2940 Ecclesia,
656 2911 734 2944 pag.
764 2901 840 2935 353.
940 2912 989 2934 12.
1017 2901 1091 2934 Gal.
1120 2902 1176 2942 lV,
1204 2902 1236 2935 (3.
