1944 3323
236 233 372 263 SERMO
393 222 520 280 xxm]
715 236 895 268 TERTlA
922 236 1049 269 PARS.
1774 240 1849 275 199

294 342 476 391 Explicat
515 351 650 379 autem
689 342 815 378 tercio
854 342 928 378 iste
968 342 1235 390 philosophus
1268 342 1850 390 particularius1iuw110b01m-0>

236 403 343 450 quod
384 401 595 449 explicavit
635 400 851 444 confusius,
899 400 1095 448 incipiens
1142 414 1164 437 a
1209 400 1342 448 primo
1389 409 1425 436 et
1471 401 1558 448 plus
1580 385 1670 446 Jssffi,
1688 386 1845 447 “Q-¹25015m

235 459 465 496 necessario
510 459 682 496 articulo
728 458 839 495 fidei:
892 459 988 503 Quis
1031 466 1099 503 est,
1147 459 1290 507 inquit,
1337 459 1402 507 qui
1446 459 1559 494 vincit
1587 455 1840 516 mussrhgffqhiffl

235 519 419 554 mundum
460 518 533 554 nisi
571 517 635 566 qui
671 517 794 553 credit
833 518 936 565 quod
965 517 1077 553 Jesus
1117 524 1173 553 est
1201 518 1315 567 filius
1347 517 1433 553 Dei.
1482 516 1559 562 Qui
1583 525 1736 552 lun-deuoti
1760 508 1849 552 [it-vil.

202 576 342 613 §enim
388 576 563 624 perfecte
608 574 733 611 credit
779 574 926 612 Christi
974 574 1228 612 divinitatem
1276 584 1313 611 et
1358 575 1560 622 complete

235 633 471 682 superaddit
503 646 572 670 sue
606 633 883 670 incarnacioni
917 633 1000 670 eius
1036 633 1393 670 conversacionem
1419 642 1456 670 et
1478 646 1560 669 non

237 693 417 729 mollitur
449 693 510 728 vel
542 691 761 728 inclinatur
794 705 816 728 a
850 691 1018 728 caritate
1043 701 1100 728 est
1125 692 1310 728 diabolus
1333 691 1558 728 induratus.

237 751 496 787 Potissimum
551 763 646 798 ergo
691 750 871 786 medium
918 750 1034 786 huius
1078 749 1247 787 victorie
1292 759 1350 786 est
1397 751 1559 786 credere

236 810 412 858 perfecte
447 818 484 845 et
519 808 704 857 explicite
735 811 870 845 Jesum
906 821 991 846 esse
1023 821 1161 845 verum
1188 811 1315 845 Deum
1351 817 1388 845 et
1419 821 1558 845 verum

137 847 221 926 222¹ss
236 867 440 904 hominem
471 863 475 921 Ι
507 896 513 903 .
548 869 597 903 Et
631 867 745 903 multi
778 867 943 903 nomine
977 866 1186 904 christiani
1221 866 1358 903 dicunt
1389 879 1429 903 se
1453 866 1559 902 istud

235 926 412 974 perfecte
446 927 609 962 credere
643 935 679 962 et
709 934 846 962 tamen
870 925 1042 973 turpiter
1066 934 1104 961 et
1128 924 1344 961 infideliter
1368 924 1560 961 deficiunt

235 985 275 1021 in
315 984 472 1029 radice3
518 984 549 1020 si
590 983 696 1020 enim
738 983 941 1020 credimus
975 985 1084 1032 quod
1120 984 1306 1019 Salvator
1339 992 1476 1019 noster
1509 984 1560 1019 ad

236 1043 545 1090 exemplandum
579 1042 696 1078 nobis
730 1042 804 1078 iter
838 1043 888 1078 ad
911 1041 1087 1090 patriam
1113 1041 1168 1077 sic
1191 1041 1325 1086 viavit,
1351 1042 1559 1090 quomodo

236 1114 325 1138 cum
361 1102 437 1137 hoc
460 1101 516 1137 sic
540 1102 589 1138 ab
615 1100 698 1137 eius
722 1100 866 1137 semita
890 1100 1141 1137 erraremus?
1174 1113 1268 1136 nam
1294 1099 1559 1136 exorbitando

180 1160 274 1196 15in
323 1161 451 1196 Deum
499 1168 536 1196 et
581 1158 787 1195 hominem
834 1159 1165 1207 blasphemamus
1211 1167 1247 1194 et
1293 1158 1558 1206 preponendo

233 1218 339 1255 viam
373 1217 523 1254 diaboli
556 1217 689 1265 ipsum
722 1218 784 1253 vel
814 1217 1081 1253 instrumenta
1110 1230 1181 1253 sua
1212 1229 1286 1265 pro
1311 1219 1394 1253 Deo
1418 1224 1557 1253 nostro

234 1276 450 1313 infideliter
483 1277 735 1312 adamamus.

293 1337 342 1371 Et
375 1347 419 1371 ex
451 1334 527 1371 ista
561 1333 696 1371 radice
734 1333 823 1382 cepi
862 1333 1061 1381 originem
1102 1335 1153 1370 ad
1193 1333 1411 1370 dicendum
1446 1332 1558 1381 quic·
1645 1340 1782 1380 Christ&¹

235 1393 331 1441 quid
365 1394 413 1429 de
451 1401 557 1429 statu
598 1392 764 1429 ecclesie
803 1392 844 1428 in
884 1391 1024 1428 castris
1064 1392 1287 1429 scolasticis
1328 1403 1420 1440 sepe
1466 1390 1556 1428 dixi.
1610 1376 1818 1446 ζζ,ιὲᾖξ’ὲ“ἀῗ5

177 1462 220 1484 20
236 1452 439 1499 Supposui
463 1451 569 1487 enim
592 1460 634 1487 ut
657 1451 967 1487 fundamentum
991 1450 1083 1487 fidei
1109 1452 1217 1499 quod
1239 1452 1351 1486 Jesus
1375 1449 1557 1486 Christus
1648 1446 1773 1474 clun-ch.

235 1510 285 1546 sit
316 1522 432 1546 verus
467 1512 572 1546 Deus
613 1518 649 1545 et
681 1521 797 1545 verus
836 1510 979 1554 homo;
1027 1517 1063 1545 et
1102 1508 1159 1544 illi
1199 1510 1377 1545 secundo
1419 1507 1556 1544 addidi

235 1567 374 1604 omnia
405 1568 511 1604 facta
535 1580 605 1604 sua
630 1576 666 1604 et
690 1567 797 1603 dicta
820 1567 860 1603 in
884 1566 1088 1614 evangelio
1111 1567 1171 1603 vel
1196 1566 1290 1603 alibi
1315 1575 1555 1614 expressata.

235 1628 283 1662 Et
322 1626 448 1662 tercio
487 1626 682 1674 supposui
722 1627 831 1674 quod
869 1625 1007 1662 onmia
1046 1625 1114 1661 illa
1159 1624 1309 1673 scripta
1347 1624 1408 1661 vel
1452 1624 1557 1660 facta

235 1693 326 1721 sunt
370 1685 420 1721 ad
464 1684 676 1721 ecclesiam
721 1683 923 1720 viancium
971 1683 1264 1720 instruendam.
1319 1685 1367 1718 Et
1408 1694 1451 1718 ex
1489 1682 1557 1719 illa

179 1745 218 1777 25
235 1742 371 1779 radice
419 1742 569 1791 triplici
618 1742 797 1790 processi
850 1743 900 1778 ad
947 1742 1227 1778 conclusiones
1272 1740 1557 1790 particularius

235 1801 505 1849 explicandas,
546 1809 583 1837 et
622 1801 756 1849 primo
797 1799 923 1836 instar
957 1799 1106 1836 Christi
1139 1800 1271 1848 incepi
1304 1801 1353 1836 ab
1388 1798 1556 1835 ecclesia

235 1859 329 1896 cleri
369 1859 442 1896 sui.
489 1861 576 1907 Ipse
617 1859 723 1895 enim
757 1859 925 1895 Matthei
958 1859 1065 1894 XX10
1100 1858 1141 1894 in
1180 1859 1354 1895 adventu
1393 1870 1465 1893 suo
1506 1858 1556 1893 ad

232 1918 453 1954 Jerusalem
488 1916 661 1954 maxime
696 1918 962 1954 memorando
995 1917 1131 1953 statim
1172 1916 1241 1953 ivit
1274 1918 1323 1953 ad
1358 1916 1554 1963 templum

234 1985 271 2012 et
311 1988 467 2012 errores
506 1976 752 2024 pullulantes
792 1988 836 2012 ex
868 1975 1043 2012 avaricia
1077 1976 1334 2011 sacerdotum
1369 1973 1555 2022 primitus

176 2037 218 2069 30
234 2034 480 2082 expurgavit.
527 2035 629 2070 Cum
671 2046 764 2082 ergo
805 2034 938 2070 omnis
980 2033 1129 2070 Christi
1170 2033 1283 2070 accio
1324 2033 1373 2069 sit
1416 2040 1555 2069 nostra

233 2092 466 2138 instruccio‚
513 2101 623 2141 patet
669 2093 777 2141 quod
822 2105 895 2129 nos
940 2092 1072 2129 facere
1117 2093 1309 2128 debemus
1354 2090 1553 2127 similiter.

233 2151 396 2199 Sumpsi
435 2159 571 2187 autem
610 2163 683 2198 pro
716 2150 853 2187 radice
886 2150 926 2186 in
958 2150 1033 2187 ista
1067 2150 1238 2186 materia
1272 2149 1421 2186 Christi
1455 2161 1553 2196 pau-

233 2209 399 2257 periem,
441 2210 661 2245 secundum
698 2221 819 2257 quam
854 2208 1042 2245 dominus
1076 2208 1216 2245 mundi
1249 2220 1404 2244 summe
1445 2206 1553 2243 dives

233 2268 283 2304 ad
316 2267 422 2303 intra
455 2276 493 2303 et
526 2267 634 2303 dives
668 2279 788 2315 super
820 2275 906 2303 toto
938 2268 1088 2303 mundo
1112 2276 1196 2303 tam
1219 2279 1263 2302 ex
1285 2266 1404 2302 titulo
1426 2274 1554 2302 status

174 2325 469 2362 351n1100encie
502 2338 623 2374 quam
665 2337 708 2362 ex
746 2325 864 2361 titulo
905 2325 1129 2374 ypostatice
1162 2324 1322 2361 unionis
1354 2323 1428 2360 fuit
1461 2336 1551 2360 cum

232 2385 308 2420 hoc
342 2385 391 2420 ad
425 2383 767 2431 exemplacionem
802 2396 870 2420 sue
904 2383 1070 2420 ecclesie
1104 2392 1141 2420 et
1175 2382 1404 2431 specialiter
1437 2394 1553 2430 supe-

231 2441 384 2478 riorum
419 2443 466 2478 de
500 2442 607 2478 clero
640 2441 724 2478 sine
749 2441 884 2490 aliqua
908 2441 1182 2490 repugnancia
1205 2452 1361 2477 summe
1384 2452 1551 2489 pauper.

231 2501 345 2537 Patet
378 2512 422 2536 ex
455 2500 532 2536 fide
565 2499 625 2536 sui
658 2500 842 2548 Apostoli
876 2502 920 2536 11.
955 2501 1047 2537 Cor.
1072 2502 1192 2546 VIIIO,
1229 2512 1265 2547 9.

301 2689 338 2707 Γ.
361 2679 456 2707 Cod.:
477 2679 629 2706 adiamus.
687 2680 725 2707 18.
747 2680 779 2707 In
802 2688 915 2715 marga
937 2679 1019 2707 Nota
1040 2680 1147 2707 stabile
1168 2680 1415 2707 fundamentum.
1438 2688 1457 2713 ι,
1478 2687 1504 2713 2,
1525 2678 1549 2706 3.

230 2715 272 2743 25.
295 2696 386 2743 doda
408 2714 607 2752 processcssi.
705 2722 748 2750 27.
771 2714 865 2742 Cous
887 2715 974 2749 Ipsa;
1005 2715 1045 2742 ib.
1068 2716 1096 2742 in
1119 2723 1233 2750 marg:
1256 2714 1347 2741 Nota.
1450 2714 1495 2742 30.
1517 2715 1549 2742 ln

230 2758 346 2785 marg:
368 2749 536 2778 Conclusm
558 2749 702 2776 notanda.

299 2867 332 2901 3.
359 2868 382 2901 1.
407 2867 486 2900 Joh.
515 2867 555 2909 v,
583 2867 615 2899 5.
