1944 3323
135 255 212 282 200

163 367 327 403 Auillority
347 367 381 394 os

152 403 189 429 O.
205 402 242 429 T.
264 402 383 436 against

158 437 382 464 cndowments.

163 945 329 981 Authority
350 947 384 972 of

228 980 267 1007 N.
283 979 321 1007 T.

717 251 943 284 JOHANNIS
963 249 1143 282 WYCLIF
1163 248 1418 280 SERMONUM
1450 233 1601 292 [SERMO
1622 244 1730 272 XXVI-

481 362 581 396 Cum
623 367 756 395 autem
795 358 905 393 Jesus
945 355 993 392 sit
1038 364 1173 391 noster
1214 357 1318 391 Deus
1363 364 1444 391 tam
1491 355 1587 401 legis
1632 367 1731 390 nove

422 430 543 466 quam
576 416 730 461 veteris,
771 413 968 462 assumpsi
1008 415 1054 450 ad
1099 415 1172 450 hoc
1205 413 1347 461 triplex
1380 412 1653 449 testimonium
1690 424 1732 448 ex

421 485 604 523 utraque.
662 477 763 510 Nam
815 471 979 509 Numeri
1023 472 1180 517 XV1110,
1235 470 1538 507 Deuteronomii
1589 472 1641 506 Xo
1696 479 1733 506 et

422 532 640 570 Ezechielis
679 533 767 567 XL0
802 533 906 567 Deus
951 529 1123 577 precipit
1163 530 1271 577 quod
1311 528 1367 565 illi
1408 530 1455 564 de
1494 528 1600 564 tribu
1641 527 1732 564 Levi

421 605 502 627 non
535 592 707 626 habeant
739 597 894 636 partem
928 587 1160 624 hereditatis
1193 600 1282 623 cum
1317 596 1448 623 cetero
1472 586 1624 634 populo
1647 587 1765 622 suo.5

423 649 463 686 Si
497 661 589 696 ergo
623 648 752 684 clerus
784 646 881 694 legis
913 645 1056 682 veteris
1097 645 1164 693 qui
1204 645 1275 681 fuit
1314 645 1479 681 allectus
1518 657 1588 693 per
1629 645 1733 680 bona

422 705 675 754 temporalia,
714 713 757 741 ut
796 702 1090 740 introductorie
1124 703 1269 739 serviat
1303 705 1388 739 Deo
1421 716 1506 748 suo,
1546 701 1618 738 fuit
1650 711 1732 739 tam

424 774 509 801 arte
548 771 760 812 preceptus
806 774 941 799 carere
986 760 1240 809 possessione
1284 760 1542 806 hereditaria⁷
1583 768 1733 809 quanto

426 822 550 870 magis
590 831 774 869 tempore
818 819 914 868 legis
959 818 1090 867 gracie
1137 820 1288 855 mundo
1328 827 1556 855 senescente
1596 827 1632 855 et
1671 817 1734 855 die

426 879 555 916 finalis
588 878 725 915 iudicii
759 877 1082 927 propinquante?

482 940 536 974 Ex
570 950 673 974 novo
697 946 829 973 autem
854 943 1096 972 testamento
1119 934 1271 982 sumpsi
1296 934 1437 983 triplex
1460 933 1732 970 testimonium

424 995 557 1044 sepius
603 994 856 1043 replicatum.
911 993 1045 1029 Primo
1099 1001 1155 1028 est
1200 992 1299 1029 illud
1345 995 1450 1029 Luce
1493 993 1614 1037 X1110‚
1667 990 1735 1027 ubi

425 1053 610 1090 dominus
656 1053 864 1101 utriusque
909 1050 1138 1087 testamenti
1179 1051 1361 1087 Christus
1392 1052 1504 1086 Jesus
1543 1049 1599 1086 sic
1638 1050 1735 1086 allo-

425 1112 561 1161 quitur
593 1124 684 1148 suos
719 1110 958 1158 discipulos;
994 1121 1154 1145 sensum
1187 1118 1321 1146 autem
1355 1110 1405 1146 ad
1439 1120 1556 1157 quem
1591 1120 1735 1144 renun-

426 1170 577 1207 ciarent
611 1169 691 1206 suis
724 1167 1016 1217 temporalibus
1057 1168 1172 1203 docet
1212 1168 1365 1216 optime
1403 1167 1482 1203 vita
1517 1165 1662 1202 Christi
1699 1174 1735 1202 et

425 1241 589 1265 suorum
624 1227 903 1276 apostolorum
938 1224 1198 1262 conversacio
1237 1227 1286 1262 ab
1326 1225 1399 1262 ista
1439 1225 1736 1272 regulaexem-

426 1287 548 1335 plata.

485 1346 691 1381 Secundus
714 1345 825 1381 locus
848 1343 1068 1380 testificans
1092 1344 1258 1379 eandem
1283 1340 1528 1377 sentenciam
1553 1348 1609 1376 est
1632 1339 1737 1375 istud

428 1404 533 1439 Luce
565 1404 705 1448 XXHO,
731 1403 802 1439 25:
838 1403 967 1452 Reges
998 1401 1174 1451 gencium
1210 1400 1457 1435 dominantur
1489 1410 1636 1445 eorum,
1671 1410 1737 1433 vos

426 1468 551 1497 autem
593 1473 664 1496 non
702 1460 776 1506 sic‚·
819 1460 887 1496 sed
923 1460 1132 1508 quicunque
1171 1458 1335 1494 voluerit
1375 1457 1476 1493 inter
1508 1468 1574 1491 vos
1612 1455 1738 1491 maior

427 1531 508 1555 esse
539 1518 587 1555 sit
619 1518 706 1555 aliis
739 1518 867 1568 magis
898 1530 1048 1563 servus,
1082 1526 1123 1552 ut
1158 1515 1360 1563 colligitur
1384 1527 1427 1551 ex
1451 1513 1564 1551 factis
1590 1513 1736 1549 Christi

429 1585 464 1613 et
497 1576 585 1613 aliis
618 1575 843 1624 evangeliis.

484 1634 650 1671 Tercius
695 1635 806 1671 locus
852 1642 908 1670 est
953 1633 1103 1669 dictum
1145 1631 1294 1669 Christi
1334 1631 1499 1668 Matthei
1532 1631 1636 1677 XX07
1672 1639 1738 1675 22,

428 1693 494 1729 ubi
517 1692 705 1740 'cognatis
728 1691 874 1728 Christi
904 1691 1121 1739 primatum
1152 1688 1437 1738 temporalium
1468 1701 1538 1737 per
1570 1697 1736 1725 matrem

431 1763 544 1787 suam
578 1749 806 1798 petentibus
841 1749 1021 1786 Christus
1055 1749 1129 1784 hoc
1162 1747 1333 1795 negavit,
1368 1746 1564 1795 implicite
1599 1757 1739 1783 conce-

432 1810 528 1845 dens
563 1808 639 1844 illis
673 1807 909 1856 pauperiem
935 1806 1132 1855 passionis
1158 1814 1194 1842 et
1218 1806 1425 1842 declarans
1450 1812 1740 1852 consequenter

431 1867 538 1914 quod
584 1875 665 1902 tam
713 1866 797 1914 ipse
843 1866 918 1901 dux
963 1864 1054 1900 belli
1093 1877 1213 1912 quam
1259 1863 1314 1898 illi
1359 1861 1578 1910 primatum
1617 1862 1736 1898 talem

431 1924 665 1971 aufugerent
705 1933 741 1960 et
781 1922 1003 1959 ministerio
1043 1934 1202 1958 summo
1243 1922 1418 1957 humano
1460 1920 1664 1956 humiliter
1704 1927 1740 1955 et

432 1981 710 2030 exemplariter
754 1980 1019 2018 subiacerent.
1065 1981 1165 2017 Cum
1206 1992 1299 2027 ergo
1338 1978 1401 2015 isti
1446 1978 1603 2015 articuli
1649 1976 1740 2013 fidei

430 2052 511 2076 non
552 2048 717 2087 possunt
742 2041 790 2075 ab
814 2039 949 2087 aliquo
973 2037 1199 2086 impugnari
1225 2046 1261 2074 et
1284 2036 1492 2073 manifeste
1515 2035 1741 2084 precipiunt

432 2096 735 2134 abdicacionem
781 2096 970 2133 secularis
1015 2095 1183 2132 dominii
1223 2108 1244 2132 a
1284 2095 1390 2131 clero
1430 2093 1591 2140 Christi,
1632 2101 1741 2142 patet

434 2156 639 2204 quomodo
678 2156 897 2191 secundum
938 2153 1087 2191 Christi
1126 2152 1427 2189 ordinacionem
1466 2161 1574 2188 totus
1614 2152 1741 2188 clerus

433 2214 549 2249 debet
583 2226 605 2249 a
638 2212 707 2248 tali
739 2212 1023 2260 temporalium
1058 2210 1308 2259 possessione
1338 2210 1495 2258 penitus
1519 2209 1740 2258 expurgari.

433 2270 537 2307 Satis
560 2270 722 2319 quidem
747 2279 804 2306 est
828 2271 935 2318 quod
968 2278 1075 2305 totus
1110 2269 1236 2305 clerus
1260 2276 1411 2316 quanto
1445 2276 1572 2304 mater
1604 2275 1741 2303 nostra

432 2328 581 2376 indiget
614 2328 653 2364 in
685 2327 830 2364 viando
862 2326 967 2364 vivat
999 2339 1097 2374 pure
1130 2327 1177 2362 de
1201 2325 1366 2362 decimis
1390 2334 1426 2361 et
1449 2325 1739 2370 oblacionibus,

434 2386 535 2422 sicut
573 2385 752 2422 vixerunt
797 2386 1025 2422 sacerdotes
1071 2383 1235 2421 maioris
1280 2383 1490 2420 ministerii
1536 2383 1575 2419 in
1618 2382 1739 2419 veteri

433 2452 685 2480 testamento.

503 2609 527 2637 3.
548 2612 580 2638 Iu
604 2619 715 2645 marga
741 2617 783 2645 103
814 2611 854 2638 ib.
876 2611 972 2638 Cod.:
993 2611 1114 2637 Denter.
1136 2610 1269 2643 XVllI⁰;
1292 2610 1372 2637 Rect.
1394 2610 1446 2638 Xo.
1467 2610 1493 2636 8.
1593 2618 1622 2641 4.
1645 2608 1739 2636 Cocl.:

435 2645 602 2673 Ezechielis
622 2646 744 2673 XLivo.
819 2653 855 2672 12.
878 2647 908 2672 ln
931 2653 1043 2679 marg:
1067 2654 1090 2674 ις
1113 2645 1152 2671 ib.
1174 2644 1293 2672 Rectius
1314 2645 1394 2671 Luce
1414 2644 1510 2678 XIVo,
1530 2643 1578 2671 33:
1603 2644 1664 2678 Qui
1681 2652 1742 2671 non

435 2681 597 2707 renunciat
615 2681 752 2707 omnibus
771 2689 828 2715 que
843 2679 981 2714 possidet
999 2688 1058 2707 non
1078 2683 1179 2714 potest
1197 2688 1278 2706 meus
1299 2687 1364 2706 esse
1384 2679 1560 2714 discipulus.
1648 2676 1686 2705 18.
1708 2678 1740 2704 In

437 2723 548 2753 marg:
570 2722 594 2741 2.
685 2714 726 2742 23.
748 2716 780 2742 In
803 2723 915 2747 marga
938 2714 962 2741 3.
1049 2715 1094 2741 26.
1117 2714 1210 2741 Cod..·
1234 2722 1410 2748 pauperem.
1496 2721 1539 2748 27.
1562 2712 1656 2739 Cod.:
1678 2717 1739 2739 tam

436 2758 501 2784 ipse
520 2765 553 2768 —
573 2757 663 2784 quam
686 2749 727 2776 illi
749 2749 810 2776 dux
832 2749 898 2776 belli
920 2749 995 2783 (sic).
1087 2750 1129 2775 28,
1153 2749 1246 2776 Cod.:
1270 2748 1423 2775 humanis.

508 2877 562 2899 20.
587 2866 706 2899 Matth.
735 2867 807 2906 XX,
836 2865 886 2898 26,

1754 889 1792 910 10

1756 1169 1791 1201 15

1754 1471 1795 1493 20

1756 1752 1795 1784 25

1757 2328 1796 2362 35
