1944 3323
194 248 271 284 368
774 257 995 288 JOHANNIS
1015 256 1199 288 wvcrir
1218 256 1473 288 SERMONUM
1508 243 1661 297 [SERMO
1683 252 1788 279 xmu-

479 363 661 399 infirmus
705 374 869 410 sperans
916 361 1279 398 convalescenciam
1326 374 1407 397 non
1447 361 1647 398 desiderat
1686 361 1790 398 sani—

479 421 627 458 tatem?
661 421 753 456 Ideo
787 419 1026 456 evitabiliter
1059 420 1236 456 defectus
1271 419 1375 465 fidei,
1409 419 1493 467 spei
1527 428 1563 456 et
1597 419 1788 465 caritatis,

479 492 593 515 amor
617 477 747 514 carnis
781 486 817 513 et
840 476 962 513 seculi
995 486 1085 513 sunt
1119 477 1158 513 in
1192 490 1311 514 causa
1335 478 1441 526 quod
1465 486 1546 513 tam
1583 477 1790 514 manifeste

479 546 558 573 tres
590 536 757 573 virtutes
791 535 831 570 in
864 535 1023 572 senibus
1057 535 1171 571 etatis
1210 535 1340 571 ultimi
1373 535 1495 572 seculi
1530 535 1790 582 refrigescunt

480 604 516 631 et
555 596 631 631 due
671 593 747 630 alie
786 593 1003 629 insolencie
1046 605 1089 629 ex
1124 593 1289 629 cautelis
1323 593 1472 630 diaboli
1508 593 1650 629 misere
1684 592 1824 629 ima-5

480 654 645 689 lescunt.
692 651 775 688 Nisi
816 651 920 687 enim
956 663 1130 687 essemus
1164 650 1203 686 in
1236 650 1319 687 istis
1354 650 1521 687 miseriis
1555 650 1790 699 philocapti,

479 723 685 759 nunquam
737 709 792 745 sic
843 709 1122 745 affectaremus
1173 708 1228 745 sic
1277 709 1408 746 vivere
1462 718 1498 745 et
1545 722 1632 745 cum
1679 717 1791 745 tanta

480 768 648 805 tristicia
681 767 815 804 statim
852 767 967 804 mori.

247 834 408 874 Wemust
539 828 637 863 Cum
684 838 777 873 ergo
823 825 1006 862 diabolus
1052 824 1216 861 cautelis
1260 824 1462 873 prioribus
1508 825 1714 861 habundat
1755 832 1792 860 et

211 870 449 932 [Ἷξὲᾖζῖζῆᾓῐῃξιζρ
481 883 707 932 specialiter
731 885 863 932 quoad
895 896 961 920 eos
991 883 1055 932 qui
1082 896 1161 919 non
1184 883 1408 919 innituntur
1431 882 1564 918 divino
1588 881 1790 930 suffragio,
1812 896 1851 916 ιο

285 940 373 967 dcvii.
483 943 572 979 ideo
611 942 815 990 signanter
852 941 1055 989 subiungit
1092 942 1327 989 Apostolus:
1367 942 1498 989 Itaque
1535 941 1598 990 qui
1633 952 1672 976 se
1710 940 1791 976 exi-

481 1001 610 1036 stimat
642 1007 748 1036 stare
780 1000 905 1035 videat
938 1012 983 1036 ne
1014 1000 1138 1036 cadat.
1182 999 1304 1036 Racio
1337 999 1499 1047 quidem
1535 998 1651 1046 exigit
1684 999 1790 1047 quod

482 1058 626 1106 aliquis
674 1057 904 1094 maturioris
958 1057 1072 1094 etatis
1125 1056 1292 1094 existens
1344 1057 1383 1093 in
1434 1057 1497 1093 via
1549 1055 1791 1105 plus-labili

483 1116 719 1164 diligencius
759 1124 895 1153 caveat
933 1128 982 1152 ne
1015 1117 1143 1161 cadat,
1185 1128 1275 1151 cum
1309 1115 1358 1151 sit
1391 1115 1430 1151 in
1463 1123 1568 1151 statu
1600 1114 1793 1162 flagili01i

484 1183 520 1211 et
559 1174 684 1211 hostis
723 1173 915 1210 insidians
959 1186 1029 1222 per
1068 1173 1173 1210 viam
1214 1173 1409 1209 lubricam
1457 1172 1505 1209 sit
1534 1169 1538 1226 Ι
1567 1172 1623 1209 sic
1666 1181 1794 1220 temp-

482 1233 606 1268 tando
658 1231 854 1277 subtilior,
908 1240 944 1267 et
999 1244 1044 1268 eo
1097 1231 1250 1268 cercior
1294 1244 1373 1280 quo
1424 1230 1687 1267 veiecundius
1738 1238 1795 1267 est

483 1290 687 1327 hominem
742 1262 884 1326 cadeie
936 1289 1003 1338 qui
1057 1298 1116 1326 tot
1164 1289 1431 1326 iuvaminibus
1483 1297 1540 1325 est
1591 1288 1793 1329 suffultus:

483 1348 589 1385 cadit
634 1357 765 1384 autem
814 1347 881 1396 qui
926 1347 1268 1395 temptacionibus
1314 1346 1487 1383 hostium
1539 1347 1794 1383 consenciens

482 1406 706 1442 succumbit
753 1405 978 1443 vecorditer
1022 1414 1245 1454 superatus
1307 1407 1354 1441 Et
1400 1406 1472 1441 hec
1517 1404 1626 1441 racio
1672 1416 1795 1453 quare

483 1464 664 1500 Christus
697 1476 767 1512 per
800 1473 966 1500 stratam
1001 1463 1151 1511 regiam
1186 1463 1384 1500 transiens
1417 1462 1457 1498 in
1488 1463 1635 1499 viando
1659 1462 1794 1499 docuit
1814 1477 1854 1498 20

484 1522 858 1559 confederacionem
893 1534 982 1557 cum
1018 1523 1169 1558 mundo
1193 1523 1388 1558 deserere.
1422 1523 1470 1556 Et
1495 1533 1583 1557 cum
1618 1520 1794 1569 religiosi

482 1579 608 1616 nostri
653 1581 702 1616 ad
748 1588 903 1617 tantum
951 1579 1240 1616 stultificantur
1280 1578 1446 1616 cautelis
1491 1578 1640 1615 diaboli
1687 1579 1793 1627 quod

483 1640 639 1674 deserta
697 1637 959 1674 ordinacione
1011 1637 1158 1674 Christi
1218 1647 1309 1673 sunt
1363 1650 1452 1673 cum
1506 1636 1795 1673 tradicionibus

483 1696 632 1733 frivolis
656 1705 693 1732 et
716 1695 995 1732 dotacionibus
1019 1694 1139 1732 seculi
1170 1695 1413 1744 desponsati,
1444 1703 1480 1732 et
1503 1703 1638 1731 tamen
1661 1707 1796 1743 quem-

484 1766 640 1802 cunque
684 1754 750 1802 qui
796 1754 986 1790 detexerit
1030 1753 1145 1790 istam
1196 1753 1439 1790 sentenciam
1491 1754 1711 1801 dampnant
1755 1762 1796 1789 ut
1814 1759 1852 1790 25

483 1812 703 1849 hereticum
741 1821 777 1848 et
813 1811 1183 1848 machinacionibus
1219 1811 1396 1847 subdolis
1431 1820 1736 1860 persequuntur.

195 1878 459 1913 Christkeptthc
542 1871 618 1906 Sed
659 1869 753 1918 quia
793 1869 1012 1906 inveterata
1053 1869 1213 1906 malicia
1245 1869 1414 1905 faciliter
1446 1869 1658 1905 induratur
1691 1869 1794 1905 ultra

195 1913 462 1980 '‘2)⁸U¹1¹13{}²5¹gdi}„lfss¹t
485 1927 793 1976 possibilitatem
835 1927 1069 1963 dileccionis
1108 1926 1283 1963 hominis
1330 1927 1369 1962 in
1415 1927 1620 1963 diabolum
1666 1935 1794 1963 trans-

226 1976 432 2044 Ῑῑῑῦξςίῐὲῑζῃῡά
483 1985 659 2030 formati,
710 1985 800 2021 ideo
849 1987 1013 2021 mandat
1057 1985 1293 2033 Apostolus:
1346 1985 1563 2034 Temptacio
1609 1997 1674 2020 vos
1721 1997 1792 2020 non

307 2042 311 2044 ’
370 2039 376 2044 ’
483 2044 748 2092 apprehendat
781 2043 852 2078 nisi
882 2044 1047 2078 humana
1082 2056 1127 2079 ac
1160 2042 1190 2079 si
1224 2043 1263 2079 in
1295 2042 1458 2079 nomine
1489 2041 1636 2079 Christi
1669 2042 1795 2090 preci-
1813 2050 1854 2081 Ro

483 2110 607 2149 peret,
642 2100 735 2149 quia
768 2113 847 2137 non
880 2100 920 2137 in
952 2101 1082 2137 forma
1112 2100 1261 2137 diaboli
1295 2100 1373 2136 sint
1395 2101 1593 2149 temptati.
1628 2103 1796 2137 Necesse

484 2159 646 2207 quidem
683 2160 870 2207 estquod
901 2167 1145 2207 temptemur
1177 2160 1225 2195 ab
1259 2159 1372 2195 hoste
1405 2158 1553 2207 triplici
1586 2167 1792 2207 tamquam

483 2216 638 2264 primus
678 2217 800 2253 homo
842 2218 890 2252 de
930 2229 1126 2253 consensu
1165 2216 1335 2253 faciliter
1374 2216 1610 2264 penitentes.
1657 2218 1704 2252 Et
1739 2225 1796 2252 est

484 2274 559 2311 ista
598 2276 775 2311 humana
812 2274 1033 2322 temptacio
1073 2275 1184 2311 cuius
1226 2283 1283 2311 est
1323 2274 1494 2311 faciliter
1527 2276 1672 2311 cadere
1705 2283 1741 2310 et
1774 2287 1795 2310 a

484 2341 649 2380 peccato
683 2345 753 2380 per
785 2332 1052 2380 penitenciam
1088 2332 1252 2369 resilire.
1287 2332 1373 2368 Alia
1408 2341 1541 2368 autem
1575 2331 1794 2379 temptacio
1811 2340 1849 2372 35

484 2403 562 2438 qua
601 2390 745 2438 privati
784 2390 945 2426 ordines
989 2403 1059 2439 per
1105 2391 1252 2426 multos
1297 2390 1548 2426 centenarios
1596 2403 1792 2426 annorum

485 2448 753 2484 communiter
776 2448 1016 2484 indurantur
1040 2457 1098 2485 est
1126 2447 1346 2496 temptacio
1371 2447 1569 2484 diabolica
1593 2447 1792 2493 indurata,

484 2514 520 2542 et
559 2519 629 2554 per
669 2519 916 2554 consequens
955 2506 1010 2542 illi
1050 2515 1141 2542 sunt
1180 2505 1329 2542 diaboli
1362 2506 1557 2554 populum
1592 2518 1679 2541 cum
1715 2518 1794 2553 quo

484 2564 666 2600 habitant
704 2565 951 2601 seducentes.

1813 1153 1886 1186 Fot.

1813 1209 1851 1231 2·
1840 1203 1891 1243 9¹³

552 2728 771 2756 .nunquam;
791 2722 860 2750 cod.
872 2732 877 2750 :
899 2722 1016 2758 iniqua.
1074 2723 1115 2750 113.
1132 2722 1266 2753 cercior:
1288 2723 1374 2750 cod.:
1396 2722 1542 2754 cerciolll.
1598 2721 1643 2755 30,
1666 2720 1703 2748 31.
1726 2728 1793 2756 pre*

483 2756 613 2791 σίροιρῐς
641 2757 726 2785 cod:
754 2757 913 2793 pcipcret.

558 2875 608 2896 11.
637 2863 660 2895 Ι.
689 2864 769 2894 Cor,
796 2864 836 2902 X,
860 2873 909 2894 12.
1007 2864 1062 2896 30.
1090 2863 1133 2895 ib.
1158 2864 1208 2895 13.
