1944 3323
81 1064 120 1085 10

84 1345 118 1376 15

83 1645 124 1667 20

85 2217 126 2249 30

133 295 268 323 scano
285 281 470 340 xxxviii]
624 294 795 326 TERTm
825 293 948 326 PARS.
1658 276 1674 311 3
1691 289 1699 310 ι
1719 276 1733 310 5

563 480 756 522 SERMO
791 478 1016 519 XXXVIII.

194 581 342 617 Estinzo
375 579 477 628 qnod
499 589 571 613 non
591 583 681 612 sunt
703 574 895 625 condigne
911 573 1112 623 passiones
1133 571 1244 607 huius
1266 569 1452 618 temporis

134 640 377 688 adfuturam
392 636 563 687 gloriam
581 647 651 684 que
666 633 903 670 revelabitur
920 632 955 667 in
975 631 1092 667 nohis.
1117 630 1364 673 Rom.V1110‚
1389 627 1449 663 18.

194 699 234 733 In
278 696 353 732 ista
391 694 562 743 epistola
601 694 786 729 bortatur
824 690 1042 739 Apostolus
1082 689 1188 737 quod
1227 685 1452 723 voluntarie

136 755 220 792 sine
265 765 471 790 murmure
516 750 743 788 ministrent
789 749 828 785 in
873 747 1041 785 servicio
1078 749 1169 783 Jesu
1209 744 1369 782 Christo
1416 752 1453 780 et
1487 748 1567 796 0131)-
1590 746 1725 793 Chris-ss

135 825 206 863 per
239 823 490 860 consequens
523 810 630 859 quod
664 820 805 845 omnes
838 806 1047 856 passiones
1071 817 1170 854 quas
1194 801 1451 840 beatificandi
1477 782 1735 852 ὃξῑῖιῖἷῗῃξᾏιζζζῃ

135 871 300 909 sufferre
340 877 530 919 poterunt
572 867 636 904 hic
674 867 714 904 in
751 865 827 911 via,
874 878 954 901 non
998 872 1090 900 sunt
1129 863 1246 911 digne
1286 860 1453 897 minimo
1565 853 1652 880 bliss.

135 931 261 978 gradu
295 926 555 965 beatitudinis
588 925 664 962 nisi
698 924 954 974 preveniente
987 921 1123 971 gracia
1156 919 1450 968 Redemptoris.

135 991 237 1025 Nam
272 999 411 1024 ornnes
445 983 676 1022 huiusmodi
709 982 917 1032 passiones
950 989 1041 1017 sunt
1074 981 1145 1016 sub
1179 987 1289 1016 certo
1328 978 1455 1026 gradu

136 1046 297 1095 penales
331 1055 368 1082 et
400 1046 504 1081 bone
543 1042 763 1087 moraliter,
797 1051 1036 1089 quecunque
1067 1051 1160 1087 pars
1193 1035 1455 1074 beatitudinis

137 1114 194 1141 est
238 1103 439 1140 infinitum
486 1100 650 1147 melior3
696 1112 790 1148 ergo
833 1111 916 1136 non
953 1106 1086 1146 potest
1124 1095 1210 1133 fieri
1250 1093 1453 1132 cambium

136 1163 284 1199 iustum
316 1161 393 1198 nisi
428 1174 471 1198 ex
503 1159 640 1208 gracia
672 1157 794 1207 gratis
829 1156 972 1194 dantis.
1018 1158 1123 1192 Nam
1162 1156 1312 1190 bonum
1354 1161 1454 1189 tem-

136 1222 276 1270 porale
315 1221 419 1257 valet
458 1220 640 1256 laborem
685 1216 875 1265 aliquem,
920 1223 963 1251 ut
1007 1222 1118 1262 patet
1163 1214 1212 1249 de
1257 1210 1455 1260 operariis

137 1279 250 1316 iustis
283 1277 490 1315 laboribus
524 1275 858 1313 conductivorum
894 1282 931 1310 et
964 1271 1235 1309 communiter
1267 1271 1455 1307 laboran-

137 1337 242 1375 cium
276 1350 350 1385 pro
384 1335 614 1373 hominibus
647 1334 712 1370 hic
744 1333 784 1370 in
806 1332 882 1369 via.
919 1332 995 1368 Sed
1018 1332 1170 1367 bonum
1194 1327 1456 1366 beatitudinis

138 1405 195 1433 est
228 1395 430 1432 infinitum
465 1392 608 1430 melius
639 1405 761 1441 quam
786 1393 938 1428 bonum
962 1387 1195 1426 huiusmodi
1217 1386 1455 1436 temporale,

138 1467 232 1502 ergo
264 1453 465 1490 infinitum
499 1452 588 1500 plus
619 1451 769 1487 valeret
809 1451 857 1486 de
894 1449 1033 1485 labore
1072 1447 1205 1496 gracia
1246 1447 1455 1482 subducta.

139 1514 254 1550 Unde
288 1524 378 1548 curn
408 1511 572 1559 dignum
596 1509 646 1546 sit
669 1510 777 1558 quod
800 1507 1135 1557 qualitercunque
1157 1507 1263 1541 Deus
1285 1503 1457 1541 voluerit

139 1571 368 1619 impleatur,
410 1571 513 1605 Deus
554 1577 687 1605 autem
727 1568 811 1603 vult
845 1578 887 1602 ex
920 1564 1055 1613 gracia
1088 1576 1159 1600 sua
1191 1564 1300 1611 quod
1332 1561 1457 1598 beati-

139 1631 238 1665 tudo
283 1641 356 1676 pro
401 1628 540 1664 labore
588 1625 750 1663 modico
796 1623 949 1661 homini
995 1623 1045 1659 sit
1090 1624 1252 1667 donata,
1301 1627 1458 1670 ponunt
1500 1620 1748 1672 ³Difftjnctjon,v

140 1686 258 1736 periti
298 1686 525 1735 linguarum
567 1685 675 1733 quod
721 1683 894 1732 dignitas
939 1691 976 1718 et
1021 1680 1275 1729 condignitas
1320 1656 1748 1726 distin-&Etaxssgiid‘iiggriiiii

141 1754 337 1794 guuntur;
378 1744 616 1792 dignitatem
649 1751 784 1779 autem
818 1749 973 1790 ponunt
1006 1739 1245 1787 generaliter
1278 1738 1459 1786 quando-

141 1816 298 1852 cunque
339 1816 382 1839 ex
420 1802 537 1838 titulo
577 1801 709 1849 gracie
747 1801 808 1837 vel
847 1799 930 1835 sine
970 1798 1039 1834 illo
1078 1797 1180 1833 iuste
1220 1805 1311 1833 sunt
1351 1808 1460 1832 com-

141 1861 357 1908 municati3
391 1870 429 1897 et
461 1860 519 1897 sic
553 1859 718 1907 dignum
753 1868 790 1895 et
823 1858 973 1894 iustum
1009 1865 1068 1893 est
1097 1857 1206 1904 quod
1231 1854 1460 1904 quicunque

85 1937 98 1949 ο
140 1920 438 1970 predestinatus
483 1920 706 1955 honoretur
750 1917 790 1953 in
833 1915 965 1965 patria
1005 1927 1124 1964 quem
1170 1926 1236 1950 rex
1281 1913 1459 1950 celorum

139 1978 311 2016 voluerit
344 1977 558 2023 honorari3
591 1989 665 2013 nec
698 1976 813 2012 aliter
847 1975 954 2023 quod
988 1973 1044 2010 sic
1066 1985 1283 2021 possumus
1307 1970 1461 2020 aliquid

139 2038 200 2074 vel
239 2039 388 2074 bonum
428 2036 489 2073 vie
526 2035 587 2072 vel
621 2036 772 2071 bonum
806 2033 936 2082 patrie
970 2045 992 2069 a
1025 2030 1202 2068 Domino
1233 2030 1460 2067 vendicare.

141 2095 404 2144 Condignitas
440 2103 573 2131 autem
608 2093 706 2130 dicit
736 2092 946 2140 utriusque
970 2090 1230 2139 equalitatem
1255 2087 1462 2137 dignitatis

142 2154 354 2191 coniuncte
388 2151 691 2197 communitati;
727 2160 763 2188 et
791 2159 901 2199 patet
930 2149 1062 2198 prima
1092 2148 1324 2197 proposicio
1356 2149 1463 2194 Apo-

142 2212 234 2249 stoli
278 2221 321 2248 ut
365 2220 724 2260 quantumcunque
767 2209 898 2246 viator
942 2207 1095 2256 patitur
1138 2206 1215 2243 nisi
1255 2206 1350 2243 assit
1390 2205 1462 2241 Dei

143 2270 332 2307 donantis
364 2268 499 2317 gracia
532 2267 823 2305 beatitudinem
858 2279 940 2303 non
974 2274 1165 2302 meretur.
1211 2266 1260 2301 Et
1299 2266 1372 2301 hec
1405 2272 1462 2300 est

143 2330 298 2366 famosa
331 2327 544 2364 distinccio
577 2328 685 2375 quod
720 2326 829 2363 aliud
862 2334 920 2362 est
953 2324 1143 2361 meritum
1179 2324 1227 2360 de
1261 2322 1462 2370 condigno
1479 2328 1668 2368 Condigniiy
1693 2327 1752 2355 and

144 2396 181 2424 et
214 2387 323 2423 aliud
357 2388 404 2422 de
437 2398 629 2434 congruo,
664 2384 817 2421 scilicet
850 2385 959 2432 quod
993 2384 1040 2420 de
1073 2382 1237 2419 racione
1262 2381 1463 2429 magnitu-
1487 2368 1744 2429 cofl‘gl'ssffffiffss'gffl

144 2444 246 2482 dinis
280 2443 449 2481 dominii
483 2444 542 2480 sui
575 2443 625 2479 sit
659 2455 883 2491 congruum
908 2443 1018 2490 quod
1041 2453 1114 2489 pro
1140 2440 1336 2476 fidelitate
1360 2438 1462 2475 servi
1503 2428 1734 2496 rbneqffffissg'gffll

143 2503 324 2552 graciose
357 2511 476 2550 atque
509 2501 721 2550 magnifice
754 2500 828 2538 sibi
861 2500 1070 2536 retribuat.
1104 2498 1294 2535 Meritum
1328 2506 1462 2534 autem
1537 2487 1545 2496 ι
1726 2490 1730 2495 ’

145 2564 193 2598 de
232 2561 432 2609 condigno
472 2569 529 2597 est
569 2560 757 2596 meritum
796 2558 913 2595 unius
951 2557 1116 2595 viatoris
1150 2558 1285 2606 quoad
1325 2555 1462 2602 alium,

215 2720 242 2746 6.
259 2718 355 2758 Cod.:
376 2726 569 2753 consequens
591 2718 684 2745 deest.
761 2726 800 2752 ¹7-
818 2717 912 2746 Cod.:
933 2717 1036 2751 gracia
1056 2717 1168 2753 gracia.
1244 2725 1286 2752 19,
1302 2724 1349 2744 20.
1366 2716 1462 2744 Cod.:

147 2763 203 2790 pro
225 2753 390 2782 beatitudo.
464 2760 507 2780 22.
529 2753 624 2781 Cod.:
647 2761 763 2786 pontin.
842 2751 885 2785 23,
909 2760 954 2785 24.
977 2751 1072 2780 Cod.:
1094 2751 1293 2779 comminata.
1366 2750 1405 2779 31.
1428 2751 1462 2779 In

147 2798 260 2825 marg:
283 2788 425 2817 Meritum
448 2788 570 2822 duplex.
645 2787 687 2815 32.
710 2788 740 2816 In
763 2795 877 2823 marg:
899 2795 920 2821 1,
942 2795 967 2815 2.

222 2896 247 2917 1.
275 2884 457 2916 Dominica
486 2890 607 2926 quarta
640 2890 721 2925 post
746 2881 968 2915 Trinitatem.
1007 2882 1057 2915 Cf.
1087 2882 1248 2925 Wyclif's
1283 2857 1474 2919 sermon&⁴

147 2932 200 2963 ed.
227 2932 271 2974 by
299 2931 441 2971 Arnold,
469 2931 507 2969 ΙΙ,
535 2940 613 2972 pag.
641 2929 835 2962 323-*325
