1944 3323
113 715 138 734 2.
160 708 204 735 As
224 711 254 733 to
272 705 384 733 L‘mah

181 742 230 768 tlte
251 741 324 768 sriar

148 784 287 803 assumes
308 779 359 802 too

200 810 302 844 much,

122 937 180 964 und
203 937 323 972 assigns
345 945 380 963 an

164 971 340 999 unsounded

166 1015 273 1033 reason
294 1007 342 1034 for

182 1041 324 1068 Uzziah's

147 1076 358 1110 punishment.

120 2266 165 2292 He
185 2265 344 2292 attribules
363 2269 392 2291 10

123 2300 202 2335 picty
223 2300 305 2326 what
328 2308 391 2325 was

145 2334 203 2361 due
224 2339 253 2361 to
275 2333 370 2368 pride.

696 247 916 279 JOHANNIS
937 247 1118 278 WYCLIF
1138 247 1391 279 SERMONUM
1495 234 1646 291 [SERMO
1668 244 1704 271 V.

399 354 584 390 camelum
618 353 754 390 eiceret
792 353 922 402 primo
966 353 1112 389 trabem
1153 353 1199 388 de
1236 365 1304 388 suo
1343 353 1465 399 oculo,
1504 361 1706 402 antequam

389 413 585 461 festucam
627 411 672 447 cle
710 411 819 447 oculo
853 410 1004 459 fratris
1047 419 1128 446 tam
1175 410 1294 446 stulte
1339 409 1576 458 imponeret.
1630 412 1707 447 Sed

400 468 574 517 pharisei
614 468 807 505 miracula
848 467 994 504 Christi
1041 476 1077 503 et
1122 467 1248 515 legem
1290 480 1403 504 suam
1444 468 1707 516 calumpniati

401 536 491 563 sunt
530 526 609 563 suis
646 525 834 562 versuciis
881 530 937 571 (ut
982 533 1091 573 patet
1131 527 1236 561 Luce
1275 527 1361 573 110).
1417 527 1529 562 Unde
1567 539 1588 562 α
1616 527 1707 575 fer-

401 592 524 621 mento
558 585 718 620 istorum
747 584 1020 633 phariseorum
1053 590 1108 619 est
1127 583 1313 632 fidelibus
1338 584 1626 632 precavendum
1650 586 1708 633 (ut

402 642 582 679 Christus
615 643 731 677 docet
767 644 870 677 Luce
892 642 1012 688 X110).

461 700 603 745 Quoad
637 700 852 735 secundam
887 698 1090 746 arguciam
1121 707 1231 746 patet
1255 699 1363 746 quod
1387 698 1590 736 concessio
1614 699 1708 736 facti

403 759 508 806 quod
533 769 597 793 rex
621 756 735 793 Osias
759 769 969 804 percussus
993 765 1050 792 est
1074 756 1197 804 lepra,
1224 756 1318 804 quia
1340 756 1467 793 voluit
1490 757 1708 793 sacerdotis

402 815 579 852 officium
604 827 811 862 usurpare,
837 815 944 862 quod
968 813 1040 849 fuit
1063 813 1102 849 in
1127 826 1172 850 eo
1205 813 1324 850 nimis
1358 827 1502 862 magna
1534 814 1707 860 fatuitas,

402 886 538 921 ymmo
566 885 609 909 ex
636 872 821 920 superbia
850 873 925 908 hoc
959 871 1051 908 fecit
1079 875 1135 916 (ut
1167 880 1275 920 patet
1303 874 1355 908 ΙΙΟ
1380 872 1508 909 Paral.
1532 873 1708 918 XXV10);

403 939 440 967 et
472 931 527 967 sic
560 939 725 979 propter
757 929 874 966 istam
909 942 1071 966 causam
1094 930 1155 966 vel
1177 929 1295 966 aliam
1323 931 1405 966 Deo
1429 929 1708 967 absconditam

403 997 512 1037 patet
545 990 651 1036 quod
684 989 805 1024 frater
839 1000 949 1023 more
981 1000 1052 1023 suo
1075 986 1193 1023 nimis
1216 988 1358 1024 falsum
1384 987 1551 1024 assumit
1574 1000 1710 1036 super-

403 1046 480 1082 flue
514 1055 816 1094 consequenter,
851 1058 941 1081 cum
974 1045 1084 1082 addit
1118 1047 1225 1093 quod
1249 1045 1364 1082 Osias
1391 1058 1472 1082 non
1500 1058 1710 1094 percussus

404 1113 462 1140 est
499 1104 624 1152 lepra,
665 1104 758 1152 quia
795 1103 920 1140 voluit
958 1104 1097 1139 tollere
1136 1102 1196 1139 ius
1240 1103 1473 1149 sacerdocii,
1513 1103 1607 1152 quia
1650 1103 1710 1139 ius

403 1161 621 1199 sacerdocii
661 1170 731 1207 est,
777 1170 818 1197 ut
855 1161 938 1197 sine
982 1161 1248 1209 usurpacione
1292 1160 1409 1197 alieni
1454 1163 1500 1197 de
1544 1161 1711 1198 ecclesia

403 1221 590 1256 sacerdos
620 1228 790 1267 occupet
818 1218 1045 1267 specialiter
1077 1218 1357 1265 ministerium,
1392 1220 1500 1267 quod
1533 1232 1576 1255 ex
1608 1219 1711 1255 limi-

404 1277 561 1314 tacione
594 1277 727 1314 divina
760 1286 816 1313 est
848 1276 922 1313 sibi
955 1276 1178 1325 proprium.
1217 1279 1265 1312 Et
1297 1276 1352 1313 sic
1385 1276 1560 1313 creditur
1592 1277 1711 1314 falsos

404 1335 545 1372 fratres
577 1347 744 1383 peccare
777 1334 964 1371 continue
997 1336 1229 1383 usurpando
1258 1334 1331 1371 sibi
1360 1334 1443 1371 sine
1471 1335 1711 1372 fundacione

406 1392 671 1429 ministerium
706 1401 951 1429 curatorum.

462 1452 539 1487 Sed
562 1451 663 1488 sicut
685 1451 981 1499 pseudofratres
1011 1459 1142 1498 preter
1165 1449 1449 1486 fundacionem
1486 1450 1577 1497 (nisi
1610 1451 1711 1487 forte

405 1508 522 1545 fuerit
554 1508 803 1553 Antichristi)
843 1516 1096 1544 monstruose
1135 1516 1335 1555 occupant
1367 1508 1497 1555 legem
1531 1508 1710 1554 ecclesie,

404 1566 460 1603 sic
504 1566 577 1602 iste
621 1566 746 1602 idiota
791 1566 874 1602 sine
919 1565 1158 1602 fundacione
1202 1566 1262 1601 vel
1307 1565 1468 1603 racione
1507 1566 1631 1613 garrit
1669 1575 1711 1602 ut

405 1625 603 1672 graculus,
638 1633 675 1660 et
707 1624 761 1660 ita
791 1636 834 1660 ex
864 1636 1034 1672 sompno
1058 1636 1137 1660 non
1161 1623 1327 1660 fundato
1352 1623 1459 1671 capit
1490 1623 1531 1659 in
1563 1623 1709 1660 minori

405 1684 513 1730 quod
556 1682 596 1718 in
634 1682 711 1718 isto
749 1694 839 1729 rege
877 1681 949 1717 fuit
988 1681 1118 1717 minus
1157 1690 1366 1730 peccatum
1405 1681 1461 1718 sic
1499 1694 1711 1730 usurpasse

406 1752 448 1776 ex
481 1739 698 1776 devocione
736 1739 955 1776 sacerdotis
994 1739 1171 1775 officium
1212 1740 1470 1775 solummodo
1510 1752 1588 1776 una
1626 1739 1711 1776 vice

405 1810 525 1846 quam
549 1797 686 1834 fuisset
718 1797 958 1845 temporalia
991 1810 1012 1833 a
1045 1796 1319 1834 sacerdotibus
1352 1797 1574 1834 abstulisse.
1609 1799 1710 1834 Cum

406 1855 511 1892 enim
546 1855 727 1892 Christus
765 1853 947 1891 striccius
981 1854 1185 1891 mandavit
1216 1855 1296 1891 suis
1329 1854 1605 1891 sacerdotibus
1639 1868 1711 1892 nec

406 1912 585 1950 dominia
620 1912 757 1949 mundi
791 1914 936 1949 habere
969 1925 1040 1948 nec
1072 1912 1112 1948 in
1144 1912 1321 1960 negociis
1354 1912 1598 1949 secularibus
1637 1912 1710 1948 im—

406 1970 559 2019 plicari,
600 1979 708 2018 patet
747 1972 855 2018 quod
893 1969 1074 2006 omnium
1115 1971 1440 2018 pseudofratrum
1478 1970 1709 2019 sompnium

1730 887 1767 907 10

1730 1165 1766 1196 15

1729 1742 1766 1774 25

405 2041 486 2064 non
518 2028 701 2065 fundabit
733 2029 840 2076 quod
880 2028 1010 2064 minus
1042 2028 1143 2064 foret
1175 2041 1308 2076 regem
1341 2028 1562 2065 sacerdotis
1595 2028 1710 2064 mini-
1726 2031 1768 2062 30

406 2086 570 2122 sterium
610 2098 823 2134 usurpasse
856 2099 975 2134 quam
1009 2086 1110 2122 foret
1142 2087 1192 2122 ad
1230 2086 1566 2123 rectificacionem
1606 2086 1711 2122 ordi-

405 2144 585 2181 nacionis
608 2143 755 2181 Christi
788 2143 931 2180 iniuste
963 2152 1205 2192 occupatum
1239 2144 1461 2180 dominium
1496 2157 1518 2181 a
1551 2144 1712 2192 prelatis

407 2201 567 2238 cesariis
600 2201 823 2238 abstulisse.

465 2261 650 2296 Secundo
695 2259 896 2307 sompniat
940 2259 1211 2307 irregulariter
1255 2261 1362 2308 quod
1409 2273 1473 2296 rex
1512 2259 1626 2296 osias
1670 2272 1713 2296 ex

407 2317 554 2365 pietate
587 2317 642 2354 sic
674 2318 833 2363 fecerat,
876 2330 965 2353 cum
1005 2330 1048 2353 ex
1087 2318 1205 2353 stulta
1244 2317 1555 2366 presumpcione
1593 2326 1712 2366 atque

408 2375 596 2424 superbia
629 2375 785 2412 videtur
818 2375 957 2423 pocius
991 2374 1229 2412 sic‘fecisse.

479 2564 503 2582 2.
525 2556 564 2582 1³:
587 2555 622 2582 de
643 2555 737 2582 deest.
851 2555 874 2582 5.
897 2555 935 2582 F:
958 2555 1087 2581 istorum
1109 2556 1203 2582 deest.
1312 2556 1339 2583 o.
1361 2556 1405 2582 A:
1428 2555 1508 2582 Luce
1528 2554 1597 2581 xilv
1618 2554 1711 2581 deest.

409 2599 435 2624 7.
456 2591 499 2617 A:
523 2598 670 2617 concesso
691 2590 792 2618 fratri:
823 2589 862 2616 ib.
883 2590 911 2616 A
933 2590 961 2616 in
984 2598 1096 2623 marg:
1119 2590 1208 2616 Nota.
1231 2590 1279 2616 Ad
1302 2590 1481 2617 secundum.
1554 2597 1595 2615 10.
1616 2589 1660 2616 A:
1683 2594 1713 2615 ut

409 2625 501 2652 deest.
577 2632 614 2651 12.
636 2624 778 2660 Ffflquod
802 2629 880 2651 sunt.
957 2623 992 2651 13.
1014 2625 1054 2651 F:
1076 2633 1135 2650 nou
1158 2625 1251 2651 deest.
1327 2624 1362 2651 15.
1383 2624 1423 2652 F:
1446 2628 1477 2651 ut
1497 2623 1596 2657 deest;
1617 2623 1646 2650 ib
1673 2623 1712 2650 F:

409 2659 497 2686 alicui
519 2660 565 2685 de.
669 2662 711 2685 10.
731 2659 774 2685 A:
797 2658 978 2686 misterium.
1087 2667 1126 2693 17.
1147 2659 1186 2686 F:
1208 2658 1295 2686 sicut.
1404 2667 1444 2693 19.
1465 2659 1509 2686 A:
1531 2657 1712 2685 misterium.

409 2701 447 2729 21-
468 2694 511 2720 A:
534 2694 633 2720 locum
655 2693 790 2720 ecclesie.
846 2692 887 2720 23.
903 2693 976 2720 Ain
992 2701 1105 2728 marg:
1129 2702 1154 2726 ις
1176 2693 1215 2720 ib.
1232 2694 1275 2720 A:
1296 2694 1447 2728 garrulus.
1503 2699 1548 2725 24.
1564 2692 1604 2720 F:
1625 2692 1712 2719 sicut.

409 2728 452 2755 23.
474 2728 512 2755 F:
536 2736 642 2762 neque.
716 2726 753 2754 31.
774 2728 818 2755 A:
841 2736 1006 2763 usurpasse
1026 2728 1119 2755 deest·
1193 2727 1238 2762 34.
1259 2729 1287 2755 A
1307 2728 1336 2755 in
1359 2736 1470 2762 marg:
1492 2734 1517 2753 2.

477 2866 510 2897 4.
536 2856 637 2888 Marci
666 2857 755 2895 Vlll,
787 2857 836 2888 15.

1730 2319 1769 2351 35
