1944 3323
199 213 335 242 sERmo
360 203 486 261 xxm]
688 217 862 249 TERTIA
891 218 1016 249 PARS.
1729 212 1801 248 231

199 325 303 362 enim
339 324 503 361 nutrivit
535 325 638 361 soles
672 324 884 361 duodecim
911 338 1083 373 quorum
1119 326 1383 363 duodecimus
1416 327 1519 364 scili-

199 393 260 420 cet
294 383 478 421 Scarioth
517 383 589 419 fuit
622 382 834 431 pessimus.
881 385 967 429 Que
1001 396 1094 431 ergo
1129 385 1379 432 blasphemia
1413 387 1518 433 quod

198 451 394 491 patronus
429 441 645 490 peccabilis
682 441 833 478 nutriat
870 442 996 478 multa
1033 441 1183 479 millia?
1225 443 1430 492 Numquid
1464 453 1520 480 est

198 500 467 537 sul'ficiencior
495 509 531 536 et
558 499 785 548 sapiencior
811 502 902 536 Jesu
932 509 1071 536 nostro
1100 500 1165 549 qui
1202 503 1250 537 ad
1286 503 1518 550 ponendum

165 561 428 596 §mensuram
463 558 501 594 in
535 571 652 606 grege
685 558 831 606 pusillo
865 558 984 595 istum
1016 559 1302 596 duodecimum
1338 560 1521 608 permisit

199 617 354 666 perire?
389 618 495 662 Quot
528 629 621 664 ergo
656 616 767 653 milia
801 618 1046 654 credendum
1082 626 1138 654 est
1161 630 1329 666 peccare
1362 618 1520 666 gravius

196 675 236 712 in
275 674 422 712 talibus
466 674 729 712 conventibus
769 688 889 724 quam
925 685 1139 724 peccarent
1173 676 1212 712 in
1246 677 1394 722 seculo,
1429 690 1517 714 cum

197 733 384 771 Scarioth
415 746 505 770 cum
543 733 738 781 magistro
775 734 1091 782 prudentissimo
1132 744 1169 771 et
1203 735 1372 783 collegio
1407 747 1520 773 sanc-

196 791 354 829 tissimo
387 791 442 829 ita
475 791 581 829 fecit.

142 864 179 885 ιο
254 852 302 887 Et
336 859 531 900 quantum
572 852 621 887 ad
664 851 844 900 modum,
884 860 994 899 patet
1029 853 1137 899 quod
1172 864 1242 900 per
1274 852 1520 889 tradiciones
1535 866 1561 888 2.
1583 860 1811 888 osu-aditions.

194 921 286 946 suas
332 908 574 958 multiplices
613 909 807 945 excedunt
846 909 1149 946 infundabiliter
1188 911 1315 958 legem
1358 910 1519 948 Christi.

195 968 295 1004 Cum
337 980 430 1015 ergo
470 968 634 1004 libertas
675 976 795 1016 atque
828 967 998 1005 facilitas
1031 967 1137 1005 illius
1170 968 1267 1017 legis
1301 970 1418 1005 debet
1451 971 1521 1006 ob-

193 1026 342 1062 servari
382 1026 421 1062 in
455 1025 535 1063 suis
574 1025 784 1072 limitibus,
823 1025 980 1063 videtur
1014 1028 1121 1075 quod
1156 1037 1433 1075 presumentes
1465 1028 1521 1065 sic

193 1084 374 1121 stabilire
404 1086 475 1121 hos
515 1097 639 1121 novos
672 1084 833 1121 ordines
869 1084 1125 1133 culpabiliter
1153 1094 1354 1134 temptant
1377 1087 1520 1123 Deum.

140 1146 175 1177 ιδ
194 1145 323 1179 Nemo
358 1142 463 1180 enim
498 1144 615 1179 debet
639 1142 859 1191 quicquam
895 1143 1026 1180 facere
1059 1143 1133 1180 nisi
1167 1145 1277 1192 quod
1311 1157 1353 1181 ex
1387 1144 1521 1182 divina

194 1201 444 1238 revelacione
479 1211 515 1238 et
540 1201 725 1238 doctrina
759 1201 959 1250 scripture
992 1201 1111 1239 fuerit
1144 1202 1218 1239 sibi
1251 1212 1393 1240 notum
1428 1216 1521 1252 pro-

194 1261 307 1296 desse
341 1259 520 1297 ecclesie.
554 1261 631 1296 Sed
666 1272 709 1296 ex
732 1269 877 1297 neutro
911 1260 1080 1296 istorum
1116 1270 1173 1297 est
1196 1270 1339 1298 notum
1363 1262 1521 1310 prelato

192 1319 253 1355 vel
282 1318 363 1355 suis
399 1317 587 1366 obligatis
617 1320 725 1366 quod
755 1318 846 1356 talis
881 1318 1167 1356 inclaustraeio
1196 1320 1299 1356 foret
1329 1319 1384 1357 eis
1413 1320 1521 1357 utilis

192 1378 253 1414 vel
291 1378 533 1426 prodessens
567 1376 753 1423 ecclesie3
789 1390 883 1425 ergo
917 1379 1035 1414 debet
1078 1378 1314 1415 omnimode
1347 1378 1520 1416 reticeri.

137 1435 259 1472 2oSic
299 1435 404 1472 enim
445 1437 665 1472 secundum
698 1437 894 1472 Jacobum
934 1437 1056 1473 homo
1097 1437 1214 1473 debet
1254 1449 1338 1474 esse
1383 1438 1522 1474 tardus

193 1495 245 1530 ad
289 1494 534 1543 loquendum,
580 1494 687 1542 quod
732 1507 812 1530 non
862 1494 1053 1543 loquatur
1101 1494 1255 1544 aliquid
1298 1495 1373 1532 nisi
1420 1496 1521 1532 alter

194 1552 364 1589 istorum
407 1554 580 1589 duorum
622 1553 838 1588 modorum
881 1553 1026 1589 habeat
1071 1552 1321 1590 evidenciam
1367 1553 1423 1591 sic
1462 1555 1520 1591 lo-

194 1610 362 1660 quendi:
412 1623 506 1659 ergo
546 1611 675 1647 multo
715 1611 842 1659 magis
883 1611 923 1647 in
963 1610 1156 1659 religione
1195 1621 1404 1660 perpetua,
1450 1612 1517 1649 ubi

193 1669 296 1706 foret
330 1668 457 1717 magis
489 1669 715 1717 periculum
750 1682 871 1718 quam
906 1669 945 1705 in
979 1670 1054 1706 levi
1087 1671 1263 1718 loquela.

136 1729 176 1761 25
251 1729 299 1764 Et
333 1736 529 1776 quantum
564 1729 614 1764 ad
648 1728 851 1776 loquelam
885 1729 1033 1764 nedum
1067 1729 1241 1765 Jacobus
1274 1731 1343 1766 sed
1376 1730 1516 1766 beatus
1568 1736 1718 1775 Sermons
1738 1746 1778 1777 ρη

192 1787 330 1822 Petrus
375 1794 549 1822 ortatur:
596 1786 639 1821 Si
675 1783 758 1834 quis
795 1786 979 1835 loquitur,
1022 1786 1154 1824 videat
1190 1799 1266 1835 que
1310 1788 1515 1836 loquatur,
1548 1771 1797 1835 ἑᾞζῖξὲξιῖζιξξζ

191 1845 302 1893 quasi
330 1857 528 1881 sermones
551 1844 637 1880 Dei.
673 1843 749 1881 Ubi
783 1857 877 1892 ergo
916 1854 1085 1893 possunt
1117 1845 1277 1882 fundari
1311 1858 1517 1883 sermones
1537 1842 1654 1870 oracles
1675 1842 1808 1871 ot‘God.

192 1904 240 1939 de
279 1903 418 1939 habitu
458 1902 676 1951 corporali⁷
717 1903 764 1939 de
794 1902 966 1939 victibus
1006 1912 1043 1940 et
1082 1903 1169 1940 aliis
1213 1903 1333 1952 signis
1366 1904 1518 1942 frivolis

192 1974 269 2010 que
294 1962 397 1998 ultra
422 1962 602 2009 regulam
637 1960 908 2009 evangelicam
944 1963 1232 1999 observantur?
1266 1965 1394 1999 Immo
1428 1965 1519 2000 sub-

134 2020 176 2054 30
192 2019 346 2057 stancia
378 2020 514 2068 regule
537 2032 613 2068 que
646 2019 858 2056 ordinatur
882 2032 965 2057 esse
998 2029 1193 2069 perpetua
1227 2021 1518 2068 confundatur3

191 2091 310 2127 grave
341 2077 504 2127 quidem
536 2077 694 2114 videtur
716 2079 825 2126 quod
856 2078 1086 2116 christicole
1109 2078 1254 2128 quibus
1278 2082 1384 2116 Deus
1409 2080 1519 2117 dedit

192 2136 484 2185 disposiciones
506 2145 588 2173 tam
615 2136 794 2185 dispares
817 2136 895 2173 sint
918 2137 1023 2174 ultra
1046 2137 1342 2186 obligacionem
1368 2138 1517 2176 Christi

192 2204 274 2232 tam
299 2194 413 2231 anxie
437 2194 616 2243 obligati.
643 2196 751 2231 Idem
777 2194 883 2231 enim
908 2195 1067 2232 videtur
1089 2195 1145 2233 sic
1168 2195 1348 2244 obligare
1382 2209 1517 2234 servos

192 2253 264 2290 Dei
299 2262 335 2290 et
369 2265 481 2289 more
520 2252 640 2301 primi
681 2262 865 2302 apostate
904 2253 1070 2291 innuere
1104 2256 1214 2303 quod
1246 2255 1516 2292 Antichristus

134 2311 174 2344 35
192 2313 311 2348 habet
334 2320 575 2360 potestatem
600 2312 706 2348 ultra
731 2311 935 2348 Christum
961 2312 1233 2361 disposicione
1267 2313 1412 2350 mentis
1445 2314 1515 2350 tri-

192 2371 313 2407 buere
352 2378 389 2406 et
423 2371 788 2418 correspondentes
821 2372 871 2407 ad
904 2370 992 2407 illas
1025 2371 1266 2419 generaliter
1298 2384 1422 2409 novas
1454 2384 1514 2409 re-

190 2429 302 2477 gulas
335 2427 528 2464 stabilire.
562 2429 677 2465 Unde
709 2432 767 2474 (ut
796 2441 890 2477 sepe
913 2428 1040 2477 tetigi)
1076 2429 1116 2466 in
1150 2429 1337 2466 omnibus
1367 2430 1514 2468 talibus

190 2486 356 2535 privatis
395 2485 605 2523 ordinibus
645 2496 836 2535 evagatur
876 2487 1088 2524 consilium
1123 2487 1378 2535 Antichristi3
1417 2502 1512 2526 nam

190 2544 436 2582 fratrifactor
449 2545 510 2581 vel
533 2544 716 2593 procedit
732 2545 969 2594 imperative
982 2546 1043 2583 vel
1059 2546 1281 2583 consultive
1295 2548 1356 2584 vel
1374 2549 1513 2584 seduc-

131 2616 176 2647 40
191 2603 281 2650 tive‚
298 2602 393 2652 quia
415 2602 514 2639 nulli
532 2603 593 2640 vel
615 2603 734 2652 pauci
757 2612 849 2641 sunt
871 2617 972 2653 quos
996 2604 1116 2642 fiendi
1139 2605 1281 2642 fratres
1305 2615 1448 2654 rogant
1470 2615 1513 2642 ut

260 2746 281 2765 1.
303 2737 398 2766 Cod.:
428 2738 555 2765 nutrivit
574 2738 666 2765 celos.
767 2737 793 2766 3.
815 2738 909 2767 Cod.:
937 2740 1108 2768 notandum
1129 2744 1184 2768 est.
1282 2741 1330 2768 26.
1351 2740 1446 2769 Cod.:
1475 2749 1511 2769 ne

191 2771 260 2808 quis
281 2772 436 2808 quuiatur
455 2773 534 2807 (sic).
607 2771 655 2808 39.
677 2773 772 2801 Cod.:
792 2773 946 2802 insultive.

262 2855 314 2888 26.
343 2857 365 2889 1.
394 2857 482 2888 Petri
512 2857 570 2896 IV,
602 2868 650 2890 ιι.
