1944 3323
212 238 347 267 SERMo
368 227 510 286 xxv11.]
704 240 877 272 TERTIA
905 240 1032 272 PARS.

209 348 450 397 nepharium
480 359 711 396 precavere:
746 359 841 395 ergo
864 347 1037 395 pertinet
1060 348 1109 383 ad
1134 359 1214 393 eos,
1250 359 1339 383 cum
1365 356 1532 395 possunt

211 407 424 455 corrigere,
448 419 496 443 ne
520 418 563 442 ex
586 404 805 443 omissione
830 406 1102 454 dampnentur
1126 418 1261 442 errore
1286 405 1531 452 huiusmodi,

211 464 529 502 communicare.

1742 242 1816 268 211

270 526 431 569 Iterum,
483 522 590 559 iuxta
633 530 916 570 argumentum
955 522 1168 570 Augustini
1208 524 1314 558 Deus
1358 521 1816 570 perfecteTlieki11gmu>t

180 583 366 618 5donans
404 580 487 628 regi
526 579 636 628 regni
675 579 902 616 custodiam
946 581 1070 617 donat
1109 580 1184 617 sibi
1217 581 1327 629 quod
1359 579 1534 630 pertinet

211 642 262 677 ad
300 639 384 676 eius
423 639 605 684 tutelam,
645 638 739 687 quia
778 638 894 675 aliter
932 639 1172 688 illaquearet
1211 651 1344 687 regem
1378 638 1418 675 in
1451 648 1534 675 rete

1556 563 1631 590 have
1652 564 1713 590 this
1735 564 1816 599 right

211 697 375 734 diaboli.
423 698 500 734 Sed
533 709 671 734 sensus
704 697 863 745 publice
896 696 1041 734 iniurie
1075 706 1112 734 et
1146 697 1228 734 eius
1260 696 1533 734 auctorizacio
1554 704 1586 736 a)
1608 703 1655 730 1'01·
1675 704 1724 730 the
1745 704 1826 737 good

211 756 250 792 in
283 768 406 804 regno
444 764 561 792 sonat
595 755 767 792 maxime
807 755 847 791 in
881 755 963 792 cius
1002 755 1279 804 perdicionem
1313 755 1533 804 duplicem,

212 823 249 851 et
282 827 422 851 eorum
457 813 684 850 destruccio
726 813 900 850 maxime
939 823 1055 851 sonat
1088 815 1139 851 ad
1179 814 1261 850 eius
1294 815 1462 851 tutelam
1498 822 1535 850 et

158 872 529 918 rostabilicionem3
575 885 669 920 ergo
715 884 782 908 rex
824 881 966 920 potens
1010 873 1051 909 in
1100 872 1294 909 ministris
1339 872 1419 909 suis
1463 873 1534 909 hec

210 932 342 968 facere
374 930 652 980 principaliter
685 932 803 967 debet
836 932 886 967 ad
919 930 996 967 ista
1028 932 1208 967 tendere.

1549 738 1583 765 of
1599 738 1645 765 liis
1663 738 1830 773 kingdom:

270 992 431 1035 Iterum,
471 990 627 1026 nullum
663 989 830 1025 dubium
864 989 961 1037 quin
994 1001 1104 1037 reges
1138 998 1175 1026 et
1210 989 1356 1026 milites
1390 991 1535 1026 debent
1550 994 1580 1025 b)
1600 994 1728 1021 because
1747 994 1827 1022 heis

211 1050 295 1085 Deo
334 1048 373 1084 in
412 1048 617 1096 puniendo
657 1047 843 1084 inimicos
888 1047 971 1084 eius
1011 1047 1145 1084 taliter
1192 1047 1433 1084 ministrare.
1487 1050 1534 1084 Et

211 1108 284 1143 hec
318 1106 427 1143 racio
461 1118 585 1155 quare
619 1106 864 1154 Augustinus
899 1106 995 1142 dicit
1028 1107 1137 1154 quod
1171 1118 1246 1142 rex
1278 1114 1333 1143 est
1368 1107 1536 1143 vicarius

157 1171 193 1203 15
211 1165 288 1201 Dei
317 1173 352 1201 et
384 1167 584 1214 episcopus
617 1165 786 1201 vicarius
814 1165 904 1201 Jesu
933 1165 1101 1210 Clzristi,·
1132 1165 1244 1213 prior
1277 1165 1382 1201 enim
1418 1166 1536 1201 debet

209 1223 452 1260 vindicative
492 1232 529 1260 et
567 1222 769 1272 posterior
808 1223 965 1271 passive
1004 1225 1237 1272 procedere.
1284 1225 1332 1259 Et
1367 1236 1410 1260 ex
1450 1223 1535 1259 istis

211 1281 369 1319 elicitur
412 1282 504 1319 talis
549 1282 678 1319 racio:
725 1282 931 1330 appellare
977 1291 1035 1318 est
1079 1283 1127 1318 de
1175 1282 1321 1318 iniuria
1369 1282 1474 1318 facta
1514 1295 1536 1318 a

210 1340 417 1389 superiori
450 1341 622 1377 habente
661 1341 711 1376 ad
751 1341 826 1376 hoc
866 1340 1097 1389 potenciam
1139 1353 1209 1389 per
1241 1340 1536 1377 Antichristum

210 1399 437 1447 postulare3
496 1400 565 1435 sed
622 1398 753 1435 omnis
809 1399 901 1435 talis
958 1399 1107 1435 iniusta
1164 1398 1537 1435 excommunicacio

155 1474 196 1496 20
211 1457 303 1506 legii
334 1457 436 1505 regis
468 1466 525 1494 est
555 1457 638 1493 eius
669 1456 884 1494 iniuriacio
914 1466 952 1494 et
976 1470 1042 1494 rex
1072 1466 1130 1493 est
1159 1457 1537 1494 excommunicante

212 1515 397 1564 superior
436 1517 587 1552 habens
627 1516 677 1552 ad
719 1516 1005 1564 corrigendum
1046 1515 1297 1563 potenciam3
1345 1529 1439 1564 ergo
1486 1516 1536 1552 ad

213 1586 348 1622 regem
386 1574 427 1610 in
465 1573 536 1611 tali
576 1587 671 1610 casu
711 1582 769 1610 est
809 1574 965 1611 licitum
1006 1574 1226 1622 appellare.
1274 1576 1388 1611 Unde
1429 1574 1536 1610 idem

213 1642 270 1669 est
303 1631 539 1681 episcopum
569 1633 691 1669 talem
726 1641 969 1681 potestatem
1005 1633 1087 1680 regi
1121 1633 1359 1680 precludere
1392 1641 1429 1669 et
1453 1632 1537 1668 eius

213 1691 363 1739 regalia
395 1690 620 1740 proditorie
652 1692 795 1727 tollere
830 1700 867 1728 et
900 1691 939 1727 in
963 1691 1097 1728 fauces
1122 1691 1274 1728 diaboli
1299 1700 1389 1727 ante
1414 1704 1535 1739 quam

156 1749 483 1787 25Antichristus
516 1749 647 1798 ipsum
682 1751 855 1787 tradere.
889 1750 1103 1786 Notorium
1138 1749 1301 1797 quidem
1337 1758 1395 1785 est
1428 1750 1535 1798 quod

212 1808 486 1845 incarceracio
510 1820 586 1856 que
620 1816 677 1844 est
701 1810 875 1857 quedam
911 1821 1019 1844 mors
1052 1808 1263 1844 licenciam
1297 1807 1534 1855 originalem

213 1868 386 1903 habebat
425 1880 447 1903 a
485 1866 658 1914 regibus,
699 1875 737 1903 et
775 1867 921 1903 iterum
963 1867 1169 1903 notorium
1204 1875 1261 1903 est
1295 1867 1403 1915 quod
1436 1865 1536 1902 nulli

212 1937 323 1973 reges
357 1925 567 1961 christiani
599 1924 676 1961 nisi
709 1925 857 1962 fuerint
880 1924 1110 1974 proditores
1135 1924 1207 1961 Dei
1241 1934 1277 1961 et
1302 1924 1535 1973 profundati

212 1983 425 2031 tyrannide
464 1985 606 2020 darent
644 1983 854 2020 licenciam
897 1983 979 2020 suis
1020 1983 1263 2032 presbyteris
1309 1985 1359 2020 ad
1405 1983 1535 2020 incar-

155 2047 196 2079 30
213 2043 434 2079 cerandum
473 2055 567 2078 suos
605 2041 744 2090 legios‚
785 2042 879 2091 quia
918 2042 1070 2079 faciunt
1109 2042 1211 2079 sicut
1250 2043 1298 2078 de
1337 2043 1421 2090 lege
1463 2041 1534 2078 Dei

212 2101 377 2147 debent3
402 2100 493 2137 ideo
516 2100 739 2149 presbyteri
769 2110 1047 2149 presumentes
1072 2102 1149 2137 hoc
1172 2101 1303 2137 facere
1326 2100 1536 2137 offendunt

212 2158 437 2207 proditorie
471 2159 510 2195 in
543 2158 737 2207 regaliam
772 2159 843 2195 Dei
877 2169 914 2195 et
948 2159 1064 2208 regis.
1100 2160 1214 2196 Unde
1247 2160 1335 2195 Act.
1371 2160 1455 2205 IV0‚
1490 2171 1533 2206 19

213 2218 375 2266 quando
415 2217 610 2265 apostolis
650 2227 884 2266 preceptum
928 2226 985 2254 est
1023 2219 1096 2254 sub
1135 2217 1244 2266 gravi
1284 2230 1386 2266 pena
1426 2218 1535 2265 quod

212 2288 293 2312 non
318 2275 485 2312 ulterius
508 2275 767 2324 predicarent
790 2276 830 2312 in
852 2276 1018 2313 nomine
1040 2279 1133 2312 Jesu
1158 2275 1307 2313 Christi
1331 2275 1534 2312 dixerunt:

155 2337 194 2370 35
213 2334 256 2369 Si
300 2334 390 2383 plus
440 2334 691 2370 obediendum
742 2342 798 2371 est
843 2335 926 2371 Deo
980 2347 1092 2384 quam
1144 2335 1291 2371 homini
1343 2347 1409 2371 νος
1464 2334 1539 2384 ipsi

212 2392 388 2428 iudicate.

270 2452 353 2487 Nec
391 2451 621 2487 sacerdotes
654 2450 750 2500 legis
784 2451 928 2488 veteris
963 2451 1169 2488 maledicti
1202 2460 1535 2499 presumpserunt

213 2508 253 2544 in
276 2521 371 2545 casu
394 2508 470 2544 isto
493 2508 698 2546 incarcere
722 2509 918 2555 homines,
942 2519 985 2545 ut
1001 2511 1151 2546 audent
1172 2509 1329 2557 prelati.
1354 2509 1534 2546 Nimium

214 2579 307 2615 ergo
348 2576 405 2604 est
438 2568 547 2615 quod
585 2576 743 2603 tantum
777 2567 1050 2604 diminuerant
1083 2567 1123 2604 in
1156 2567 1315 2616 regibus
1355 2568 1535 2604 seculare

153 2640 198 2671 40
213 2625 454 2671 dominium,
488 2625 583 2662 licet
614 2638 696 2662 non
729 2626 912 2663 auferant
945 2626 1023 2663 illis
1057 2626 1178 2663 fidem
1214 2635 1250 2663 et
1283 2635 1535 2675 sequestrent

213 2696 351 2720 eorum
386 2692 641 2732 potestatem,
676 2693 766 2732 post
789 2697 910 2733 quam
945 2684 1235 2721 beatitudinem
1270 2693 1533 2721 mererentur.

282 2845 314 2874 4.
335 2835 368 2866 S.
386 2836 472 2872 Aug.
493 2833 586 2876 Opp.
606 2834 662 2875 IX,
685 2834 761 2873 282,
778 2832 1043 2878 464(?).14.
1063 2835 1094 2865 S.
1114 2836 1201 2876 Aug.
1221 2835 1308 2877 Epp.
1330 2834 1532 2866 CLXXXV.

215 2880 306 2924 Opp.
334 2889 417 2912 torn.
446 2880 484 2920 11,
510 2879 589 2914 651.
617 2880 669 2912 Cf.
690 2880 912 2923 Trifflogum,
939 2891 1016 2924 pag.
1046 2891 1122 2924 297.

1335 2938 1396 2981 14*

1551 1029 1649 1056 God's
1665 1029 1749 1056 vicar
1767 1030 1827 1056 and

1556 1065 1604 1091 the
1627 1064 1770 1099 superior
1790 1064 1825 1092 of

1591 1099 1640 1126 the
1663 1100 1785 1135 bishop.

1569 1819 1814 1855 Imprisonment

1560 1855 1586 1882 is
1606 1854 1640 1881 of
1657 1855 1706 1881 tlie
1728 1855 1826 1889 king's

1606 1890 1772 1925 authority.
