1944 3323
192 204 328 233 SERMO
350 193 458 251 xm]
674 206 849 238 TERTlA
877 207 1005 238 PARS.

99 302 174 334 Fol.

95 346 175 392 ⁶77⁶
249 318 326 352 Sed
367 315 597 352 mirandum
639 314 794 351 videtur
822 311 827 367 Ι
857 316 904 351 de
944 314 1013 350 illo
1052 328 1246 364 responso
1279 315 1514 363 sophistico,

192 375 323 424 primo
354 387 444 411 cum
477 386 597 410 nemo
622 372 781 410 mentiri
807 374 950 409 debeat
976 382 1141 421 propter
1164 382 1293 410 totum
1319 374 1514 409 mundum

190 434 442 479 salvandum,
477 431 706 470 evidencius
738 444 820 467 non
854 432 970 468 debet
1005 431 1164 468 mentiri
1198 440 1364 480 propter
1398 433 1515 468 devo-

191 492 347 530 cionem
382 491 422 527 in
455 491 534 528 alio
565 490 820 527 excitandum
853 498 891 526 et
913 489 1143 538 specialiter
1167 499 1333 538 propter
1356 490 1513 526 lucrum

158 549 478 599 §temporalium
517 547 679 585 sibimet
721 548 1031 593 cumulandum3
1071 549 1249 585 secundo
1282 547 1376 597 quia
1408 548 1516 585 iuxta

191 607 419 646 doctrinam
444 606 569 644 Petri:
606 607 751 656 Siquis
784 606 966 656 loquitur,
1000 607 1117 644 debet
1149 606 1261 656 loqui
1294 607 1402 656 qnasi
1432 619 1515 643 ser-

192 680 339 704 monem
373 667 468 712 Dei;
507 666 576 702 sed
617 677 660 702 ex
700 664 775 701 sibi
809 664 931 702 dubio
964 664 1029 701 isti
1062 678 1269 702 sermones
1303 674 1394 701 sunt
1426 665 1515 702 falsi

192 736 229 764 et
261 738 469 774 nunquam
503 725 543 761 in
575 723 778 772 scriptura
800 724 860 760 vel
884 723 1117 761 racionibus
1151 723 1385 772 exemplati:
1421 736 1515 772 ergo

191 785 323 821 nullus
368 784 491 821 frater
530 783 647 819 debet
692 782 826 819 taliter
870 782 995 831 loqui,
1043 791 1080 819 et
1126 783 1254 818 multo
1300 782 1426 830 magis
1472 795 1516 819 ex

138 858 176 879 10
192 841 490 880 deliberacione
523 840 737 878 scribendo
771 849 809 877 et
841 840 972 889 sigillo
1006 840 1212 878 communi
1244 840 1513 879 testificando.

251 900 457 947 Similiter,
491 912 612 936 nemo
646 908 823 936 meretur
851 900 1053 948 sperando
1086 900 1147 936 vel
1180 900 1381 936 credendo
1406 902 1514 948 quod

192 973 273 997 non
312 960 430 996 debet
471 959 634 995 credere
673 959 742 994 sed
782 959 890 1006 quod
936 959 1049 994 daret
1094 957 1168 994 sibi
1210 957 1422 995 audaciam
1464 960 1514 996 ad

191 1018 394 1067 superflue
437 1016 478 1053 in
521 1016 601 1054 alio
647 1016 947 1062 confidendum,
1000 1015 1166 1052 dimissa
1218 1015 1299 1052 vita
1350 1017 1516 1066 propria

190 1077 382 1114 virtuosa.
441 1076 518 1112 Sed
570 1076 646 1111 hoc
690 1074 842 1112 faciunt
885 1075 984 1112 tales
1029 1074 1143 1111 litere
1189 1074 1374 1121 fratrum,
1421 1088 1514 1123 ergo

139 1134 322 1173 15neutri
361 1133 467 1183 parti
506 1142 598 1170 sunt
637 1132 844 1170 meritorie
884 1133 1034 1170 directe
1073 1134 1124 1169 ad
1158 1133 1419 1170 devocionem
1453 1135 1515 1171 vel

193 1193 383 1231 meritum
422 1191 653 1229 excitantes.
694 1194 776 1228 Nec
808 1192 914 1228 valet
946 1191 1026 1228 alia
1058 1190 1348 1239 sophisticacio
1382 1205 1459 1241 que
1493 1205 1515 1229 a

192 1251 354 1290 discolis
398 1259 534 1300 posset
577 1250 684 1298 fingi,
725 1251 834 1299 quod
878 1262 961 1286 non
1005 1251 1233 1286 concedunt
1276 1249 1515 1299 simpliciter

192 1311 376 1349 absolute
416 1309 496 1346 tale
539 1308 801 1357 participium
847 1310 916 1345 sed
962 1307 1316 1345 condicionaliter:
1364 1309 1395 1345 si
1429 1311 1513 1346 Deo

193 1368 391 1419 placuerit
426 1377 462 1405 et
495 1376 641 1413 cetera,
675 1367 778 1404 sicut
810 1367 924 1415 paria
958 1367 1140 1413 aliunde3
1183 1379 1276 1403 nam
1317 1368 1349 1404 si
1382 1368 1512 1404 solum

139 1442 177 1463 :0
193 1430 243 1466 ad
283 1439 444 1464 sensum
482 1426 604 1463 talem
647 1425 978 1462 condicionatum
1025 1437 1261 1462 concessum
1307 1426 1409 1463 foret
1451 1427 1513 1463 vel

194 1489 389 1524 donatum
413 1484 567 1533 aliquid
591 1483 725 1529 alicui,
750 1483 844 1532 quia
868 1496 912 1521 ex
935 1483 1204 1520 condicionali
1227 1497 1309 1521 non
1333 1484 1515 1534 sequitur

193 1545 411 1595 quicquam
445 1543 545 1588 dari,
591 1551 628 1579 et
661 1543 693 1579 si
726 1544 832 1579 Deus
865 1541 1080 1579 occasione
1113 1542 1219 1578 illius
1252 1543 1514 1591 sophismatis

193 1617 264 1653 per
302 1601 554 1651 impossibile
600 1601 817 1650 quicquam
863 1602 988 1647 daret,
1034 1600 1108 1637 iste
1152 1600 1266 1638 litere
1312 1615 1334 1639 a
1373 1602 1514 1638 fraude

194 1660 451 1710 decepcionis
491 1668 528 1697 et
566 1658 856 1708 superfluitatis
895 1672 977 1696 non
1016 1659 1147 1696 forent
1191 1669 1407 1709 propterea
1453 1673 1514 1697 ex-

136 1725 175 1757 25
194 1730 343 1758 cusate.

251 1777 458 1823 Similiter,
498 1778 548 1814 ad
587 1776 700 1813 illum
742 1789 903 1813 sensum
952 1785 1087 1825 posset
1125 1776 1248 1813 frater
1293 1778 1514 1813 concedere

193 1837 356 1875 cuilibet
379 1835 670 1873 beatitudinem
705 1844 742 1872 et
766 1836 1036 1884 quodcunque
1068 1834 1275 1883 signabile,
1311 1844 1352 1871 ut
1376 1848 1513 1884 quem-

193 1896 289 1933 libet
324 1907 408 1932 esse
441 1897 584 1939 Deum,
632 1893 726 1943 quia
765 1894 796 1930 si
836 1895 912 1930 hoc
945 1896 1030 1930 Deo
1075 1893 1287 1942 placuerit,
1333 1894 1387 1930 ita
1434 1894 1512 1930 fiet.

252 1953 458 1998 Similiter,
492 1961 535 1989 ut
568 1952 678 2001 prius
710 1952 824 1988 litere
857 1952 923 1989 ille
956 1953 1005 1989 ad
1039 1964 1199 1988 sensum
1232 1953 1354 1989 talem
1384 1953 1514 1989 forent

137 2015 178 2046 30
195 2012 363 2050 omnino
402 2011 604 2059 superflue
639 2019 675 2047 et
709 2010 850 2059 populi
883 2010 1101 2061 seductive,
1134 2010 1225 2047 ideo
1258 2023 1340 2047 non
1374 2012 1515 2047 darent

195 2070 449 2108 occasionem
496 2070 648 2118 populo
694 2071 743 2106 ad
790 2070 1027 2106 merendum
1073 2070 1142 2105 sed
1190 2077 1271 2105 tam
1323 2068 1514 2106 fratribus

194 2143 314 2179 quam
355 2129 507 2177 populo
537 2129 587 2165 ad
616 2127 706 2164 illos
736 2140 826 2164 cum
852 2127 997 2177 quibus
1021 2127 1088 2164 fiet
1110 2127 1375 2164 interlocucio
1400 2129 1516 2165 sedu-

194 2189 384 2233 cendum3
420 2186 510 2223 ideo
542 2186 676 2223 nullus
709 2185 796 2222 sani
830 2185 974 2234 capitis
1008 2186 1129 2234 finget
1162 2185 1275 2222 illud,

253 2249 364 2291 Item,
388 2245 448 2281 vel
473 2244 744 2293 multiplicant
768 2245 910 2281 fratres
933 2245 1032 2281 tales
1062 2244 1198 2280 literas
1229 2257 1327 2293 pure
1351 2254 1516 2293 propter

138 2307 176 2339 35
195 2304 403 2341 caritatem
444 2316 564 2351 quam
606 2304 756 2339 habent
789 2304 839 2339 ad
879 2316 946 2339 eos
987 2316 1076 2339 curn
1112 2302 1257 2351 quibus
1291 2303 1515 2339 communi-

194 2371 300 2408 cant,
339 2362 400 2398 vel
432 2374 531 2410 pure
570 2370 737 2410 propter
770 2363 926 2398 lucrum
960 2362 1021 2398 vel
1063 2363 1325 2398 commodum
1359 2370 1515 2410 tempo-

196 2422 277 2457 rale
311 2429 379 2457 aut
404 2419 578 2465 mixtim3
612 2419 643 2456 si
677 2421 854 2456 secundo
890 2421 1025 2465 modo,
1059 2429 1155 2456 tunc
1188 2429 1280 2456 sunt
1304 2419 1515 2457 simoniaci

196 2488 233 2516 et
266 2478 405 2527 populi
445 2479 690 2523 seductores,
734 2491 824 2515 cum
858 2491 939 2514 non
974 2487 1144 2526 querant
1178 2479 1349 2514 salutem
1382 2478 1515 2515 anime

198 2537 367 2586 proximi
406 2537 475 2572 sed
513 2537 619 2573 bona
656 2549 727 2573 sua
766 2550 838 2584 per
879 2536 1090 2573 mendacia
1141 2537 1266 2584 patris
1309 2536 1383 2573 sui.
1437 2538 1515 2574 Sed

135 2608 180 2639 40
196 2595 322 2632 tercio
356 2595 478 2631 modo
511 2594 814 2631 discuciendum
853 2595 955 2631 foret
989 2608 1065 2643 que
1098 2607 1219 2631 causa
1252 2594 1515 2643 principalius

266 2752 304 2779 13.
327 2752 422 2779 (ζωὰς
450 2752 670 2779 confitendum.
763 2760 809 2787 29.
832 2752 868 2779 ad
891 2761 1016 2780 sensum
1039 2753 1136 2780 twice.

267 2847 299 2879 6.
326 2848 350 2880 Ι.
379 2848 468 2880 Petri
496 2848 551 2889 IV,
585 2859 634 2880 11.

1720 198 1796 245 357

1557 378 1615 405 wt-
1637 388 1705 414 ΠΜ)Γ
1728 385 1779 405 not

1560 413 1608 448 lie,
1631 419 1660 439 to
1681 414 1776 441 excite

1571 448 1716 475 devotion
1738 457 1767 475 in

1609 483 1724 510 others.

1584 1022 1702 1050 Lelters
1723 1024 1757 1050 of

1537 1057 1697 1094 fraternity
1719 1058 1806 1086 make

1557 1100 1626 1119 rnen
1649 1098 1728 1120 trust
1749 1094 1779 1120 in

1539 1128 1655 1160 others,
1676 1128 1794 1155 instead

1594 1163 1629 1190 ot*
1646 1163 1741 1198 living

1577 1197 1760 1235 virtuouslv.

1531 2249 1597 2276 The
1616 2250 1705 2277 trians
1725 2251 1806 2277 issue

1573 2286 1647 2312 such
1670 2287 1771 2312 letters

1538 2320 1617 2347 from
1641 2321 1806 2355 unworthy

1597 2356 1740 2383 motii-es.
