1944 3323
157 247 234 282 386
737 254 958 286 JOHANNIs
976 254 1160 286 wvcmr
1180 254 1439 286 sERMONUM
1486 240 1636 297 [SERMO
1657 251 1749 279 XLV-

442 360 577 396 bolum
619 359 720 395 sicut
759 359 876 401 olim:
917 360 1007 396 ideo
1049 361 1106 404 <ut
1145 373 1237 408 sepe
1277 360 1371 408 dixi)
1413 360 1488 397 ista
1521 360 1749 408 predicacio

441 430 518 466 qua
570 418 822 465 predicantes
869 417 1076 454 dimittunt
1126 418 1373 465 evangelium
1426 427 1462 454 et
1506 418 1751 454 annunciant

440 476 592 524 populo
634 475 854 520 mendacia,
896 475 1064 512 ludicria
1098 484 1134 512 et
1167 477 1376 524 prophana
1410 485 1466 512 est
1500 476 1628 513 maior
1660 489 1751 524 pars

441 546 559 570 cause
598 532 920 581 perturbacionis
953 533 1131 570 ecclesie.
1179 533 1219 569 Si
1252 534 1357 570 enim
1392 535 1564 582 populus
1597 533 1753 570 audiret

441 591 480 627 in
518 590 664 627 talibus
702 590 1052 639 predicacionibus
1097 591 1332 639 regulariter
1369 593 1533 628 verbum
1575 591 1658 637 Dei,
1704 592 1785 628 ad5

441 648 592 697 aliquid
626 650 850 685 attenderet
874 658 911 686 et
934 658 1121 695 servaret,
1155 662 1228 685 nec
1261 650 1319 686 lex
1343 649 1491 687 Christi
1524 651 1573 686 ad
1596 658 1751 686 tantum

442 706 708 743 sterilesceret
740 706 842 743 sicut
876 709 1009 743 modo.

204 773 372 812 Prcachhig
499 765 576 800 Sed
609 764 649 800 in
681 765 754 801 ista
793 765 1135 812 evangelizacione
1168 774 1299 814 potest
1337 778 1420 802 esse
1458 766 1572 802 labor
1605 765 1755 801 inutilis

188 809 385 870 ΠᾞΟὲίῗῐζῇξῖ
442 832 492 869 et,
538 822 670 870 posito
716 825 824 872 quod
863 824 1080 871 Apostolus
1127 823 1393 871 predicaverit
1439 823 1545 871 genti
1589 825 1753 859 verbum

154 878 424 939 wgdffjgae'ssiffl‘d
442 881 513 917 Dei
539 882 673 929 quoad
708 880 947 918 memoriam
982 890 1018 917 et
1053 881 1372 929 complecionem
1406 881 1600 930 evangelii
1634 881 1755 928 negli-
1776 896 1813 917 10

236 935 252 947 ⁵
392 936 396 941 ’
441 938 562 991 genti,
608 938 735 975 eciam
781 939 913 987 posito
959 939 1204 975 crediderint
1255 939 1490 976 rudimentis
1536 938 1627 975 fidei
1673 939 1755 975 sine

443 998 518 1033 hoc
543 998 651 1045 quod
680 997 854 1033 fructum
886 997 978 1033 fidei
1002 997 1041 1033 in
1064 997 1252 1033 virtuosis
1275 997 1463 1045 operibus
1487 1005 1754 1038 servaverunt.

444 1056 557 1092 labor
592 1055 900 1103 evangelizantis
942 1056 1076 1104 quoad
1108 1056 1229 1091 talem
1253 1056 1447 1103 populum
1472 1055 1574 1091 foret
1597 1055 1755 1091 frustra.

444 1114 575 1149 Labor
608 1112 713 1149 enim
748 1125 791 1149 ex
824 1115 877 1150 ΙΙ0
910 1113 1171 1161 physicorum
1206 1113 1249 1149 fit
1281 1113 1439 1159 frustra,
1474 1114 1635 1162 quando
1670 1112 1757 1149 finis

442 1184 524 1207 non
556 1170 736 1219 sequitur
759 1171 827 1220 qui
860 1183 903 1207 ex
933 1180 1042 1208 recta
1075 1171 1302 1207 intencione
1335 1171 1492 1219 opificis
1524 1170 1756 1207 intenditur.
1778 1176 1813 1206 15

443 1230 535 1265 Ideo
568 1228 663 1265 dicit
695 1230 931 1277 Apostolus:
979 1230 1062 1274 Qua
1115 1230 1268 1265 racione
1302 1229 1588 1278 predicaverim
1643 1229 1759 1272 vobis,

442 1287 476 1323 si
511 1287 669 1322 teneatis
709 1287 780 1323 nisi
811 1289 973 1336 frustra
1021 1287 1278 1333 credideritis,
1323 1299 1368 1323 ac
1406 1287 1437 1323 si
1477 1287 1639 1332 diceret,
1680 1299 1759 1322 non

445 1353 502 1381 est
541 1344 736 1392 signanda
776 1344 885 1381 racio
925 1357 1048 1393 quare
1087 1344 1183 1393 ipsis
1222 1344 1277 1381 sic
1316 1343 1645 1393 evangelizaverit
1684 1343 1757 1380 nisi

444 1411 606 1439 teneant
647 1402 937 1439 memorialiter
977 1412 1014 1439 et
1046 1415 1167 1451 opere
1201 1411 1460 1451 exequantur,
1494 1402 1582 1448 nisi,
1616 1401 1655 1437 id
1688 1410 1758 1448 est,

443 1461 474 1497 si
515 1473 595 1497 non
636 1460 881 1506 huiusmodi,
924 1461 948 1497 fi
977 1456 981 1513 Ι
1010 1460 1070 1496 nis
1103 1460 1295 1509 sequitur,
1328 1469 1422 1496 tunc
1455 1461 1602 1497 frustra
1635 1460 1760 1496 credi-

443 1520 598 1564 derunt,
638 1531 727 1555 cum
760 1519 866 1568 fides
908 1519 988 1555 sine
1036 1519 1214 1568 operibus
1259 1526 1313 1554 est
1356 1526 1522 1565 mortua,
1567 1531 1612 1555 eo
1653 1519 1759 1566 quod

447 1577 544 1613 fides
577 1585 634 1612 est
656 1577 962 1613 fundamentum
996 1578 1046 1613 ad
1070 1576 1241 1613 fideliter
1264 1577 1528 1624 operandum.
1563 1576 1604 1613 si
1627 1585 1761 1612 autem

444 1634 500 1670 sic
532 1634 734 1671 fructuose
769 1643 931 1671 teneant
952 1636 1116 1671 verbum
1153 1634 1314 1680 Christi,
1348 1643 1442 1670 tunc
1475 1635 1689 1671 ostendunt
1721 1633 1761 1669 in

445 1693 550 1729 facto
591 1705 669 1741 qua
708 1692 871 1729 racione
911 1692 965 1729 eis
1005 1692 1139 1729 taliter
1176 1692 1398 1740 predicavit
1437 1701 1474 1728 et
1513 1692 1629 1729 aliter
1666 1704 1760 1728 non.

169 1758 239 1801 Rau}
261 1757 411 1803 91·eached
502 1752 583 1786 Nec
616 1751 747 1787 solum
779 1751 1021 1787 frustrantur
1054 1763 1076 1787 a
1107 1763 1178 1786 sua
1210 1750 1423 1787 audicione
1456 1759 1493 1786 et
1526 1749 1762 1786 credulitate
1780 1756 1818 1788 25

166 1792 416 1857 eluuffilssiaclleath,
445 1809 513 1844 sed
559 1821 602 1844 ex
641 1808 889 1856 negligencia
936 1810 1216 1857 reprobantur.
1259 1809 1440 1844 Tradidit
1486 1809 1583 1844 enim
1617 1808 1761 1844 Paulus

158 1863 429 1933 anfiisssffgffifflggoe
447 1865 668 1902 Corinthiis
704 1867 828 1916 fidem
874 1879 986 1915 qnam
1030 1867 1175 1915 accepit
1218 1879 1239 1902 a
1285 1866 1473 1911 Domino,
1525 1879 1615 1902 cum
1665 1866 1761 1901 fides

198 1933 274 1960 after
294 1933 394 1960 death.
447 1925 563 1960 debet
594 1936 678 1960 esse
701 1924 944 1972 principium
975 1926 1025 1961 ad
1049 1937 1171 1973 opera
1196 1923 1403 1960 meritoria
1427 1937 1503 1972 que
1526 1932 1759 1972 sequuntur.

447 1983 629 2027 Quatuor
679 1991 813 2018 autem
867 1982 1058 2018 articulos
1108 1982 1199 2018 fidei
1246 1983 1293 2018 de
1333 1982 1492 2018 Christo
1541 1981 1760 2029 predicavit

448 2039 666 2075 Corinthiis
706 2040 773 2089 qui
813 2048 1119 2088 presupponunt
1158 2039 1306 2077 Christi
1353 2039 1679 2076 incarnacionem
1725 2048 1761 2075 et
1779 2047 1819 2078 30

446 2097 711 2134 nativitatem.
736 2098 881 2134 Docuit
898 2098 1002 2134 enim
1027 2111 1093 2134 eos
1116 2098 1248 2146 primo
1271 2099 1372 2147 quod
1387 2098 1564 2133 Christus
1587 2104 1762 2133 mortuus

447 2163 502 2190 est
518 2168 595 2204 pro
622 2156 791 2204 peccatis
825 2157 966 2192 nostris
998 2169 1077 2192 non
1110 2156 1190 2192 suis
1222 2159 1280 2201 (ut
1304 2164 1413 2204 patet
1437 2155 1534 2192 Isaie
1556 2153 1760 2204 XL110‚5);

447 2214 617 2261 sepultus
667 2221 722 2249 est
772 2222 814 2250 ut
865 2214 1009 2250 veritas
1063 2214 1203 2250 mortis
1255 2213 1336 2250 eius
1389 2214 1477 2262 plus
1522 2214 1761 2261 probaretur

449 2270 651 2307 miraculis
693 2276 748 2316 (ut
788 2280 896 2319 patet
932 2271 1098 2308 Matthei
1131 2273 1327 2316 XXV110);
1373 2271 1497 2308 tercio
1544 2271 1763 2307 resurrexit

447 2329 564 2364 tercia
576 2328 635 2364 die
651 2329 885 2377 accipiendo
900 2329 1076 2377 primum
1094 2329 1198 2366 diem
1218 2338 1255 2366 et
1270 2329 1457 2365 ultimum
1473 2328 1761 2377 synecdochice
1780 2334 1818 2366 35

448 2387 667 2422 secundum
701 2396 855 2435 partem
891 2396 1089 2436 quartam,
1124 2387 1354 2435 incipiendo
1396 2387 1501 2423 diem
1534 2386 1758 2423 naturalem

448 2456 470 2479 a
504 2443 636 2480 medio
675 2445 822 2486 noctis:
865 2454 1008 2494 quarto
1047 2446 1229 2494 apparuit
1262 2446 1377 2481 Petro
1416 2452 1450 2480 et
1483 2445 1568 2480 aliis
1603 2445 1759 2485 (Matth.

1779 1442 1851 1473 Fol.

1778 1487 1857 1519 281*¹

448 2501 620 2547 ultimo).

526 2680 682 2741 1..‡3‹Cod.:
712 2681 749 2707 sit
769 2682 892 2708 frustra.
1030 2681 1070 2709 35.
1094 2682 1187 2710 Cod.:
1218 2682 1373 2717 synodoce
1404 2682 1450 2709 Cf.
1475 2682 1515 2708 be
1539 2682 1608 2709 lien.
1630 2682 1759 2710 lucam..

456 2723 521 2750 pag.
544 2738 552 2742 .
567 2726 587 2743 ⁷).

529 2832 576 2861 ¹4-
617 2821 720 2852 Arist.
760 2820 894 2864 Physic.
934 2823 1037 2854 Ausc.
1077 2823 1113 2854 ΙΙ.
1155 2823 1183 2854 3.
1346 2822 1392 2854 Μ’),
1434 2824 1456 2854 1.
1497 2824 1577 2854 Cor.
1616 2823 1691 2861 XV,
1733 2833 1760 2853 2.

455 2877 505 2897 21.
533 2867 598 2897 λης,
629 2867 666 2905 ΙΙ,
696 2866 748 2898 26.
871 2867 920 2899 26.
950 2869 971 2899 Ι.
1001 2869 1078 2899 Cor.
1108 2870 1179 2907 XV,
1212 2869 1238 2899 3.
1357 2868 1502 2909 31—34.
1531 2869 1574 2899 ib.
1601 2879 1632 2909 4,
1662 2869 1690 2899 5.
