<?xml version="1.0" encoding="UTF-8"?>
<!DOCTYPE html PUBLIC "-//W3C//DTD XHTML 1.0 Transitional//EN"
    "http://www.w3.org/TR/xhtml1/DTD/xhtml1-transitional.dtd">
<html xmlns="http://www.w3.org/1999/xhtml" xml:lang="en" lang="en">
 <head>
  <title>
</title>
<meta http-equiv="Content-Type" content="text/html;charset=utf-8" />
  <meta name='ocr-system' content='tesseract 3.04.00' />
  <meta name='ocr-capabilities' content='ocr_page ocr_carea ocr_par ocr_line ocrx_word'/>
</head>
<body>
  <div class='ocr_page' id='page_1' title='image "./iohanniswyclifse0703wycl_0389.png"; bbox 0 0 1944 3323; ppageno 0'>
   <div class='ocr_carea' id='block_1_1' title="bbox 136 250 1744 309">
    <p class='ocr_par' dir='ltr' id='par_1_1' title="bbox 136 250 1744 309">
     <span class='ocr_line' id='line_1_1' title="bbox 136 250 1744 309; baseline 0.007 -22"><span class='ocrx_word' id='word_1_1' title='bbox 136 258 272 287; x_wconf 81' lang='lat' dir='ltr'><strong>SERMO</strong></span> <span class='ocrx_word' id='word_1_2' title='bbox 294 250 418 309; x_wconf 64' lang='lat' dir='ltr'>XLIII]</span> <span class='ocrx_word' id='word_1_3' title='bbox 625 261 803 294; x_wconf 73' lang='lat' dir='ltr'>TERTIA</span> <span class='ocrx_word' id='word_1_4' title='bbox 830 261 956 293; x_wconf 77' lang='lat' dir='ltr'><strong>PARS.</strong></span> <span class='ocrx_word' id='word_1_5' title='bbox 1668 254 1744 300; x_wconf 80' lang='lat'>367</span> 
     </span>
    </p>
   </div>
   <div class='ocr_carea' id='block_1_2' title="bbox 81 367 1749 2640">
    <p class='ocr_par' dir='ltr' id='par_1_2' title="bbox 81 367 1749 1587">
     <span class='ocr_line' id='line_1_2' title="bbox 136 367 1456 417; baseline -0.002 -12"><span class='ocrx_word' id='word_1_6' title='bbox 136 368 252 405; x_wconf 91' lang='lat' dir='ltr'>nobis</span> <span class='ocrx_word' id='word_1_7' title='bbox 293 369 419 417; x_wconf 75' lang='lat' dir='ltr'>magis</span> <span class='ocrx_word' id='word_1_8' title='bbox 456 367 718 417; x_wconf 86' lang='lat' dir='ltr'>peccantibus</span> <span class='ocrx_word' id='word_1_9' title='bbox 759 367 976 415; x_wconf 74' lang='lat' dir='ltr'>figurarent</span> <span class='ocrx_word' id='word_1_10' title='bbox 1015 376 1052 405; x_wconf 89' lang='lat' dir='ltr'>et</span> <span class='ocrx_word' id='word_1_11' title='bbox 1092 376 1133 404; x_wconf 92' lang='lat' dir='ltr'>ut</span> <span class='ocrx_word' id='word_1_12' title='bbox 1173 367 1456 416; x_wconf 86' lang='lat' dir='ltr'>predestinatis</span> 
     </span>
     <span class='ocr_line' id='line_1_3' title="bbox 137 425 1457 474; baseline -0.001 -11"><span class='ocrx_word' id='word_1_13' title='bbox 137 427 334 464; x_wconf 82' lang='lat' dir='ltr'>cautelam</span> <span class='ocrx_word' id='word_1_14' title='bbox 362 426 526 464; x_wconf 75' lang='lat' dir='ltr'>cavendi</span> <span class='ocrx_word' id='word_1_15' title='bbox 551 427 688 474; x_wconf 77' lang='lat' dir='ltr'>culpas</span> <span class='ocrx_word' id='word_1_16' title='bbox 713 425 944 463; x_wconf 80' lang='lat' dir='ltr'>consimiles</span> <span class='ocrx_word' id='word_1_17' title='bbox 969 427 1306 463; x_wconf 82' lang='lat' dir='ltr'>demonstrarent.</span> <span class='ocrx_word' id='word_1_18' title='bbox 1342 427 1457 462; x_wconf 88' lang='lat' dir='ltr'>Unde</span> 
     </span>
     <span class='ocr_line' id='line_1_4' title="bbox 136 484 1456 534; baseline -0.002 -12"><span class='ocrx_word' id='word_1_19' title='bbox 136 485 192 522; x_wconf 88' lang='lat' dir='ltr'>sic</span> <span class='ocrx_word' id='word_1_20' title='bbox 226 486 343 522; x_wconf 89' lang='lat' dir='ltr'>infert</span> <span class='ocrx_word' id='word_1_21' title='bbox 375 485 611 534; x_wconf 82' lang='lat' dir='ltr'>Apostolus:</span> <span class='ocrx_word' id='word_1_22' title='bbox 652 485 808 534; x_wconf 76' lang='lat' dir='ltr'>Scripta</span> <span class='ocrx_word' id='word_1_23' title='bbox 841 493 927 521; x_wconf 78' lang='lat' dir='ltr'>sunt</span> <span class='ocrx_word' id='word_1_24' title='bbox 961 485 1057 520; x_wconf 81' lang='lat' dir='ltr'>enim</span> <span class='ocrx_word' id='word_1_25' title='bbox 1090 486 1142 520; x_wconf 77' lang='lat' dir='ltr'>ad</span> <span class='ocrx_word' id='word_1_26' title='bbox 1173 484 1456 521; x_wconf 61' lang='lat' dir='ltr'>correct-ionem</span> 
     </span>
     <span class='ocr_line' id='line_1_5' title="bbox 136 543 1456 593; baseline -0.002 -13"><span class='ocrx_word' id='word_1_27' title='bbox 136 552 308 580; x_wconf 75' lang='lat' dir='ltr'>nostram</span> <span class='ocrx_word' id='word_1_28' title='bbox 342 545 377 580; x_wconf 84' lang='lat' dir='ltr'>in</span> <span class='ocrx_word' id='word_1_29' title='bbox 411 556 503 593; x_wconf 82' lang='lat' dir='ltr'>quos</span> <span class='ocrx_word' id='word_1_30' title='bbox 523 543 627 593; x_wconf 80' lang='lat' dir='ltr'>fines</span> <span class='ocrx_word' id='word_1_31' title='bbox 658 543 876 580; x_wconf 77' lang='lat' dir='ltr'>seculorum</span> <span class='ocrx_word' id='word_1_32' title='bbox 910 543 1155 580; x_wconf 77' lang='lat' dir='ltr'>devenerunt.</span> <span class='ocrx_word' id='word_1_33' title='bbox 1191 545 1291 579; x_wconf 87' lang='lat' dir='ltr'>Nam</span> <span class='ocrx_word' id='word_1_34' title='bbox 1326 551 1456 579; x_wconf 89' lang='lat' dir='ltr'>totum</span> 
     </span>
     <span class='ocr_line' id='line_1_6' title="bbox 104 600 1742 651; baseline -0.004 -12"><span class='ocrx_word' id='word_1_35' title='bbox 104 610 296 651; x_wconf 82' lang='lat' dir='ltr'>5tcmpus</span> <span class='ocrx_word' id='word_1_36' title='bbox 335 604 384 639; x_wconf 90' lang='lat' dir='ltr'>ab</span> <span class='ocrx_word' id='word_1_37' title='bbox 429 601 662 638; x_wconf 86' lang='lat' dir='ltr'>ascensione</span> <span class='ocrx_word' id='word_1_38' title='bbox 702 600 850 638; x_wconf 84' lang='lat' dir='ltr'>Christi</span> <span class='ocrx_word' id='word_1_39' title='bbox 897 614 1022 650; x_wconf 88' lang='lat' dir='ltr'>usque</span> <span class='ocrx_word' id='word_1_40' title='bbox 1067 603 1116 638; x_wconf 89' lang='lat' dir='ltr'>ad</span> <span class='ocrx_word' id='word_1_41' title='bbox 1165 601 1269 638; x_wconf 89' lang='lat' dir='ltr'>diem</span> <span class='ocrx_word' id='word_1_42' title='bbox 1320 600 1457 637; x_wconf 88' lang='lat' dir='ltr'>iudicii</span> <span class='ocrx_word' id='word_1_43' title='bbox 1481 607 1596 646; x_wconf 59' lang='lat' dir='ltr'>inibis</span> <span class='ocrx_word' id='word_1_44' title='bbox 1616 608 1665 634; x_wconf 51' lang='lat'>0121</span> <span class='ocrx_word' id='word_1_45' title='bbox 1689 615 1742 642; x_wconf 69' lang='lat' dir='ltr'>age</span> 
     </span>
     <span class='ocr_line' id='line_1_7' title="bbox 136 643 1730 708; baseline -0.002 -11"><span class='ocrx_word' id='word_1_46' title='bbox 136 670 303 698; x_wconf 76' lang='lat' dir='ltr'>vocatur</span> <span class='ocrx_word' id='word_1_47' title='bbox 341 661 562 697; x_wconf 90' lang='lat' dir='ltr'>secundum</span> <span class='ocrx_word' id='word_1_48' title='bbox 607 659 784 708; x_wconf 82' lang='lat' dir='ltr'>singulas</span> <span class='ocrx_word' id='word_1_49' title='bbox 833 658 916 696; x_wconf 89' lang='lat' dir='ltr'>eius</span> <span class='ocrx_word' id='word_1_50' title='bbox 962 668 1094 708; x_wconf 85' lang='lat' dir='ltr'>partes</span> <span class='ocrx_word' id='word_1_51' title='bbox 1145 659 1242 696; x_wconf 87' lang='lat' dir='ltr'>fines</span> <span class='ocrx_word' id='word_1_52' title='bbox 1288 659 1458 696; x_wconf 89' lang='lat' dir='ltr'>alicuius</span> <span class='ocrx_word' id='word_1_53' title='bbox 1495 643 1730 705; x_wconf 47' lang='lat' dir='ltr'>{2¹0¹}&#39;1ss&#39;0ffls&#39;g10</span> 
     </span>
     <span class='ocr_line' id='line_1_8' title="bbox 137 713 1749 774; baseline -0.002 -18"><span class='ocrx_word' id='word_1_54' title='bbox 137 719 281 761; x_wconf 77' lang='lat' dir='ltr'>seculi:</span> <span class='ocrx_word' id='word_1_55' title='bbox 316 731 408 756; x_wconf 88' lang='lat' dir='ltr'>nam</span> <span class='ocrx_word' id='word_1_56' title='bbox 443 719 808 767; x_wconf 86' lang='lat' dir='ltr'>correspondenter</span> <span class='ocrx_word' id='word_1_57' title='bbox 841 719 891 754; x_wconf 90' lang='lat' dir='ltr'>ad</span> <span class='ocrx_word' id='word_1_58' title='bbox 926 727 1072 755; x_wconf 88' lang='lat' dir='ltr'>etatem</span> <span class='ocrx_word' id='word_1_59' title='bbox 1108 717 1231 755; x_wconf 89' lang='lat' dir='ltr'>seculi</span> <span class='ocrx_word' id='word_1_60' title='bbox 1266 719 1458 754; x_wconf 83' lang='lat' dir='ltr'>debemus</span> <span class='ocrx_word' id='word_1_61' title='bbox 1473 713 1644 774; x_wconf 40' lang='lat' dir='ltr'>gsssslessssffls}</span> <span class='ocrx_word' id='word_1_62' title='bbox 1667 713 1749 774; x_wconf 41' lang='lat' dir='ltr'>&#39;leffi&#39;ss</span> 
     </span>
     <span class='ocr_line' id='line_1_9' title="bbox 137 770 1738 825; baseline -0.004 -11"><span class='ocrx_word' id='word_1_63' title='bbox 137 790 296 815; x_wconf 75' lang='lat' dir='ltr'>servare</span> <span class='ocrx_word' id='word_1_64' title='bbox 334 777 570 825; x_wconf 71' lang='lat' dir='ltr'>gravitatem</span> <span class='ocrx_word' id='word_1_65' title='bbox 613 776 653 813; x_wconf 90' lang='lat' dir='ltr'>in</span> <span class='ocrx_word' id='word_1_66' title='bbox 693 775 887 813; x_wconf 88' lang='lat' dir='ltr'>moribus.</span> <span class='ocrx_word' id='word_1_67' title='bbox 940 779 1017 813; x_wconf 91' lang='lat' dir='ltr'>Ista</span> <span class='ocrx_word' id='word_1_68' title='bbox 1056 785 1189 813; x_wconf 83' lang='lat' dir='ltr'>autem</span> <span class='ocrx_word' id='word_1_69' title='bbox 1225 784 1282 813; x_wconf 91' lang='lat' dir='ltr'>est</span> <span class='ocrx_word' id='word_1_70' title='bbox 1315 776 1458 812; x_wconf 86' lang='lat' dir='ltr'>ultima</span> <span class='ocrx_word' id='word_1_71' title='bbox 1487 783 1584 810; x_wconf 69' lang='lat' dir='ltr'>world</span> <span class='ocrx_word' id='word_1_72' title='bbox 1607 770 1665 822; x_wconf 55' lang='lat' dir='ltr'>Am&#39;d</span> <span class='ocrx_word' id='word_1_73' title='bbox 1688 783 1738 808; x_wconf 62' lang='lat' dir='ltr'>ilie</span> 
     </span>
     <span class='ocr_line' id='line_1_10' title="bbox 138 818 1658 884; baseline -0.001 -12"><span class='ocrx_word' id='word_1_74' title='bbox 138 844 221 872; x_wconf 84' lang='lat' dir='ltr'>ctas</span> <span class='ocrx_word' id='word_1_75' title='bbox 261 835 384 873; x_wconf 86' lang='lat' dir='ltr'>seculi</span> <span class='ocrx_word' id='word_1_76' title='bbox 424 835 463 871; x_wconf 91' lang='lat' dir='ltr'>in</span> <span class='ocrx_word' id='word_1_77' title='bbox 503 848 581 884; x_wconf 87' lang='lat' dir='ltr'>qua</span> <span class='ocrx_word' id='word_1_78' title='bbox 622 836 816 871; x_wconf 83' lang='lat' dir='ltr'>debemus</span> <span class='ocrx_word' id='word_1_79' title='bbox 856 844 1066 883; x_wconf 85' lang='lat' dir='ltr'>tamquam</span> <span class='ocrx_word' id='word_1_80' title='bbox 1107 847 1245 882; x_wconf 81' lang='lat' dir='ltr'>graves</span> <span class='ocrx_word' id='word_1_81' title='bbox 1284 847 1456 883; x_wconf 81' lang='lat' dir='ltr'>persone</span> <span class='ocrx_word' id='word_1_82' title='bbox 1568 818 1658 844; x_wconf 64' lang='lat' dir='ltr'>deul.</span> 
     </span>
     <span class='ocr_line' id='line_1_11' title="bbox 83 892 1457 939; baseline -0.001 -9"><span class='ocrx_word' id='word_1_83' title='bbox 83 904 174 934; x_wconf 72' lang='lat' dir='ltr'>met</span> <span class='ocrx_word' id='word_1_84' title='bbox 214 903 370 931; x_wconf 89' lang='lat' dir='ltr'>mature</span> <span class='ocrx_word' id='word_1_85' title='bbox 409 893 449 930; x_wconf 90' lang='lat' dir='ltr'>in</span> <span class='ocrx_word' id='word_1_86' title='bbox 489 893 668 930; x_wconf 85' lang='lat' dir='ltr'>moribus</span> <span class='ocrx_word' id='word_1_87' title='bbox 709 905 884 939; x_wconf 89' lang='lat' dir='ltr'>carnem,</span> <span class='ocrx_word' id='word_1_88' title='bbox 926 892 1133 930; x_wconf 87' lang='lat' dir='ltr'>diabolum</span> <span class='ocrx_word' id='word_1_89' title='bbox 1180 901 1217 929; x_wconf 90' lang='lat' dir='ltr'>et</span> <span class='ocrx_word' id='word_1_90' title='bbox 1263 894 1457 929; x_wconf 91' lang='lat' dir='ltr'>mundum</span> 
     </span>
     <span class='ocr_line' id='line_1_12' title="bbox 138 952 1721 1000; baseline -0.003 -12"><span class='ocrx_word' id='word_1_91' title='bbox 138 954 332 990; x_wconf 86' lang='lat' dir='ltr'>deserere.</span> <span class='ocrx_word' id='word_1_92' title='bbox 387 952 427 988; x_wconf 84' lang='lat' dir='ltr'>Si</span> <span class='ocrx_word' id='word_1_93' title='bbox 473 962 608 989; x_wconf 89' lang='lat' dir='ltr'>autem</span> <span class='ocrx_word' id='word_1_94' title='bbox 661 960 752 1000; x_wconf 90' lang='lat' dir='ltr'>post</span> <span class='ocrx_word' id='word_1_95' title='bbox 799 960 858 987; x_wconf 92' lang='lat' dir='ltr'>tot</span> <span class='ocrx_word' id='word_1_96' title='bbox 905 952 1086 1000; x_wconf 85' lang='lat' dir='ltr'>exempla</span> <span class='ocrx_word' id='word_1_97' title='bbox 1132 960 1169 988; x_wconf 87' lang='lat' dir='ltr'>et</span> <span class='ocrx_word' id='word_1_98' title='bbox 1216 952 1460 988; x_wconf 85' lang='lat' dir='ltr'>documenta</span> <span class='ocrx_word' id='word_1_99' title='bbox 1510 958 1721 997; x_wconf 61' lang='lat' dir='ltr'>Thcsseslris</span> 
     </span>
     <span class='ocr_line' id='line_1_13' title="bbox 138 995 1739 1060; baseline -0.002 -12"><span class='ocrx_word' id='word_1_100' title='bbox 138 1011 254 1048; x_wconf 84' lang='lat' dir='ltr'>etatis</span> <span class='ocrx_word' id='word_1_101' title='bbox 287 1011 432 1060; x_wconf 90' lang='lat' dir='ltr'>prioris</span> <span class='ocrx_word' id='word_1_102' title='bbox 457 1024 576 1059; x_wconf 88' lang='lat' dir='ltr'>quam</span> <span class='ocrx_word' id='word_1_103' title='bbox 603 1011 795 1047; x_wconf 87' lang='lat' dir='ltr'>debemus</span> <span class='ocrx_word' id='word_1_104' title='bbox 829 1022 988 1047; x_wconf 79' lang='lat' dir='ltr'>servare</span> <span class='ocrx_word' id='word_1_105' title='bbox 1011 1009 1050 1046; x_wconf 90' lang='lat' dir='ltr'>in</span> <span class='ocrx_word' id='word_1_106' title='bbox 1082 1009 1279 1046; x_wconf 84' lang='lat' dir='ltr'>memoria</span> <span class='ocrx_word' id='word_1_107' title='bbox 1303 1022 1460 1046; x_wconf 84' lang='lat' dir='ltr'>reman-</span> <span class='ocrx_word' id='word_1_108' title='bbox 1486 995 1739 1056; x_wconf 50' lang='grc' dir='ltr'>Ιξῇῗςέᾚῗῇᾟῇ</span> 
     </span>
     <span class='ocr_line' id='line_1_14' title="bbox 137 1064 1748 1126; baseline -0.002 -20"><span class='ocrx_word' id='word_1_109' title='bbox 137 1069 307 1106; x_wconf 87' lang='lat' dir='ltr'>serimus</span> <span class='ocrx_word' id='word_1_110' title='bbox 341 1069 546 1115; x_wconf 81' lang='lat' dir='ltr'>obstinati,</span> <span class='ocrx_word' id='word_1_111' title='bbox 581 1082 718 1105; x_wconf 88' lang='lat' dir='ltr'>sumus</span> <span class='ocrx_word' id='word_1_112' title='bbox 749 1068 884 1117; x_wconf 87' lang='lat' dir='ltr'>pueris</span> <span class='ocrx_word' id='word_1_113' title='bbox 914 1068 1119 1117; x_wconf 89' lang='lat' dir='ltr'>prioribus</span> <span class='ocrx_word' id='word_1_114' title='bbox 1145 1068 1320 1116; x_wconf 85' lang='lat' dir='ltr'>amplius</span> <span class='ocrx_word' id='word_1_115' title='bbox 1344 1067 1460 1117; x_wconf 88' lang='lat' dir='ltr'>puni-</span> <span class='ocrx_word' id='word_1_116' title='bbox 1477 1064 1703 1126; x_wconf 42' lang='grc' dir='ltr'>[Ὃῇζῖιζῃζῐῐιὶξζ</span> <span class='ocrx_word' id='word_1_117' title='bbox 1719 1099 1748 1126; x_wconf 54' lang='grc' dir='ltr'>Η]</span> 
     </span>
     <span class='ocr_line' id='line_1_15' title="bbox 138 1107 1715 1175; baseline -0.004 -10"><span class='ocrx_word' id='word_1_118' title='bbox 138 1128 241 1165; x_wconf 89' lang='lat' dir='ltr'>endi.</span> <span class='ocrx_word' id='word_1_119' title='bbox 296 1130 344 1164; x_wconf 88' lang='lat' dir='ltr'>Et</span> <span class='ocrx_word' id='word_1_120' title='bbox 390 1136 523 1164; x_wconf 87' lang='lat' dir='ltr'>movet</span> <span class='ocrx_word' id='word_1_121' title='bbox 568 1129 618 1164; x_wconf 90' lang='lat' dir='ltr'>ad</span> <span class='ocrx_word' id='word_1_122' title='bbox 663 1128 738 1163; x_wconf 87' lang='lat' dir='ltr'>hoc</span> <span class='ocrx_word' id='word_1_123' title='bbox 779 1128 887 1175; x_wconf 90' lang='lat' dir='ltr'>quod</span> <span class='ocrx_word' id='word_1_124' title='bbox 926 1128 1048 1163; x_wconf 89' lang='lat' dir='ltr'>decor</span> <span class='ocrx_word' id='word_1_125' title='bbox 1093 1126 1224 1164; x_wconf 88' lang='lat' dir='ltr'>carnis</span> <span class='ocrx_word' id='word_1_126' title='bbox 1264 1135 1301 1163; x_wconf 91' lang='lat' dir='ltr'>et</span> <span class='ocrx_word' id='word_1_127' title='bbox 1340 1127 1460 1163; x_wconf 82' lang='lat' dir='ltr'>flores</span> <span class='ocrx_word' id='word_1_128' title='bbox 1510 1134 1569 1161; x_wconf 74' lang='lat' dir='ltr'>and</span> <span class='ocrx_word' id='word_1_129' title='bbox 1593 1107 1715 1169; x_wconf 48' lang='lat' dir='ltr'>seam-5³</span> 
     </span>
     <span class='ocr_line' id='line_1_16' title="bbox 84 1185 1458 1235; baseline -0.001 -12"><span class='ocrx_word' id='word_1_130' title='bbox 84 1185 259 1227; x_wconf 77' lang='lat' dir='ltr'>15seculi</span> <span class='ocrx_word' id='word_1_131' title='bbox 292 1198 398 1223; x_wconf 88' lang='lat' dir='ltr'>nunc</span> <span class='ocrx_word' id='word_1_132' title='bbox 430 1187 519 1235; x_wconf 90' lang='lat' dir='ltr'>plus</span> <span class='ocrx_word' id='word_1_133' title='bbox 551 1194 761 1235; x_wconf 88' lang='lat' dir='ltr'>tepescunt</span> <span class='ocrx_word' id='word_1_134' title='bbox 795 1198 915 1234; x_wconf 85' lang='lat' dir='ltr'>quam</span> <span class='ocrx_word' id='word_1_135' title='bbox 951 1185 990 1222; x_wconf 89' lang='lat' dir='ltr'>in</span> <span class='ocrx_word' id='word_1_136' title='bbox 1023 1185 1151 1234; x_wconf 86' lang='lat' dir='ltr'>priori</span> <span class='ocrx_word' id='word_1_137' title='bbox 1176 1194 1283 1222; x_wconf 89' lang='lat' dir='ltr'>etate</span> <span class='ocrx_word' id='word_1_138' title='bbox 1318 1185 1458 1221; x_wconf 90' lang='lat' dir='ltr'>mundi</span> 
     </span>
     <span class='ocr_line' id='line_1_17' title="bbox 139 1243 1459 1294; baseline -0.002 -12"><span class='ocrx_word' id='word_1_139' title='bbox 139 1255 175 1282; x_wconf 89' lang='lat' dir='ltr'>et</span> <span class='ocrx_word' id='word_1_140' title='bbox 204 1258 274 1294; x_wconf 87' lang='lat' dir='ltr'>per</span> <span class='ocrx_word' id='word_1_141' title='bbox 309 1257 558 1294; x_wconf 86' lang='lat' dir='ltr'>consequens</span> <span class='ocrx_word' id='word_1_142' title='bbox 592 1253 683 1281; x_wconf 90' lang='lat' dir='ltr'>sunt</span> <span class='ocrx_word' id='word_1_143' title='bbox 716 1243 922 1280; x_wconf 88' lang='lat' dir='ltr'>remissius</span> <span class='ocrx_word' id='word_1_144' title='bbox 956 1243 1185 1292; x_wconf 85' lang='lat' dir='ltr'>appetendi.</span> <span class='ocrx_word' id='word_1_145' title='bbox 1221 1243 1319 1289; x_wconf 90' lang='lat' dir='ltr'>Quis</span> <span class='ocrx_word' id='word_1_146' title='bbox 1353 1243 1459 1280; x_wconf 88' lang='lat' dir='ltr'>enim</span> 
     </span>
     <span class='ocr_line' id='line_1_18' title="bbox 137 1301 1461 1350; baseline -0.002 -10"><span class='ocrx_word' id='word_1_147' title='bbox 137 1317 243 1341; x_wconf 89' lang='lat' dir='ltr'>nunc</span> <span class='ocrx_word' id='word_1_148' title='bbox 290 1303 331 1340; x_wconf 89' lang='lat' dir='ltr'>in</span> <span class='ocrx_word' id='word_1_149' title='bbox 382 1316 502 1340; x_wconf 89' lang='lat' dir='ltr'>carne</span> <span class='ocrx_word' id='word_1_150' title='bbox 547 1312 702 1340; x_wconf 89' lang='lat' dir='ltr'>tantum</span> <span class='ocrx_word' id='word_1_151' title='bbox 758 1311 814 1339; x_wconf 91' lang='lat' dir='ltr'>est</span> <span class='ocrx_word' id='word_1_152' title='bbox 858 1302 1027 1348; x_wconf 84' lang='lat' dir='ltr'>validus,</span> <span class='ocrx_word' id='word_1_153' title='bbox 1073 1302 1176 1339; x_wconf 90' lang='lat' dir='ltr'>sicut</span> <span class='ocrx_word' id='word_1_154' title='bbox 1220 1301 1376 1350; x_wconf 87' lang='lat' dir='ltr'>priores</span> <span class='ocrx_word' id='word_1_155' title='bbox 1421 1302 1461 1338; x_wconf 91' lang='lat' dir='ltr'>in</span> 
     </span>
     <span class='ocr_line' id='line_1_19' title="bbox 139 1361 1461 1411; baseline -0.002 -12"><span class='ocrx_word' id='word_1_156' title='bbox 139 1375 309 1411; x_wconf 84' lang='lat' dir='ltr'>corpore</span> <span class='ocrx_word' id='word_1_157' title='bbox 362 1363 597 1399; x_wconf 73' lang='lat' dir='ltr'>valuerunt?</span> <span class='ocrx_word' id='word_1_158' title='bbox 652 1364 764 1398; x_wconf 87' lang='lat' dir='ltr'>Patet</span> <span class='ocrx_word' id='word_1_159' title='bbox 809 1362 918 1409; x_wconf 90' lang='lat' dir='ltr'>quod</span> <span class='ocrx_word' id='word_1_160' title='bbox 963 1361 1109 1407; x_wconf 86' lang='lat' dir='ltr'>nullus,</span> <span class='ocrx_word' id='word_1_161' title='bbox 1164 1369 1208 1396; x_wconf 88' lang='lat' dir='ltr'>ut</span> <span class='ocrx_word' id='word_1_162' title='bbox 1257 1369 1368 1410; x_wconf 83' lang='lat' dir='ltr'>patet</span> <span class='ocrx_word' id='word_1_163' title='bbox 1414 1362 1461 1397; x_wconf 90' lang='lat' dir='ltr'>de</span> 
     </span>
     <span class='ocr_line' id='line_1_20' title="bbox 140 1419 1461 1469; baseline -0.002 -11"><span class='ocrx_word' id='word_1_164' title='bbox 140 1423 299 1467; x_wconf 85' lang='lat' dir='ltr'>robore,</span> <span class='ocrx_word' id='word_1_165' title='bbox 357 1420 549 1469; x_wconf 84' lang='lat' dir='ltr'>agilitate,</span> <span class='ocrx_word' id='word_1_166' title='bbox 609 1419 894 1469; x_wconf 89' lang='lat' dir='ltr'>pulcritudine,</span> <span class='ocrx_word' id='word_1_167' title='bbox 953 1419 1197 1467; x_wconf 85' lang='lat' dir='ltr'>longevitate</span> <span class='ocrx_word' id='word_1_168' title='bbox 1257 1432 1346 1456; x_wconf 88' lang='lat' dir='ltr'>cum</span> <span class='ocrx_word' id='word_1_169' title='bbox 1407 1419 1461 1456; x_wconf 88' lang='lat' dir='ltr'>eis</span> 
     </span>
     <span class='ocr_line' id='line_1_21' title="bbox 81 1477 1460 1527; baseline -0.003 -10"><span class='ocrx_word' id='word_1_170' title='bbox 81 1497 122 1518; x_wconf 87' lang='lat'>20</span> <span class='ocrx_word' id='word_1_171' title='bbox 139 1479 350 1516; x_wconf 87' lang='lat' dir='ltr'>similibus.</span> <span class='ocrx_word' id='word_1_172' title='bbox 398 1480 615 1526; x_wconf 83' lang='lat' dir='ltr'>Quomodo</span> <span class='ocrx_word' id='word_1_173' title='bbox 655 1491 749 1527; x_wconf 83' lang='lat' dir='ltr'>ergo</span> <span class='ocrx_word' id='word_1_174' title='bbox 791 1477 910 1514; x_wconf 86' lang='lat' dir='ltr'>miser</span> <span class='ocrx_word' id='word_1_175' title='bbox 943 1477 1170 1526; x_wconf 86' lang='lat' dir='ltr'>decrepitus</span> <span class='ocrx_word' id='word_1_176' title='bbox 1204 1486 1361 1514; x_wconf 86' lang='lat' dir='ltr'>tantum</span> <span class='ocrx_word' id='word_1_177' title='bbox 1395 1479 1460 1514; x_wconf 93' lang='lat' dir='ltr'>de-</span> 
     </span>
     <span class='ocr_line' id='line_1_22' title="bbox 140 1537 761 1587; baseline -0.002 -13"><span class='ocrx_word' id='word_1_178' title='bbox 140 1551 275 1575; x_wconf 89' lang='lat' dir='ltr'>corem</span> <span class='ocrx_word' id='word_1_179' title='bbox 312 1537 495 1587; x_wconf 86' lang='lat' dir='ltr'>corporis</span> <span class='ocrx_word' id='word_1_180' title='bbox 531 1537 761 1574; x_wconf 69' lang='lat' dir='ltr'>affectaret?</span> 
     </span>
    </p>

    <p class='ocr_par' dir='ltr' id='par_1_3' title="bbox 137 1594 1727 1770">
     <span class='ocr_line' id='line_1_23' title="bbox 197 1594 1727 1646; baseline -0.004 -12"><span class='ocrx_word' id='word_1_181' title='bbox 197 1599 246 1633; x_wconf 88' lang='lat' dir='ltr'>Et</span> <span class='ocrx_word' id='word_1_182' title='bbox 279 1598 414 1646; x_wconf 89' lang='lat' dir='ltr'>quoad</span> <span class='ocrx_word' id='word_1_183' title='bbox 461 1596 724 1645; x_wconf 79' lang='lat' dir='ltr'>cupiditatem</span> <span class='ocrx_word' id='word_1_184' title='bbox 770 1594 1052 1643; x_wconf 84' lang='lat' dir='ltr'>prosperitatis</span> <span class='ocrx_word' id='word_1_185' title='bbox 1102 1596 1305 1631; x_wconf 91' lang='lat' dir='ltr'>mundane</span> <span class='ocrx_word' id='word_1_186' title='bbox 1349 1603 1460 1643; x_wconf 83' lang='lat' dir='ltr'>patet</span> <span class='ocrx_word' id='word_1_187' title='bbox 1495 1602 1727 1641; x_wconf 58' lang='lat' dir='ltr'>Thou-ortuis</span> 
     </span>
     <span class='ocr_line' id='line_1_24' title="bbox 139 1638 1724 1705; baseline -0.003 -12"><span class='ocrx_word' id='word_1_188' title='bbox 139 1657 248 1705; x_wconf 90' lang='lat' dir='ltr'>quod</span> <span class='ocrx_word' id='word_1_189' title='bbox 282 1655 465 1693; x_wconf 86' lang='lat' dir='ltr'>raciones</span> <span class='ocrx_word' id='word_1_190' title='bbox 501 1654 730 1692; x_wconf 90' lang='lat' dir='ltr'>consimiles</span> <span class='ocrx_word' id='word_1_191' title='bbox 764 1654 941 1690; x_wconf 85' lang='lat' dir='ltr'>facerent</span> <span class='ocrx_word' id='word_1_192' title='bbox 974 1653 1013 1689; x_wconf 91' lang='lat' dir='ltr'>in</span> <span class='ocrx_word' id='word_1_193' title='bbox 1045 1652 1162 1689; x_wconf 90' lang='lat' dir='ltr'>nobis</span> <span class='ocrx_word' id='word_1_194' title='bbox 1196 1653 1325 1702; x_wconf 87' lang='lat' dir='ltr'>ipsam</span> <span class='ocrx_word' id='word_1_195' title='bbox 1365 1652 1460 1689; x_wconf 75' lang='lat' dir='ltr'>vile·</span> <span class='ocrx_word' id='word_1_196' title='bbox 1501 1638 1724 1700; x_wconf 36' lang='grc' dir='ltr'>Ῑεςξίἓςιιιυζζξὲ</span> 
     </span>
     <span class='ocr_line' id='line_1_25' title="bbox 137 1708 1717 1770; baseline -0.003 -19"><span class='ocrx_word' id='word_1_197' title='bbox 137 1726 261 1751; x_wconf 88' lang='lat' dir='ltr'>scere.</span> <span class='ocrx_word' id='word_1_198' title='bbox 286 1715 459 1751; x_wconf 90' lang='lat' dir='ltr'>Mundus</span> <span class='ocrx_word' id='word_1_199' title='bbox 485 1713 682 1762; x_wconf 86' lang='lat' dir='ltr'>(inquam)</span> <span class='ocrx_word' id='word_1_200' title='bbox 709 1725 790 1749; x_wconf 91' lang='lat' dir='ltr'>non</span> <span class='ocrx_word' id='word_1_201' title='bbox 813 1711 993 1748; x_wconf 85' lang='lat' dir='ltr'>alliceret</span> <span class='ocrx_word' id='word_1_202' title='bbox 1016 1720 1183 1760; x_wconf 88' lang='lat' dir='ltr'>propter</span> <span class='ocrx_word' id='word_1_203' title='bbox 1206 1711 1458 1748; x_wconf 81' lang='lat' dir='ltr'>sterilitatem</span> <span class='ocrx_word' id='word_1_204' title='bbox 1510 1708 1717 1770; x_wconf 48' lang='lat' dir='ltr'>“fflssffisfflf&#39;sc</span> 
     </span>
    </p>

    <p class='ocr_par' dir='ltr' id='par_1_4' title="bbox 82 1751 1681 2056">
     <span class='ocr_line' id='line_1_26' title="bbox 82 1751 1681 1819; baseline -0.003 -9"><span class='ocrx_word' id='word_1_205' title='bbox 82 1780 120 1813; x_wconf 78' lang='lat'>25</span> <span class='ocrx_word' id='word_1_206' title='bbox 138 1773 321 1809; x_wconf 91' lang='lat' dir='ltr'>omnium</span> <span class='ocrx_word' id='word_1_207' title='bbox 380 1781 484 1809; x_wconf 90' lang='lat' dir='ltr'>terre</span> <span class='ocrx_word' id='word_1_208' title='bbox 544 1771 802 1808; x_wconf 86' lang='lat' dir='ltr'>nascencium</span> <span class='ocrx_word' id='word_1_209' title='bbox 862 1783 940 1819; x_wconf 89' lang='lat' dir='ltr'>que</span> <span class='ocrx_word' id='word_1_210' title='bbox 992 1769 1147 1806; x_wconf 91' lang='lat' dir='ltr'>homini</span> <span class='ocrx_word' id='word_1_211' title='bbox 1201 1770 1460 1816; x_wconf 83' lang='lat' dir='ltr'>deservirent,</span> <span class='ocrx_word' id='word_1_212' title='bbox 1551 1751 1569 1778; x_wconf 82' lang='lat' dir='ltr'>g</span> <span class='ocrx_word' id='word_1_213' title='bbox 1675 1763 1681 1769; x_wconf 56' lang='lat'>⁸</span> 
     </span>
     <span class='ocr_line' id='line_1_27' title="bbox 137 1828 1461 1880; baseline -0.003 -12"><span class='ocrx_word' id='word_1_214' title='bbox 137 1840 304 1880; x_wconf 90' lang='lat' dir='ltr'>propter</span> <span class='ocrx_word' id='word_1_215' title='bbox 328 1830 655 1868; x_wconf 89' lang='lat' dir='ltr'>incertitudinem</span> <span class='ocrx_word' id='word_1_216' title='bbox 691 1842 734 1866; x_wconf 87' lang='lat' dir='ltr'>ex</span> <span class='ocrx_word' id='word_1_217' title='bbox 767 1828 1026 1878; x_wconf 88' lang='lat' dir='ltr'>pestilenciis,</span> <span class='ocrx_word' id='word_1_218' title='bbox 1062 1828 1176 1865; x_wconf 88' lang='lat' dir='ltr'>bellis</span> <span class='ocrx_word' id='word_1_219' title='bbox 1210 1837 1246 1865; x_wconf 90' lang='lat' dir='ltr'>et</span> <span class='ocrx_word' id='word_1_220' title='bbox 1271 1828 1360 1865; x_wconf 87' lang='lat' dir='ltr'>aliis</span> <span class='ocrx_word' id='word_1_221' title='bbox 1385 1841 1461 1877; x_wconf 90' lang='lat' dir='ltr'>que</span> 
     </span>
     <span class='ocr_line' id='line_1_28' title="bbox 138 1886 1460 1938; baseline -0.003 -11"><span class='ocrx_word' id='word_1_222' title='bbox 138 1889 451 1938; x_wconf 85' lang='lat' dir='ltr'>prosperitatem</span> <span class='ocrx_word' id='word_1_223' title='bbox 487 1888 611 1926; x_wconf 88' lang='lat' dir='ltr'>seculi</span> <span class='ocrx_word' id='word_1_224' title='bbox 645 1888 864 1936; x_wconf 77' lang='lat' dir='ltr'>extingunt,</span> <span class='ocrx_word' id='word_1_225' title='bbox 898 1887 1023 1924; x_wconf 88' lang='lat' dir='ltr'>tercio</span> <span class='ocrx_word' id='word_1_226' title='bbox 1057 1896 1224 1936; x_wconf 88' lang='lat' dir='ltr'>propter</span> <span class='ocrx_word' id='word_1_227' title='bbox 1257 1886 1460 1924; x_wconf 87' lang='lat' dir='ltr'>maliciam</span> 
     </span>
     <span class='ocr_line' id='line_1_29' title="bbox 139 1945 1461 1996; baseline -0.003 -11"><span class='ocrx_word' id='word_1_228' title='bbox 139 1957 176 1985; x_wconf 90' lang='lat' dir='ltr'>et</span> <span class='ocrx_word' id='word_1_229' title='bbox 215 1949 396 1985; x_wconf 85' lang='lat' dir='ltr'>fraudem</span> <span class='ocrx_word' id='word_1_230' title='bbox 441 1946 717 1996; x_wconf 85' lang='lat' dir='ltr'>proximorum</span> <span class='ocrx_word' id='word_1_231' title='bbox 758 1946 826 1995; x_wconf 90' lang='lat' dir='ltr'>qui</span> <span class='ocrx_word' id='word_1_232' title='bbox 870 1958 955 1982; x_wconf 90' lang='lat' dir='ltr'>sese</span> <span class='ocrx_word' id='word_1_233' title='bbox 996 1945 1208 1994; x_wconf 80' lang='lat' dir='ltr'>diligerent</span> <span class='ocrx_word' id='word_1_234' title='bbox 1247 1954 1284 1982; x_wconf 91' lang='lat' dir='ltr'>et</span> <span class='ocrx_word' id='word_1_235' title='bbox 1316 1945 1461 1982; x_wconf 89' lang='lat' dir='ltr'>ultimo</span> 
     </span>
     <span class='ocr_line' id='line_1_30' title="bbox 138 2003 1459 2056; baseline -0.004 -12"><span class='ocrx_word' id='word_1_236' title='bbox 138 2016 305 2056; x_wconf 86' lang='lat' dir='ltr'>propter</span> <span class='ocrx_word' id='word_1_237' title='bbox 356 2005 649 2055; x_wconf 81' lang='lat' dir='ltr'>experienciam</span> <span class='ocrx_word' id='word_1_238' title='bbox 704 2004 800 2041; x_wconf 90' lang='lat' dir='ltr'>tedii</span> <span class='ocrx_word' id='word_1_239' title='bbox 851 2004 891 2040; x_wconf 88' lang='lat' dir='ltr'>in</span> <span class='ocrx_word' id='word_1_240' title='bbox 941 2005 1093 2040; x_wconf 89' lang='lat' dir='ltr'>mundo</span> <span class='ocrx_word' id='word_1_241' title='bbox 1145 2012 1182 2041; x_wconf 91' lang='lat' dir='ltr'>et</span> <span class='ocrx_word' id='word_1_242' title='bbox 1233 2003 1459 2040; x_wconf 87' lang='lat' dir='ltr'>doctrinam</span> 
     </span>
    </p>

    <p class='ocr_par' dir='ltr' id='par_1_5' title="bbox 82 2062 1736 2348">
     <span class='ocr_line' id='line_1_31' title="bbox 82 2062 1736 2114; baseline -0.005 -12"><span class='ocrx_word' id='word_1_243' title='bbox 82 2071 124 2103; x_wconf 77' lang='lat'>30</span> <span class='ocrx_word' id='word_1_244' title='bbox 139 2065 339 2114; x_wconf 89' lang='lat' dir='ltr'>scripture</span> <span class='ocrx_word' id='word_1_245' title='bbox 379 2064 559 2102; x_wconf 87' lang='lat' dir='ltr'>docentis</span> <span class='ocrx_word' id='word_1_246' title='bbox 599 2065 649 2101; x_wconf 89' lang='lat' dir='ltr'>ad</span> <span class='ocrx_word' id='word_1_247' title='bbox 688 2065 794 2100; x_wconf 82' lang='lat' dir='ltr'>bona</span> <span class='ocrx_word' id='word_1_248' title='bbox 833 2062 963 2111; x_wconf 89' lang='lat' dir='ltr'>patrie</span> <span class='ocrx_word' id='word_1_249' title='bbox 996 2074 1229 2111; x_wconf 86' lang='lat' dir='ltr'>properare.</span> <span class='ocrx_word' id='word_1_250' title='bbox 1265 2062 1461 2099; x_wconf 89' lang='lat' dir='ltr'>Diabolus</span> <span class='ocrx_word' id='word_1_251' title='bbox 1493 2069 1560 2098; x_wconf 78' lang='lat' dir='ltr'>The</span> <span class='ocrx_word' id='word_1_252' title='bbox 1582 2069 1660 2096; x_wconf 74' lang='lat' dir='ltr'>devii</span> <span class='ocrx_word' id='word_1_253' title='bbox 1683 2068 1736 2095; x_wconf 73' lang='lat' dir='ltr'>has</span> 
     </span>
     <span class='ocr_line' id='line_1_32' title="bbox 141 2106 1711 2173; baseline -0.004 -12"><span class='ocrx_word' id='word_1_254' title='bbox 141 2124 267 2161; x_wconf 83' lang='lat' dir='ltr'>eciam</span> <span class='ocrx_word' id='word_1_255' title='bbox 302 2125 437 2172; x_wconf 88' lang='lat' dir='ltr'>quoad</span> <span class='ocrx_word' id='word_1_256' title='bbox 471 2131 701 2160; x_wconf 88' lang='lat' dir='ltr'>constantes</span> <span class='ocrx_word' id='word_1_257' title='bbox 732 2122 771 2158; x_wconf 88' lang='lat' dir='ltr'>in</span> <span class='ocrx_word' id='word_1_258' title='bbox 803 2121 881 2158; x_wconf 90' lang='lat' dir='ltr'>fide</span> <span class='ocrx_word' id='word_1_259' title='bbox 908 2121 1056 2158; x_wconf 85' lang='lat' dir='ltr'>virtute</span> <span class='ocrx_word' id='word_1_260' title='bbox 1086 2120 1286 2170; x_wconf 88' lang='lat' dir='ltr'>passionis</span> <span class='ocrx_word' id='word_1_261' title='bbox 1311 2120 1461 2157; x_wconf 86' lang='lat' dir='ltr'>Christi</span> <span class='ocrx_word' id='word_1_262' title='bbox 1521 2106 1711 2173; x_wconf 45' lang='grc' dir='ltr'>Ῑῖἒῗῆῃῑζῗῖξζ</span> 
     </span>
     <span class='ocr_line' id='line_1_33' title="bbox 139 2169 1680 2231; baseline -0.004 -12"><span class='ocrx_word' id='word_1_263' title='bbox 139 2182 423 2231; x_wconf 80' lang='lat' dir='ltr'>suffragiorum</span> <span class='ocrx_word' id='word_1_264' title='bbox 481 2190 714 2218; x_wconf 89' lang='lat' dir='ltr'>sanctorum</span> <span class='ocrx_word' id='word_1_265' title='bbox 773 2188 1121 2217; x_wconf 87' lang='lat' dir='ltr'>sacramentorum</span> <span class='ocrx_word' id='word_1_266' title='bbox 1170 2178 1373 2216; x_wconf 84' lang='lat' dir='ltr'>iuvamine</span> <span class='ocrx_word' id='word_1_267' title='bbox 1425 2187 1462 2215; x_wconf 88' lang='lat' dir='ltr'>et</span> <span class='ocrx_word' id='word_1_268' title='bbox 1539 2169 1680 2202; x_wconf 18' lang='lat' dir='ltr'>&amp;fflifl&#39;fssl-</span> 
     </span>
     <span class='ocr_line' id='line_1_34' title="bbox 139 2237 1462 2290; baseline -0.003 -13"><span class='ocrx_word' id='word_1_269' title='bbox 139 2240 424 2290; x_wconf 84' lang='lat' dir='ltr'>predicacione</span> <span class='ocrx_word' id='word_1_270' title='bbox 465 2239 659 2288; x_wconf 82' lang='lat' dir='ltr'>evangelii</span> <span class='ocrx_word' id='word_1_271' title='bbox 699 2247 756 2276; x_wconf 88' lang='lat' dir='ltr'>est</span> <span class='ocrx_word' id='word_1_272' title='bbox 796 2238 835 2275; x_wconf 89' lang='lat' dir='ltr'>in</span> <span class='ocrx_word' id='word_1_273' title='bbox 875 2237 1061 2287; x_wconf 89' lang='lat' dir='ltr'>potencia</span> <span class='ocrx_word' id='word_1_274' title='bbox 1104 2237 1323 2286; x_wconf 82' lang='lat' dir='ltr'>mitigatus.</span> <span class='ocrx_word' id='word_1_275' title='bbox 1369 2238 1462 2274; x_wconf 91' lang='lat' dir='ltr'>Ideo</span> 
     </span>
     <span class='ocr_line' id='line_1_35' title="bbox 140 2295 1463 2348; baseline -0.003 -13"><span class='ocrx_word' id='word_1_276' title='bbox 140 2300 241 2336; x_wconf 83' lang='lat' dir='ltr'>forte</span> <span class='ocrx_word' id='word_1_277' title='bbox 293 2299 439 2335; x_wconf 87' lang='lat' dir='ltr'>dicitur</span> <span class='ocrx_word' id='word_1_278' title='bbox 490 2300 597 2348; x_wconf 88' lang='lat' dir='ltr'>quod</span> <span class='ocrx_word' id='word_1_279' title='bbox 630 2298 736 2348; x_wconf 85' lang='lat' dir='ltr'>fines</span> <span class='ocrx_word' id='word_1_280' title='bbox 783 2298 1003 2334; x_wconf 77' lang='lat' dir='ltr'>seculorum</span> <span class='ocrx_word' id='word_1_281' title='bbox 1055 2297 1190 2345; x_wconf 91' lang='lat' dir='ltr'>quoad</span> <span class='ocrx_word' id='word_1_282' title='bbox 1240 2295 1463 2332; x_wconf 85' lang='lat' dir='ltr'>mundialia</span> 
     </span>
    </p>

    <p class='ocr_par' dir='ltr' id='par_1_6' title="bbox 83 2353 1465 2640">
     <span class='ocr_line' id='line_1_36' title="bbox 83 2353 1464 2399; baseline -0.003 -5"><span class='ocrx_word' id='word_1_283' title='bbox 83 2364 327 2396; x_wconf 72' lang='lat' dir='ltr'>35vener1mt</span> <span class='ocrx_word' id='word_1_284' title='bbox 366 2358 465 2393; x_wconf 81' lang='lat' dir='ltr'>inter</span> <span class='ocrx_word' id='word_1_285' title='bbox 497 2370 576 2393; x_wconf 82' lang='lat' dir='ltr'>nos.</span> <span class='ocrx_word' id='word_1_286' title='bbox 626 2356 739 2393; x_wconf 88' lang='lat' dir='ltr'>Sicut</span> <span class='ocrx_word' id='word_1_287' title='bbox 778 2355 884 2391; x_wconf 84' lang='lat' dir='ltr'>enim</span> <span class='ocrx_word' id='word_1_288' title='bbox 927 2364 1019 2391; x_wconf 92' lang='lat' dir='ltr'>sunt</span> <span class='ocrx_word' id='word_1_289' title='bbox 1059 2355 1186 2391; x_wconf 88' lang='lat' dir='ltr'>multa</span> <span class='ocrx_word' id='word_1_290' title='bbox 1225 2355 1372 2399; x_wconf 75' lang='lat' dir='ltr'>secula,</span> <span class='ocrx_word' id='word_1_291' title='bbox 1408 2353 1464 2390; x_wconf 85' lang='lat' dir='ltr'>ita</span> 
     </span>
     <span class='ocr_line' id='line_1_37' title="bbox 141 2412 1464 2461; baseline -0.003 -9"><span class='ocrx_word' id='word_1_292' title='bbox 141 2417 289 2453; x_wconf 89' lang='lat' dir='ltr'>habent</span> <span class='ocrx_word' id='word_1_293' title='bbox 328 2416 368 2452; x_wconf 92' lang='lat' dir='ltr'>in</span> <span class='ocrx_word' id='word_1_294' title='bbox 407 2415 552 2452; x_wconf 88' lang='lat' dir='ltr'>ultima</span> <span class='ocrx_word' id='word_1_295' title='bbox 591 2423 697 2451; x_wconf 86' lang='lat' dir='ltr'>etate</span> <span class='ocrx_word' id='word_1_296' title='bbox 739 2413 905 2451; x_wconf 87' lang='lat' dir='ltr'>ecclesie</span> <span class='ocrx_word' id='word_1_297' title='bbox 946 2414 1095 2450; x_wconf 86' lang='lat' dir='ltr'>multos</span> <span class='ocrx_word' id='word_1_298' title='bbox 1136 2412 1246 2449; x_wconf 87' lang='lat' dir='ltr'>fines.</span> <span class='ocrx_word' id='word_1_299' title='bbox 1295 2415 1464 2461; x_wconf 82' lang='lat' dir='ltr'>Propter</span> 
     </span>
     <span class='ocr_line' id='line_1_38' title="bbox 141 2471 1465 2520; baseline -0.005 -9"><span class='ocrx_word' id='word_1_300' title='bbox 141 2475 241 2511; x_wconf 76' lang='lat' dir='ltr'>tales</span> <span class='ocrx_word' id='word_1_301' title='bbox 288 2473 638 2511; x_wconf 90' lang='lat' dir='ltr'>consideraciones</span> <span class='ocrx_word' id='word_1_302' title='bbox 683 2472 799 2509; x_wconf 88' lang='lat' dir='ltr'>multi</span> <span class='ocrx_word' id='word_1_303' title='bbox 844 2471 997 2509; x_wconf 84' lang='lat' dir='ltr'>viantes</span> <span class='ocrx_word' id='word_1_304' title='bbox 1038 2471 1194 2520; x_wconf 80' lang='lat' dir='ltr'>cupiunt</span> <span class='ocrx_word' id='word_1_305' title='bbox 1232 2471 1394 2507; x_wconf 76' lang='lat' dir='ltr'>dissolvi</span> <span class='ocrx_word' id='word_1_306' title='bbox 1430 2478 1465 2506; x_wconf 84' lang='lat' dir='ltr'>et</span> 
     </span>
     <span class='ocr_line' id='line_1_39' title="bbox 142 2528 1462 2579; baseline -0.004 -10"><span class='ocrx_word' id='word_1_307' title='bbox 142 2546 222 2569; x_wconf 78' lang='lat' dir='ltr'>esse</span> <span class='ocrx_word' id='word_1_308' title='bbox 267 2545 350 2569; x_wconf 85' lang='lat' dir='ltr'>cum</span> <span class='ocrx_word' id='word_1_309' title='bbox 390 2532 545 2568; x_wconf 79' lang='lat' dir='ltr'>Clzristo</span> <span class='ocrx_word' id='word_1_310' title='bbox 593 2544 681 2568; x_wconf 91' lang='lat' dir='ltr'>cum</span> <span class='ocrx_word' id='word_1_311' title='bbox 723 2531 922 2579; x_wconf 84' lang='lat' dir='ltr'>Apostolo</span> <span class='ocrx_word' id='word_1_312' title='bbox 962 2538 999 2566; x_wconf 87' lang='lat' dir='ltr'>et</span> <span class='ocrx_word' id='word_1_313' title='bbox 1038 2529 1228 2566; x_wconf 84' lang='lat' dir='ltr'>Martino.</span> <span class='ocrx_word' id='word_1_314' title='bbox 1276 2529 1316 2565; x_wconf 87' lang='lat' dir='ltr'>Si</span> <span class='ocrx_word' id='word_1_315' title='bbox 1357 2528 1462 2565; x_wconf 88' lang='lat' dir='ltr'>enirn</span> 
     </span>
     <span class='ocr_line' id='line_1_40' title="bbox 143 2587 1463 2640; baseline -0.004 -13"><span class='ocrx_word' id='word_1_316' title='bbox 143 2603 252 2640; x_wconf 89' lang='lat' dir='ltr'>spem</span> <span class='ocrx_word' id='word_1_317' title='bbox 301 2600 451 2627; x_wconf 86' lang='lat' dir='ltr'>certam</span> <span class='ocrx_word' id='word_1_318' title='bbox 491 2591 640 2627; x_wconf 89' lang='lat' dir='ltr'>habent</span> <span class='ocrx_word' id='word_1_319' title='bbox 681 2591 728 2626; x_wconf 90' lang='lat' dir='ltr'>de</span> <span class='ocrx_word' id='word_1_320' title='bbox 773 2588 972 2637; x_wconf 86' lang='lat' dir='ltr'>superiori</span> <span class='ocrx_word' id='word_1_321' title='bbox 1016 2587 1097 2625; x_wconf 86' lang='lat' dir='ltr'>vita</span> <span class='ocrx_word' id='word_1_322' title='bbox 1142 2596 1232 2636; x_wconf 91' lang='lat' dir='ltr'>post</span> <span class='ocrx_word' id='word_1_323' title='bbox 1278 2596 1463 2632; x_wconf 87' lang='lat' dir='ltr'>mortem,</span> 
     </span>
    </p>
   </div>
   <div class='ocr_carea' id='block_1_3' title="bbox 83 2645 1464 2698">
    <p class='ocr_par' dir='ltr' id='par_1_7' title="bbox 83 2645 1464 2698">
     <span class='ocr_line' id='line_1_41' title="bbox 83 2645 1464 2698; baseline -0.004 -12"><span class='ocrx_word' id='word_1_324' title='bbox 83 2666 128 2696; x_wconf 80' lang='lat'>40</span> <span class='ocrx_word' id='word_1_325' title='bbox 144 2650 272 2698; x_wconf 85' lang='lat' dir='ltr'>ipsam</span> <span class='ocrx_word' id='word_1_326' title='bbox 313 2649 436 2686; x_wconf 70' lang='lat' dir='ltr'>vitam</span> <span class='ocrx_word' id='word_1_327' title='bbox 477 2649 621 2685; x_wconf 90' lang='lat' dir='ltr'>debent</span> <span class='ocrx_word' id='word_1_328' title='bbox 656 2647 933 2685; x_wconf 86' lang='lat' dir='ltr'>desideranter</span> <span class='ocrx_word' id='word_1_329' title='bbox 966 2655 1170 2695; x_wconf 86' lang='lat' dir='ltr'>appetere.</span> <span class='ocrx_word' id='word_1_330' title='bbox 1219 2645 1318 2691; x_wconf 88' lang='lat' dir='ltr'>Quis</span> <span class='ocrx_word' id='word_1_331' title='bbox 1358 2645 1464 2681; x_wconf 89' lang='lat' dir='ltr'>enim</span> 
     </span>
    </p>
   </div>
   <div class='ocr_carea' id='block_1_4' title="bbox 213 2802 985 2843">
    <p class='ocr_par' dir='ltr' id='par_1_8' title="bbox 213 2802 985 2843">
     <span class='ocr_line' id='line_1_42' title="bbox 213 2802 985 2843; baseline -0.003 -7"><span class='ocrx_word' id='word_1_332' title='bbox 213 2807 258 2836; x_wconf 79' lang='lat'>38.</span> <span class='ocrx_word' id='word_1_333' title='bbox 280 2808 432 2842; x_wconf 61' lang='lat' dir='ltr'>Martium</span> <span class='ocrx_word' id='word_1_334' title='bbox 455 2808 541 2836; x_wconf 88' lang='lat' dir='ltr'>cod.:</span> <span class='ocrx_word' id='word_1_335' title='bbox 563 2815 652 2838; x_wconf 81' lang='lat' dir='ltr'>mar:</span> <span class='ocrx_word' id='word_1_336' title='bbox 676 2807 819 2843; x_wconf 78' lang='lat' dir='ltr'>proxima</span> <span class='ocrx_word' id='word_1_337' title='bbox 841 2807 911 2835; x_wconf 85' lang='lat' dir='ltr'>lin.:</span> <span class='ocrx_word' id='word_1_338' title='bbox 932 2802 985 2834; x_wconf 77' lang='lat' dir='ltr'>ti&#39;o.</span> 
     </span>
    </p>
   </div>
   <div class='ocr_carea' id='block_1_5' title="bbox 216 2903 953 2946">
    <p class='ocr_par' dir='ltr' id='par_1_9' title="bbox 216 2903 953 2946">
     <span class='ocr_line' id='line_1_43' title="bbox 216 2903 953 2946; baseline -0.004 -8"><span class='ocrx_word' id='word_1_339' title='bbox 216 2905 245 2938; x_wconf 84' lang='lat'>3.</span> <span class='ocrx_word' id='word_1_340' title='bbox 274 2907 296 2938; x_wconf 87' lang='lat'>1.</span> <span class='ocrx_word' id='word_1_341' title='bbox 325 2906 403 2937; x_wconf 82' lang='lat' dir='ltr'>Cor.</span> <span class='ocrx_word' id='word_1_342' title='bbox 434 2905 476 2944; x_wconf 88' lang='lat' dir='ltr'>X,</span> <span class='ocrx_word' id='word_1_343' title='bbox 501 2916 550 2938; x_wconf 76' lang='grc' dir='ltr'>ιι.</span> <span class='ocrx_word' id='word_1_344' title='bbox 649 2904 701 2937; x_wconf 79' lang='grc'>38.</span> <span class='ocrx_word' id='word_1_345' title='bbox 729 2904 821 2937; x_wconf 85' lang='lat' dir='ltr'>Phil.</span> <span class='ocrx_word' id='word_1_346' title='bbox 850 2905 873 2946; x_wconf 79' lang='grc' dir='ltr'>Ι,</span> <span class='ocrx_word' id='word_1_347' title='bbox 901 2903 953 2935; x_wconf 81' lang='lat'>23.</span> 
     </span>
    </p>
   </div>
  </div>
 </body>
</html>
