1944 3323
165 243 302 273 SERMO
318 231 476 290 xxvnt]
656 243 830 276 TERT1A
856 244 982 276 PARS.

160 353 291 390 verbis
333 365 560 402 expressam
600 351 844 401 peticionem
892 351 1112 388 elemosine
1155 351 1400 399 corporalis:
1448 361 1485 388 et

161 412 230 448 illo
274 413 396 448 modo
436 410 604 449 concedi
645 411 762 446 debet
802 411 911 459 quod
951 410 1083 446 omnis
1116 409 1247 446 viator
1281 409 1485 446 mendicat

161 483 184 507 a
229 470 424 516 Domin03
477 469 603 505 immo
654 468 848 505 innuitive
898 469 959 505 vel
1011 467 1250 505 insinuative
1296 468 1486 504 dicuntur

161 528 389 577 superiores
423 541 445 565 a
477 527 558 564 suis
590 526 784 570 subditis3
819 528 888 563 sed
921 529 1100 575 aptando
1125 526 1483 575 equivocacionem

128 587 431 636 5pertinentern
465 587 515 623 ad
549 594 699 622 statum
735 585 902 622 ecclesie
936 585 1161 632 militantis,
1196 585 1343 622 dicitur
1377 586 1485 634 quod

163 645 395 682 mendicare
439 653 498 681 est
542 656 712 692 egenum
758 653 890 692 preter
929 644 1093 680 titulum
1135 643 1328 680 mundani
1363 643 1485 680 debiti

162 713 304 741 contra
347 702 591 751 temporalia
635 715 709 751 pro
754 715 825 739 sua
870 702 1121 740 relevacione
1164 714 1350 751 expressa
1388 715 1486 739 voce

162 761 341 799 sensibili
375 761 595 810 postulare.
629 763 678 797 Et
701 761 757 798 sic
782 770 864 798 tam
890 761 1072 798 Christus
1106 760 1339 797 humanitus
1363 773 1485 809 quam

163 833 276 870 reges
322 829 359 857 et
403 819 607 869 principes
654 829 691 856 et
736 833 878 857 omnes
923 819 1077 856 viantes
1122 819 1420 856 necessitantur
1464 832 1486 856 a

108 900 147 921 10
164 878 340 916 Domino
386 877 631 915 mendicare.
684 880 732 914 Et
777 879 832 915 sic
872 887 930 915 est
970 879 1018 914 de
1059 877 1195 914 multis
1235 877 1324 914 aliis
1363 877 1495 925 signis

163 937 398 986 analogicis,
423 937 463 973 in
488 937 632 986 quibus
656 936 792 985 ydiote
822 937 1055 985 ignorantes
1085 937 1309 973 summulas
1340 936 1486 973 stolide

162 997 406 1033 fabulantur.
465 997 766 1044 Cognoscerent
814 995 920 1032 enim
969 994 1154 1044 inprimis
1194 996 1303 1043 quod
1342 995 1487 1043 triplex

163 1064 220 1092 est
253 1056 402 1103 gradus
436 1053 774 1103 equivocacionis,
809 1053 962 1091 scilicet
994 1053 1034 1090 in
1067 1053 1262 1101 analogis,
1296 1053 1335 1089 in
1369 1065 1486 1101 gene-

162 1113 286 1159 ribus,
321 1113 362 1149 in
396 1112 669 1161 cuiuscunque
703 1125 842 1149 sensus
876 1111 1262 1161 discrepacionibus.

108 1183 145 1215 15
221 1171 285 1209 Sic
319 1171 425 1208 enim
460 1170 754 1220 equivocarunt
787 1171 985 1208 Dominus
1020 1180 1057 1208 et
1090 1170 1285 1219 Baptista,
1321 1171 1484 1218 quando

162 1230 361 1267 Dominus
394 1229 491 1266 dixit
515 1229 738 1278 Baptistam
773 1242 858 1266 esse
893 1230 1050 1266 Heliam
1085 1238 1122 1266 et
1151 1229 1331 1278 Baptista
1364 1229 1483 1265 verba

162 1288 230 1325 illa
262 1301 343 1325 non
376 1301 536 1325 sensum
572 1288 735 1325 Domini
769 1288 994 1336 abnegavit.

221 1348 407 1384 Secundo
432 1356 722 1395 cognoscerent
738 1349 846 1396 quod
862 1348 912 1383 ad
935 1345 1308 1384 contradiccionem
1325 1354 1486 1394 oportet

163 1405 520 1454 equivocacionem
537 1406 658 1442 talem
676 1405 763 1442 tolli
779 1409 836 1451 (ut
852 1405 1485 1454 patetprimoElenchorum,III⁰

106 1485 147 1507 20
164 1464 376 1513 capitulo);
411 1473 447 1500 et
471 1463 597 1500 tercio
630 1473 819 1501 notarent
852 1464 1076 1500 summulas
1109 1476 1344 1513 puerorum,
1377 1472 1486 1499 ante-

164 1535 286 1571 quam
331 1523 431 1559 tales
478 1522 591 1558 inscii
631 1524 895 1559 corroderent
934 1521 1200 1571 peripsimata
1241 1521 1486 1570 scriptorum

165 1581 375 1617 hominum
410 1593 485 1629 que
514 1580 715 1629 ignorant,
748 1590 789 1617 ut
820 1581 985 1629 quidam
1019 1581 1162 1617 fratres
1196 1580 1326 1628 ignari
1359 1579 1488 1627 logice

164 1639 428 1688 peripsimata
481 1639 695 1676 scolastica
749 1640 1010 1676 corrodentes
1062 1640 1239 1676 clamant
1284 1638 1325 1674 in
1368 1637 1488 1674 scolis

164 1699 274 1746 quod
307 1699 506 1735 seculares
537 1699 723 1735 doctores
745 1707 956 1747 tamquam
990 1699 1220 1734 sacerdotes
1254 1706 1488 1734 accusantes

108 1766 147 1798 25
165 1758 393 1793 Susannam
434 1757 579 1792 debent
619 1758 667 1793 ab
708 1756 879 1793 invicem
921 1756 1102 1805 separari
1144 1765 1181 1792 et
1215 1765 1310 1792 tunc
1350 1755 1485 1791 statim

165 1818 222 1860 (ut
255 1814 458 1863 inquiunt)
495 1827 635 1851 eorum
672 1815 946 1863 repugnancia
980 1816 1097 1851 debet
1130 1814 1256 1851 nosci.

223 1875 414 1921 Ignorant
437 1873 601 1921 quidem
634 1873 689 1909 hii
722 1873 811 1910 falsi
844 1873 986 1910 fratres
1011 1874 1218 1922 quomodo
1251 1871 1487 1921 ignorancia

167 1944 211 1968 ex
250 1931 463 1968 summulis
503 1931 725 1980 puerilibus
764 1933 882 1968 debet
922 1932 1024 1980 capi.
1079 1934 1270 1979 Ignorant
1310 1931 1486 1967 secundo

167 2002 211 2026 ex
254 1989 482 2027 nutricione
528 1990 567 2026 in
615 1990 763 2026 simiali
808 1990 986 2038 argucia,
1029 1990 1069 2026 in
1109 2003 1187 2039 qua
1229 1991 1276 2026 ab
1318 1988 1487 2025 introitu

111 2058 152 2090 30
166 2061 239 2085 suo
292 2048 332 2084 in
381 2048 617 2097 religionem
669 2048 853 2086 frivolam
909 2050 1144 2094 educantur,
1197 2049 1405 2097 quomodo
1457 2047 1485 2083 si

169 2108 356 2144 doctores
400 2106 525 2143 instar
568 2106 767 2155 scripture
817 2119 929 2143 sacre
979 2107 1019 2143 in
1058 2107 1188 2144 verbis
1234 2106 1487 2155 equivocam,

167 2174 262 2202 tunc
295 2165 519 2202 adulterine
551 2174 758 2214 tamquam
793 2167 1023 2202 sacerdotes
1053 2166 1232 2202 volentes
1261 2167 1486 2202 Susannam

169 2235 412 2271 cognoscere
457 2223 618 2260 sibimet
663 2223 959 2260 contradicunt.
1008 2225 1085 2260 Sed
1130 2224 1319 2272 ignorant
1362 2223 1488 2259 tercio

167 2281 393 2318 nuditatem
439 2281 619 2319 criminis
663 2282 819 2330 proprii
864 2284 1072 2331 quomodo
1118 2284 1198 2318 duo
1243 2283 1385 2318 fratres
1432 2286 1488 2326 (ut

111 2351 151 2383 35
166 2340 307 2385 fertur)
340 2352 462 2376 unam
498 2340 751 2377 meretricem
785 2340 907 2377 simul
941 2343 1217 2377 conduxerant
1255 2342 1302 2376 de
1335 2339 1488 2388 rapinis

169 2411 268 2446 quas
313 2399 362 2434 ab
408 2397 542 2446 egenis
585 2408 817 2447 rapuerant,
870 2408 907 2435 et
953 2399 1046 2436 villa
1092 2412 1172 2435 non
1216 2398 1389 2435 distante
1438 2399 1486 2434 ab

168 2455 324 2492 Oxonia
358 2468 428 2504 per
462 2457 600 2493 decern
635 2456 745 2493 milia
778 2457 932 2494 facinus
965 2458 1071 2494 istud
1112 2456 1339 2505 percipiens
1371 2456 1487 2504 fregit

166 2515 272 2550 fores
312 2523 349 2550 et
389 2514 517 2562 captis
555 2515 746 2551 fratribus
785 2516 962 2564 suscepit
1002 2515 1256 2552 meretricem
1290 2515 1330 2551 in
1364 2516 1486 2551 domo

166 2581 389 2609 stercorum
415 2572 666 2619 delitentem3
701 2582 738 2610 et
761 2573 1105 2622 interrogaciones
1139 2587 1184 2610 ac
1217 2573 1487 2610 confessiones

237 2731 265 2758 6.
285 2731 319 2758 In
340 2738 453 2765 marg:
476 2730 559 2765 Quid
580 2735 626 2757 est
646 2730 843 2759 mendicare?
930 2740 968 2759 12.
990 2732 1086 2759 Cod.:
1108 2732 1308 2759 famulantur.
1396 2731 1431 2759 15.
1453 2732 1485 2758 Iu

167 2774 281 2801 marg:
303 2765 432 2801 Triplex
452 2765 567 2800 gradus
587 2766 848 2800 equivocacionis.
959 2766 1001 2794 23.
1024 2766 1118 2794 Cod.:
1148 2768 1296 2797 scolasta:
1327 2767 1366 2793 ib.
1390 2767 1484 2793 Cod:

169 2801 328 2828 sclamant.
403 2808 447 2835 27.
468 2800 501 2827 In
523 2808 638 2835 marg:
661 2808 680 2827 1.
754 2800 799 2828 28.
822 2802 856 2829 Iu
878 2809 993 2837 marg:
1015 2809 1039 2829 2.
1115 2801 1157 2830 33.
1179 2803 1211 2830 Iu
1234 2810 1350 2837 marg:
1371 2800 1397 2829 3.

243 2894 291 2928 16.
318 2895 371 2928 Cf.
390 2895 610 2938 Trialogum,
636 2905 715 2939 pag.
744 2897 820 2940 273,
849 2907 926 2939 274.

1691 245 1770 283 219

1517 1350 1644 1389 Foolis-li
1666 1351 1766 1378 attack

1539 1388 1569 1413 01
1590 1389 1682 1413 triars
1703 1394 1741 1412 on

1502 1421 1621 1448 secular
1641 1421 1777 1448 doctors.

1508 1878 1604 1905 Tlieir
1624 1877 1778 1913 quibblcs.

1511 2229 1751 2257 (Louutcrattack
1767 2239 1772 2256 :

1528 2274 1543 2291 a
1565 2269 1666 2291 recem
1687 2273 1755 2291 cast.-

1515 2300 1550 2327 of
1567 2299 1768 2334 immoralily.
