1944 3323
144 243 225 289 486

195 366 361 392 Answers:

205 399 272 427 Thc
293 401 357 427 first

145 433 296 465 obiection
313 434 415 462 would

180 470 305 506 destroy
326 470 376 496 the

176 504 240 531 unit
281 504 316 532 of
332 504 382 531 the

213 513 347 567 Cliurch.

155 712 222 740 The
243 713 355 740 second
377 713 402 740 is

152 748 266 784 simply
287 748 410 775 foolish.

187 886 254 914 The
275 888 371 914 moral

145 921 259 949 virtues
280 927 363 949 must
383 922 418 949 be

144 957 363 992 accompanied
381 957 418 984 bv

154 991 203 1018 the
223 989 408 1019 intellectual

150 1025 249 1053 which
272 1026 354 1053 shew
376 1035 411 1053 us

150 1060 199 1087 the
219 1061 301 1088 chief
317 1062 407 1097 good.

729 248 957 280 JOHANNIS
975 250 1160 282 WYCLIF
1179 249 1435 282 SERMONUM
1490 236 1643 294 [SERMO
1665 248 1742 276 LVI.

491 355 647 392 Primus
686 354 866 392 obiectus
906 364 964 392 est
996 355 1308 407 infidelissimus,
1342 356 1434 405 quia
1467 357 1625 393 tolleret
1658 357 1744 394 uni-

431 423 554 450 tatem
606 413 788 461 corporis
839 413 1005 450 ecclesie
1057 423 1093 450 et
1146 426 1217 462 per
1267 427 1515 463 consequens
1560 415 1742 452 omnium

432 485 597 509 suorum
638 471 926 509 accidencium.
968 473 1152 509 Secunda
1192 481 1324 509 autem
1359 473 1555 510 instancia
1588 482 1644 509 est
1677 486 1744 522 pa—

432 529 585 566 tencius
609 530 730 575 fatua,
766 542 855 566 cum
884 529 1042 578 ignorat
1067 532 1273 579 quomodo
1297 532 1540 580 quadratum
1576 531 1745 567 circum-

435 587 611 637 positum
661 600 864 635 gnomone
915 588 1050 635 crevit,
1103 588 1206 625 sicut
1250 590 1389 637 vulgus
1433 601 1524 626 vere
1571 589 1776 637 concipitf)

434 647 639 695 quomodo
673 658 836 682 acervus
868 647 928 683 vel
968 648 1151 683 cumulus
1187 659 1279 684 vere
1312 646 1447 684 crevit.
1481 650 1585 695 Ergo
1619 648 1745 684 multo

434 703 560 751 magis
585 703 731 740 caritas
765 717 930 741 manens
963 705 1152 741 continue
1174 705 1279 741 idem
1315 705 1494 742 subiecto
1528 714 1564 742 et
1588 705 1745 742 obiecto

433 770 565 810 potest
608 761 648 797 in
693 762 957 799 distinccione
1001 771 1037 799 et
1080 763 1308 800 intencione
1347 763 1431 800 sine
1469 763 1746 812 adquisicione

433 833 595 857 suarum
630 820 810 868 parcium
848 820 1054 857 maiorari.

491 879 568 915 Sed
614 878 707 927 quia
751 878 875 915 virtus
921 879 1085 915 moralis
1131 892 1211 915 non
1258 879 1418 927 proficit
1468 879 1552 916 sine
1599 879 1802 917 virtutem

433 936 693 973 intellectuali
725 949 798 973 nec
832 946 1009 983 econtra,
1034 937 1136 974 sicut
1158 950 1231 973 nec
1253 938 1358 974 valet
1381 937 1546 974 affectus
1570 937 1744 974 hominis

433 994 517 1031 sine
555 994 762 1031 intellectu
800 1007 873 1031 nec
913 1004 1090 1041 econtra,
1136 995 1226 1031 ideo
1271 995 1475 1043 subiungit
1506 996 1743 1044 Apostolus:

433 1060 472 1088 ut
510 1053 704 1089 habundet
741 1053 884 1089 caritas
923 1061 1050 1090 vestra
1090 1054 1125 1089 in
1158 1054 1319 1090 sciencia
1353 1061 1387 1090 et
1420 1054 1454 1089 in
1489 1054 1592 1090 omni
1621 1066 1743 1090 sensu.

433 1113 475 1147 In
519 1110 693 1147 sciencia
737 1113 870 1160 quoad
916 1111 1202 1159 speculativam
1248 1111 1440 1148 noticiam
1482 1120 1519 1148 et
1559 1111 1597 1147 in
1636 1111 1745 1148 omni

432 1181 548 1205 sensu
593 1170 727 1217 quoad
771 1169 963 1206 noticiam
1013 1169 1234 1217 practicam
1282 1171 1331 1206 ad
1376 1182 1498 1218 opera
1543 1169 1802 1207 sensibilia15

433 1226 685 1275 dirigentem.
733 1228 835 1264 Ceca
875 1227 1036 1276 quidem
1077 1228 1179 1264 foret
1212 1227 1357 1264 caritas
1389 1227 1465 1264 nisi
1497 1228 1615 1264 sciret
1648 1240 1745 1276 quo-

435 1286 555 1321 modo
593 1293 650 1321 est
684 1287 788 1321 Deus
828 1294 865 1321 et
903 1287 1109 1334 quomodo
1155 1294 1213 1322 est
1261 1285 1464 1333 proximus
1509 1285 1744 1333 diligendus.

432 1342 539 1379 Finis
574 1352 706 1379 autem
741 1343 1021 1380 habundancie
1055 1343 1233 1380 caritatis
1267 1352 1386 1391 atque
1419 1343 1566 1380 noticie
1599 1352 1668 1389 est,
1704 1352 1747 1379 ut

433 1401 664 1449 pocioribus
705 1401 874 1449 cognitis
914 1401 999 1449 ipsa
1039 1401 1188 1438 relictis
1229 1401 1359 1437 minus
1401 1401 1515 1437 bonis
1561 1401 1745 1438 effectua-

432 1459 523 1495 liter
546 1460 834 1507 approbentur,
869 1460 962 1508 quia
996 1472 1067 1495 non
1101 1459 1349 1495 mediocriter
1372 1467 1507 1509 peccat
1530 1460 1595 1508 qui
1620 1460 1747 1509 magis
1763 1475 1803 1496 20

433 1517 527 1553 hono
567 1517 729 1565 cognito
769 1526 806 1553 et
846 1530 945 1566 eque
978 1517 1085 1554 facili
1125 1517 1379 1565 cognoscenti
1425 1518 1492 1554 illo
1531 1518 1745 1567 postposito

432 1575 577 1624 appetit
600 1576 724 1611 minus
745 1576 897 1621 bonum,
922 1575 1015 1624 quia
1039 1588 1108 1623 per
1131 1575 1236 1612 idem
1270 1575 1407 1612 liceret
1430 1578 1557 1612 Deum
1582 1584 1746 1623 propter

436 1632 566 1669 minus
599 1635 749 1669 bonum
785 1633 914 1670 maius
948 1635 1097 1670 bonum
1122 1635 1316 1678 deserere,
1342 1646 1430 1670 cum
1454 1633 1494 1670 in
1518 1633 1746 1670 maioritate

433 1691 527 1727 boni
577 1692 727 1728 relucet
771 1691 974 1739 sapiencia
1014 1691 1084 1728 Dei
1129 1691 1269 1737 nostri,
1316 1691 1371 1728 sic
1418 1693 1525 1740 quod
1570 1691 1635 1727 ille
1679 1691 1746 1739 qui

434 1761 523 1784 cum
558 1749 642 1785 istis
675 1748 837 1797 paribus
871 1749 1000 1798 ipsum
1037 1749 1166 1786 maius
1195 1751 1343 1786 bonum
1370 1749 1530 1795 deserit,
1564 1750 1611 1785 de
1634 1758 1745 1785 tanto
1762 1754 1801 1785 25

435 1806 580 1842 deserit
603 1807 858 1843 Trinitatem.
894 1809 993 1844 Nam
1028 1807 1067 1843 in
1101 1809 1175 1843 hoc
1210 1809 1315 1856 quod
1350 1807 1545 1843 Dominus
1578 1809 1645 1843 dat
1677 1820 1746 1855 po-

434 1864 606 1901 tenciam
648 1866 697 1901 ad
738 1865 866 1901 maius
905 1867 1052 1901 bonum
1094 1878 1193 1914 eque
1234 1865 1402 1902 faciliter
1442 1864 1746 1913 acquirendum,

434 1923 659 1958 ostenditur
703 1923 888 1971 potencia
922 1923 992 1959 Dei
1037 1923 1176 1971 patris,
1226 1932 1262 1959 et
1307 1923 1346 1958 in
1386 1923 1461 1959 hoc
1500 1924 1607 1971 quod
1640 1925 1746 1959 Deus

434 1981 501 2016 dat
549 1980 794 2028 sapienciam
853 1982 902 2017 ad
955 1981 1248 2029 proficiendum
1303 1989 1338 2017 et
1399 1982 1657 2017 crescendum
1706 1979 1745 2016 in

432 2037 590 2083 virtute,
625 2038 851 2075 ostenditur
883 2039 1088 2087 sapiencia
1127 2039 1235 2075 verbi
1270 2038 1354 2081 Dei,
1390 2047 1426 2075 et
1459 2039 1497 2074 in
1531 2039 1605 2075 hoc
1638 2039 1745 2087 quod
1761 2044 1802 2076 30

434 2099 538 2132 Deus
571 2104 653 2132 tan]
688 2096 809 2144 gratis
842 2096 958 2132 offert
990 2097 1143 2133 homini
1177 2096 1302 2144 magis
1335 2098 1498 2143 bonum,
1522 2096 1747 2133 ostenditur

434 2154 716 2190 benevolencia
741 2154 913 2202 Spiritus
938 2155 1086 2191 Sancti.
1124 2157 1171 2190 Et
1201 2154 1256 2191 sic
1279 2163 1362 2191 tota
1381 2154 1557 2191 Trinitas
1581 2155 1744 2191 stultum

433 2211 472 2246 in
513 2211 713 2248 eleccione
752 2212 982 2249 huiusmodi
1023 2212 1144 2260 gratis
1184 2214 1390 2260 dampnat,
1432 2222 1467 2249 et
1510 2212 1541 2248 si
1572 2212 1745 2248 viatores

433 2282 505 2317 pro
550 2278 732 2317 tempore
773 2269 831 2306 vie
871 2270 926 2306 sic
968 2272 1196 2318 approbant
1236 2269 1414 2318 pociora,
1458 2283 1539 2306 non
1580 2270 1743 2306 dubium

434 2326 529 2375 quin
562 2336 656 2363 tunc
690 2327 728 2362 in
763 2327 826 2364 die
868 2327 1004 2364 iudicii
1040 2337 1155 2364 erunt
1188 2328 1272 2364 sine
1306 2327 1473 2364 crimine
1505 2328 1545 2364 in
1579 2340 1618 2364 se
1651 2327 1745 2376 ipsis
1761 2331 1800 2364 35

434 2394 470 2420 et
504 2384 587 2421 sine
620 2385 770 2421 offensa
784 2414 1743 2424 .......................

491 2502 591 2536 Nam
638 2500 768 2536 omnis
813 2502 951 2537 beatus
997 2510 1053 2537 est
1096 2510 1185 2549 post
1224 2501 1334 2537 illum
1375 2501 1478 2537 diem
1524 2503 1742 2537 secundum

434 2557 668 2605 capacitatis
708 2570 777 2594 sue
815 2558 1000 2595 ultimum
1042 2558 1227 2605 saciatus,
1274 2558 1366 2607 quia
1405 2560 1452 2595 de
1500 2558 1743 2596 beatitudine

433 2614 669 2652 accidentali
716 2615 861 2652 dicitur
895 2618 998 2653 Luce
1032 2619 1116 2662 V10,
1160 2617 1228 2653 38:
1273 2617 1497 2652 ‚Mensarum
1536 2618 1670 2653 bonam
1710 2624 1800 2661 et4o

468 2783 472 2787 ⁸
502 2757 520 2787 ¹:
543 2749 574 2775 In
597 2757 710 2786 marga
732 2748 915 2788 Responsio.
991 2759 1024 2777 11.
1046 2750 1139 2777 Cod.:
1169 2746 1317 2777 intellecti.
1393 2750 1433 2777 35.
1456 2750 1550 2777 Cod.:
1579 2750 1642 2777 sine
1663 2750 1742 2777 carie

432 2792 569 2811 crimine.
643 2783 688 2811 30.
712 2784 859 2819 Spacmm
881 2784 972 2812 unius
994 2785 1069 2812 linec
1090 2793 1230 2812 vacuum.

506 2866 555 2898 13.
583 2867 606 2898 Ι.
626 2866 713 2898 Phil.
731 2877 762 2910 9.
862 2878 915 2900 20.
945 2868 1079 2899 Decreti
1108 2869 1206 2899 tertia
1234 2878 1327 2910 pars,
1356 2869 1433 2900 dist.
1456 2869 1494 2909 V,
1522 2878 1595 2910 cap.
1616 2868 1740 2900 XXIV.
