1944 3323
101 264 151 310 98

682 268 901 300 JOHANle
919 269 1101 300 W‘chr
1119 269 1371 302 SERMONUM
1441 255 1594 314 [SERMO
1617 267 1699 294 xm.

387 374 530 423 aliquis
554 375 691 410 tribuit
716 378 798 410 Deo
824 376 987 419 malum⁷
1013 384 1105 410 tunc
1130 384 1268 422 peccat
1292 375 1533 412 offendendo
1557 375 1700 423 ipsum,

97 444 155 470 and
179 442 423 474 inomininget
463 446 532 480 per
571 445 820 480 consequens
863 435 969 468 Deus
1014 445 1056 468 ex
1101 445 1171 468 sua
1211 432 1368 468 iusticia
1409 433 1589 469 retribuit
1628 433 1699 469 sibi

109 484 137 505 10
160 479 271 513 punish
295 478 342 504 (ἆυ

121 513 220 540 would
245 517 345 539 return

127 549 182 575 exil
205 550 253 574 tor
272 549 339 574 exil.

128 736 158 762 ln
180 735 337 768 returuiug

140 771 196 796 evil
219 778 234 795 a
256 778 326 796 man

98 810 292 839 exasperatus
315 805 361 831 his

146 841 323 874 adxcrsary,

104 1207 136 1225 a<
158 1199 182 1225 is
203 1199 358 1225 instanced

134 1234 162 1260 iu
185 1234 234 1260 the
257 1242 334 1260 war>

164 1269 297 1295 between

124 1303 261 1336 Euglaud
284 1304 342 1330 and

175 1337 300 1365 Fixiuce.

134 1663 336 1696 l³nrgivencss

123 1699 227 1732 brings
251 1698 345 1724 better

135 1733 244 1759 results
265 1733 335 1758 thau

147 1768 326 1793 retaliuliou.

148 2298 326 2333 vengeance

103 2335 228 2366 lwlungs
245 2338 275 2359 ῐι)
291 2332 371 2358 (lod.

135 2530 216 2557 True
236 2530 293 2555 law
314 2528 339 2554 is

197 2565 276 2590 (iod.

388 495 561 538 penam),
588 500 623 526 et
657 503 746 526 cum
779 490 845 526 illa
870 503 969 538 pena
993 490 1042 525 sit
1066 490 1168 526 iusta
1192 499 1227 526 et
1252 491 1355 526 bona
1379 490 1504 526 eciam
1530 491 1699 538 pacienti

385 557 441 586 (ut
467 548 528 584 hic
553 548 821 596 supponitur),
846 557 955 595 patet
981 548 1198 584 conclusio.
1224 550 1329 584 Deus
1346 548 1449 584 enim
1470 562 1548 584 non
1565 558 1698 596 potest

385 620 424 642 se
466 606 668 641 continere
708 619 797 641 cum
838 605 913 641 isto
952 614 1118 653 peccato
1157 618 1205 642 ne
1244 605 1396 654 puniat,
1447 607 1513 642 sed
1555 606 1584 642 si
1626 607 1701 642 hoc

387 664 532 699 faceret
568 663 792 699 omittendo
826 663 1039 709 iusticiam,
1074 664 1224 699 malum
1258 677 1330 711 pro
1365 664 1471 700 malo
1505 665 1699 700 redderet.

444 724 554 763 Item,
588 721 815 769 quicunque
850 722 997 757 malum
1033 734 1105 769 pro
1145 722 1252 757 malo
1290 721 1507 758 reddiderit
1548 723 1699 758 hostem

386 780 434 814 ad
471 779 596 814 maius
632 779 781 815 malum
816 788 1021 827 exasperat
1055 788 1092 815 et
1124 792 1164 815 se
1197 779 1326 827 ipsum
1361 792 1382 816 a
1418 781 1525 815 bono
1566 779 1697 815 meriti

387 838 490 884 apud
527 839 652 872 Deum
694 837 974 884 dampnificatss,
1015 849 1103 873 cum
1138 850 1256 873 nemo
1290 838 1406 873 debet
1439 838 1540 874 hanc
1573 838 1697 884 legem

388 894 641 930 maledictam
689 894 868 943 implere.
920 897 1179 943 Assumptum
1232 904 1340 943 patet
1386 907 1429 931 ex
1473 896 1548 931 hoc
1594 897 1699 943 quod

385 965 504 988 nemo
536 954 655 988 habet
689 952 941 989 occasionem
973 954 1032 989 vel
1069 953 1314 989 evidenciam
1344 953 1595 1001 probabilem
1629 966 1698 989 no-

387 1010 500 1046 cendi
540 1010 736 1058 proximo,
781 1010 856 1046 nisi
901 1019 1065 1058 propter
1108 1010 1294 1047 iniuriam
1337 1024 1456 1059 quam
1497 1010 1701 1059 proximus

386 1068 458 1103 sibi
496 1067 633 1112 infert3
674 1077 933 1115 augmentata
970 1081 1062 1116 ergo
1098 1069 1158 1105 vel
1187 1068 1375 1105 innovata
1414 1068 1559 1104 iniuria
1589 1068 1701 1105 inno-

384 1135 499 1162 vatur
532 1126 691 1162 occasio
725 1127 814 1174 plus
846 1126 1030 1163 nocendi.
1068 1127 1181 1163 Unde
1220 1128 1413 1163 audenter
1436 1139 1570 1163 assero
1594 1127 1700 1175 quod

385 1197 590 1232 nunquam
626 1184 728 1220 inter
761 1197 925 1231 regnum
950 1183 1090 1232 Anglie
1124 1193 1160 1221 et
1184 1184 1349 1221 Francie
1382 1184 1518 1221 fuisset
1552 1185 1697 1220 bellum

385 1251 464 1278 tam
508 1241 573 1277 diu
612 1242 888 1278 continuatum
929 1241 1004 1277 nisi
1050 1252 1214 1290 propter
1258 1242 1422 1279 iniurias
1467 1242 1701 1279 altrinsecus

385 1299 612 1345 innovatas3
665 1308 831 1347 peccant
883 1313 975 1347 ergo
1029 1300 1161 1336 clerici
1213 1309 1249 1336 et
1299 1300 1441 1348 prelati
1493 1300 1700 1348 utriusque

387 1357 494 1404 regni
534 1357 600 1405 qui
640 1358 757 1405 plane
797 1367 833 1394 et
871 1370 1010 1406 aspere
1048 1371 1128 1394 non
1168 1357 1375 1406 predicant
1413 1357 1532 1394 istam
1567 1358 1698 1394 fidem.

387 1417 435 1451 Et
479 1416 613 1463 quoad
657 1417 871 1451 secundam
920 1425 1075 1463 partem
1121 1415 1316 1464 assumpti
1361 1424 1470 1463 patet
1504 1417 1609 1464 quod
1657 1428 1700 1452 ex

386 1472 604 1509 omissione
644 1472 734 1509 fidei
779 1472 891 1509 istius
937 1473 1112 1521 practice
1156 1473 1303 1510 amittit
1345 1473 1472 1509 fidelis
1513 1473 1697 1510 meritum

388 1530 678 1576 tribulacionis7
719 1532 825 1578 quod
860 1531 960 1567 foret
999 1531 1072 1567 sibi
1117 1531 1366 1579 prestancius
1405 1544 1523 1579 quam
1565 1531 1700 1567 onmia

387 1590 491 1625 bona
525 1588 764 1636 temporalia
799 1589 914 1625 huius
948 1589 1100 1625 mundi.

446 1649 555 1692 Item,
606 1646 694 1682 finis
744 1646 920 1694 optimus
971 1659 1014 1683 ex
1066 1646 1298 1683 reddicione
1349 1647 1442 1683 mali
1494 1646 1700 1695 reciproca

388 1704 487 1740 foret
519 1704 743 1740 vindicacio
777 1704 941 1752 propria
974 1705 1034 1741 vel
1067 1704 1285 1752 mitigacio,
1320 1717 1368 1741 ne
1401 1704 1526 1740 hostis
1558 1704 1700 1740 inferat

388 1762 515 1798 maius
550 1763 713 1807 malum,
748 1764 816 1798 sed
840 1763 928 1798 finis
960 1762 1186 1799 necessario
1219 1775 1388 1811 sequens
1422 1763 1570 1809 exlege
1594 1764 1700 1810 Apo-

387 1819 477 1855 stoli
522 1828 578 1855 est
623 1820 873 1868 prestancior
917 1819 992 1856 isto
1038 1820 1134 1865 fine3
1180 1833 1273 1868 ergo
1318 1821 1483 1856 stultum
1529 1820 1630 1856 foret
1663 1829 1699 1856 et

387 1877 631 1913 diabolicum
657 1878 781 1925 legem
806 1877 982 1926 priorem
1017 1878 1228 1914 admittere
1262 1886 1298 1914 et
1322 1879 1447 1925 legem
1481 1878 1697 1914 secundam

389 1935 602 1971 dimittere.
656 1935 873 1983 Supposita
919 1935 1062 1972 maiori
1103 1936 1233 1972 minor
1272 1935 1514 1972 ostenditur:
1560 1936 1700 1971 Nullus

388 1992 582 2041 (inquam)
637 1992 793 2029 dubitat
838 1993 933 2041 quin
986 1993 1126 2029 melius
1171 1994 1271 2029 foret
1316 1995 1365 2030 ad
1411 1992 1697 2030 beatitudinem

389 2050 641 2086 committere
679 2050 719 2086 in
758 2064 900 2087 manus
933 2051 1004 2087 Dei
1043 2051 1259 2088 vindictam
1295 2064 1413 2100 quam
1447 2050 1620 2088 viantem
1661 2051 1731 2086 in?

388 2121 558 2155 persona
610 2108 773 2157 propria
822 2108 1038 2146 vindicare.
1097 2110 1210 2146 Unde
1261 2109 1440 2145 Christus
1492 2121 1697 2157 nunquam

388 2165 426 2201 in
451 2179 620 2214 persona
645 2167 809 2214 propria
832 2179 871 2203 se
895 2167 1111 2203 vindicavit
1135 2166 1365 2203 humanitus
1388 2168 1455 2203 sed
1479 2168 1696 2202 secundum

388 2224 635 2271 pacienciam
662 2237 737 2272 que
761 2224 832 2260 fuit
855 2224 1073 2260 infallibilis
1098 2238 1235 2272 passus
1259 2225 1343 2270 fuit,
1377 2237 1512 2272 ymmo
1544 2224 1699 2260 videtur

387 2281 680 2318 vindicanciam
714 2282 834 2318 talem
869 2282 908 2317 in
942 2282 1062 2318 servis
1092 2282 1238 2319 Christi
1273 2295 1412 2330 sapere
1446 2282 1695 2318 manifestam

389 2339 651 2385 blasfemiam,
705 2352 791 2375 cum
840 2353 882 2376 ex
928 2340 1004 2376 fide
1049 2343 1131 2376 Deo
1176 2340 1224 2376 sit
1270 2340 1475 2388 proprium
1527 2339 1697 2376 finaliter

387 2396 589 2433 vindicare
637 2410 657 2434 a
702 2411 780 2446 quo
824 2411 904 2434 non
952 2407 1083 2445 potest
1128 2398 1308 2435 deficere.
1358 2400 1405 2433 Et
1450 2397 1480 2433 si
1526 2397 1697 2433 obicitur

389 2455 495 2502 quod
534 2455 638 2502 leges
679 2456 851 2491 humane
891 2464 927 2491 et
961 2455 1090 2492 divine
1123 2468 1198 2503 que
1232 2464 1375 2492 sonant
1407 2455 1445 2490 in
1479 2455 1693 2491 vindictam

388 2520 481 2547 tunc
532 2512 696 2548 omnino
749 2513 975 2552 deficerent,
1028 2522 1136 2560 patet
1183 2515 1289 2560 quod
1341 2513 1399 2549 lex
1443 2512 1532 2549 talis
1575 2525 1694 2560 quam

388 2578 546 2617 oportet
580 2571 798 2606 concedere
833 2583 915 2606 esse
945 2573 1069 2606 Deum
1105 2571 1159 2606 sic
1192 2570 1379 2617 vindicat,
1413 2583 1492 2606 non
1525 2582 1695 2618 persona

1722 909 1759 929 10

1716 1486 1758 1507 20

1716 1766 1754 1797 25

1716 2342 1753 2374 35

389 2626 561 2662 hominis
594 2628 647 2663 ita
681 2641 808 2675 passa,
844 2637 879 2664 et
913 2628 1051 2664 exhinc
1085 2628 1233 2664 dictum
1269 2637 1325 2664 est
1349 2629 1454 2676 quod
1489 2627 1694 2664 luciferina
1709 2640 1754 2672 40

388 2684 488 2720 foret
521 2685 706 2732 superbia
740 2685 901 2722 dimissa
937 2686 1006 2722 liei
1047 2685 1222 2722 vindicta
1262 2685 1522 2722 christianum
1564 2685 1695 2721 taliter

456 2826 482 2852 7.
506 2819 535 2845 ln
558 2826 670 2853 marga
693 2826 721 2851 2;
744 2819 782 2845 ib.
800 2819 895 2846 Cod:
919 2819 1059 2846 redderit.
1125 2829 1152 2850 o.
1170 2819 1262 2846 Cod.:
1309 2819 1366 2845 uod
1389 2826 1469 2845 cum.
1535 2823 1574 2845 ιω.
1597 2819 1692 2845 (ῥοώῑ

386 2853 584 2884 continuum:
607 2853 646 2879 ib.
668 2854 753 2880 cod:
775 2854 961 2881 alu-inciens.
1030 2853 1073 2881 23.
1094 2851 1131 2880 In'
1149 2861 1262 2888 marga
1284 2853 1309 2880 ζ.
1374 2851 1501 2886 31.T11e
1522 2854 1693 2880 accusative

387 2888 462 2914 :ister
483 2887 625 2914 ‘videtur'
645 2887 671 2913 is
692 2888 763 2914 nst-cl
786 2888 815 2915 iu
833 2888 957 2924 Wyclif.
1032 2888 1071 2915 155.
1094 2889 1189 2915 Coa:
1211 2897 1245 2914 cx
1267 2888 1364 2914 twice.
