1944 3323
89 272 160 307 182

111 402 131 421 1.
152 393 201 420 All
225 395 270 419 >in
293 393 326 420 ot⁴

89 429 136 455 llic
158 428 349 455 forcknmvn.

132 747 158 767 2.
180 740 228 767 All
252 739 310 766 siu.

96 1202 122 1230 3.
144 1203 225 1231 Such
247 1203 293 1230 sin
316 1211 349 1228 as

94 1239 178 1265 takes
199 1246 285 1273 away
307 1238 356 1264 tlic

89 1281 177 1308 grace
192 1273 226 1299 of
238 1277 361 1307 present

98 1308 350 1343 rightcousncss).

124 1553 276 1580 Answers
297 1556 327 1578 to

130 1586 318 1621 objections:

90 1632 110 1651 1.
123 1622 184 1651 We
201 1622 296 1656 ought
311 1626 363 1648 not

90 1663 121 1685 to
142 1657 239 1684 doubt
258 1656 293 1683 of
307 1664 364 1683 our

103 1691 345 1727 predestination

125 1728 177 1755 but
197 1727 276 1762 hope
296 1727 328 1754 it.

125 2131 192 2159 The
214 2132 287 2166 lteys
308 2131 342 2157 of

106 2166 283 2193 confession
306 2174 355 2192 arc

95 2201 209 2236 simply
228 2209 244 2227 a
262 2200 367 2228 deecit.

670 279 892 311 JOHANNIS
911 278 1093 310 WYCLIF
1112 277 1366 310 SERMONUM
1403 263 1553 321 [SERMO
1574 274 1683 302 XXIII·

373 385 477 422 enim
524 385 719 433 prescitus
765 386 1008 432 quandoque
1053 383 1208 420 dicatur
1252 396 1419 431 peccare
1464 382 1683 428 venialiter,

372 452 508 480 tamen
548 443 644 479 illud
678 451 888 490 peccatum
931 450 1120 490 preparat
1154 450 1190 478 et
1229 441 1381 478 inducit
1415 440 1602 477 continue
1635 442 1684 477 ad

372 510 544 538 mortem
595 500 724 536 finalis
770 499 1051 548 inpenitencie,
1106 508 1142 536 et
1187 499 1264 535 isto
1309 500 1430 535 modo
1474 507 1684 547 peccatum

372 560 542 596 mortale
584 567 621 595 et
652 558 806 595 veniale
847 566 1014 606 possunt
1047 557 1237 605 distingui
1276 569 1319 594 ex
1351 557 1553 605 opposito,
1595 569 1684 593 curn

372 630 491 654 omne
530 625 740 665 peccatum
779 615 1041 664 predestinati
1087 624 1123 652 et
1163 616 1293 651 solum
1338 615 1437 651 illud
1483 616 1532 651 ad
1578 615 1718 663 quod5

372 678 478 711 Deus
513 674 674 711 ordinat
706 673 862 710 veniam
898 673 1044 710 dicitur
1075 673 1242 710 veniale.

430 734 616 769 Secundo
663 733 784 768 modo
830 731 976 768 dicitur
1021 740 1231 780 peccatum
1272 732 1442 768 mortale
1481 732 1589 780 quod
1629 740 1686 767 est

372 791 620 827 inductivum
667 789 807 826 mortis
853 791 1039 836 secunde,
1086 798 1123 826 et
1161 790 1237 825 isto
1284 791 1405 825 modo
1449 802 1531 826 non
1569 789 1685 826 video

373 848 469 897 quin
493 849 761 897 quodcunque
793 856 1003 896 peccatum
1035 848 1114 885 sive
1137 846 1299 895 presciti
1323 847 1402 884 sive
1425 846 1686 895 predestinati

373 915 505 955 potest
540 906 617 943 dici
651 907 833 952 mortale,
868 906 961 954 quia
995 915 1052 942 est
1085 905 1333 942 inductivum
1367 905 1507 941 mortis
1540 904 1684 941 anime.
1705 914 1744 936 10

374 966 475 1001 Nam
513 964 605 1001 licet
645 965 768 1001 homo
808 965 929 1000 modo
970 977 1050 1000 non
1092 964 1273 1010 moritur,
1307 972 1441 1000 tamen
1474 962 1687 999 infirmitas

374 1022 577 1059 inductiva
610 1022 650 1058 in
683 1031 853 1058 mortem
888 1022 1068 1070 corporis
1098 1018 1101 1074 Ι
1132 1021 1277 1058 dicitur
1306 1021 1507 1067 mortalis;
1541 1029 1578 1056 et
1610 1020 1687 1056 isto
1702 998 1781 1075 ἓξὲξ

376 1081 498 1116 modo
532 1081 704 1116 mortale
737 1089 773 1116 et
796 1080 950 1116 veniale
983 1093 1064 1116 non
1098 1093 1140 1116 ex
1164 1079 1351 1128 opposito
1376 1079 1686 1127 distinguuntur,

376 1151 466 1175 cum
501 1138 648 1174 dicitur
681 1140 730 1175 ad
764 1138 1006 1174 subsistendi
1041 1137 1390 1186 consequenciam.

434 1197 510 1232 Sed
544 1196 669 1233 tercio
704 1197 826 1233 modo
859 1205 1069 1244 peccatum
1104 1195 1249 1232 dicitur
1284 1196 1454 1232 mortale
1488 1194 1614 1231 eciam
1648 1193 1745 1230 in15

374 1253 551 1302 prescito
575 1255 682 1303 quod
716 1254 820 1290 tollit
844 1256 893 1291 ab
928 1267 974 1290 eo
1007 1254 1182 1302 graciam
1218 1254 1437 1290 secundum
1461 1261 1688 1301 presentem

375 1311 590 1358 iusticiam,
616 1321 652 1348 et
676 1321 885 1360 peccatum
921 1314 1028 1360 quod
1060 1312 1155 1348 dicit
1185 1312 1224 1347 in
1256 1311 1429 1359 prescito
1463 1310 1690 1348 carenciam

376 1369 467 1406 talis
506 1370 660 1418 peccati
701 1369 848 1407 dicitur
884 1370 1050 1406 veniale.
1098 1372 1171 1406 Per
1203 1370 1319 1406 istam
1360 1378 1493 1406 autem
1528 1368 1690 1404 distinc-

378 1427 535 1464 cionem
570 1428 927 1477 equivocacionum
957 1436 1087 1476 potest
1112 1427 1198 1464 tolli
1222 1440 1459 1476 quecunque
1492 1426 1689 1463 instancia

378 1486 418 1522 in
450 1485 524 1522 ista
558 1486 726 1523 materia
758 1485 946 1534 opposita
977 1485 1147 1522 veritati.
1706 1495 1747 1517 20

435 1545 496 1579 Ad
535 1544 710 1592 primum
750 1552 1030 1592 argumentum
1072 1552 1210 1580 contra
1243 1543 1408 1580 terciam
1444 1542 1687 1579 sentenciam

379 1610 547 1649 negatur
587 1602 899 1651 consequencia3
938 1615 1030 1639 nam
1074 1601 1189 1637 multi
1224 1602 1359 1638 fideles
1399 1613 1472 1637 nec
1505 1599 1690 1636 dubitant

379 1668 513 1696 utrum
559 1660 637 1696 sint
681 1660 843 1708 presciti
887 1672 960 1697 nec
1005 1661 1162 1705 debent,
1210 1673 1298 1696 cum
1341 1660 1485 1696 debent
1529 1670 1690 1707 sperare

381 1717 627 1766 oppositum,
667 1728 974 1767 verumptamen
1018 1718 1058 1754 in
1095 1718 1170 1754 ista
1215 1730 1284 1765 spe
1329 1726 1365 1754 et
1409 1716 1691 1765 supposicione

382 1776 630 1812 credulitatis
676 1776 790 1812 firme
834 1785 1001 1824 possunt
1041 1775 1183 1823 decipi,
1229 1775 1268 1812 in
1315 1788 1394 1823 quo
1439 1774 1630 1811 deficiunt
1669 1775 1747 1810 a25

382 1833 491 1870 finali
526 1834 840 1881 perseverancia.
893 1835 970 1870 Sed
1004 1842 1198 1882 quantum
1232 1834 1282 1869 ad
1316 1834 1443 1869 claves
1478 1831 1691 1869 confessio-

380 1904 477 1928 num
506 1901 542 1927 et
569 1892 739 1928 aliorum
768 1892 911 1940 quibus
942 1891 1083 1940 prelati
1114 1891 1254 1927 cesarii
1284 1891 1403 1927 nimis
1431 1898 1690 1938 pompantur,

382 1958 491 1997 patet
526 1951 633 1998 quod
673 1958 731 1985 est
769 1950 887 1997 plena
926 1949 1052 1997 plebis
1084 1948 1230 1995 illusio,
1270 1961 1360 1985 cum
1400 1948 1475 1996 ipsi
1510 1948 1693 1984 nesciunt

383 2007 628 2055 distinguere
660 2007 763 2043 inter
797 2008 966 2043 mortale
999 2016 1035 2043 et
1057 2006 1210 2043 veniale
1242 2019 1314 2043 nec
1348 2008 1492 2042 docere
1524 2007 1691 2054 gradum

382 2065 608 2112 gravedinis
631 2065 785 2113 peccati
810 2065 850 2101 in
873 2064 1035 2101 homine
1059 2078 1176 2113 quem
1201 2065 1425 2110 absolvunt,
1459 2065 1525 2100 sed
1559 2076 1693 2111 grave·
1711 2064 1751 2096 30

384 2122 487 2159 dinis
519 2123 610 2160 talis
642 2123 791 2160 noticia
815 2124 931 2159 debet
954 2122 1180 2159 evidencius
1213 2135 1373 2170 surgere
1413 2134 1455 2158 ex
1488 2130 1692 2170 peccante,

385 2180 486 2216 sicut
520 2180 719 2217 medicina
753 2181 953 2218 sufficiens
986 2182 1035 2217 ad
1060 2180 1306 2217 delecionem
1340 2179 1495 2228 peccati
1528 2192 1602 2227 que
1637 2188 1693 2215 est

386 2238 599 2284 contricio,
638 2238 729 2275 ideo
769 2247 825 2275 est
862 2238 1024 2275 fatuitas
1064 2247 1321 2286 peccatorum
1371 2239 1478 2285 quod
1524 2246 1693 2285 querunt

385 2296 440 2332 sic
474 2296 664 2334 medicos.
689 2296 870 2333 Christus
902 2305 1034 2333 autem
1069 2305 1126 2332 est
1150 2296 1327 2332 medicus
1359 2304 1540 2332 scrutans
1573 2297 1694 2332 corda

387 2362 423 2390 et
461 2366 587 2400 renes,
628 2354 694 2402 qui
734 2353 807 2391 scit
845 2353 1144 2390 distinctissime
1181 2353 1435 2401 gravedinem
1469 2353 1623 2401 peccati
1656 2362 1693 2389 et
1711 2352 1750 2385 35

387 2424 465 2459 quo
483 2412 749 2448 medicamine
769 2421 991 2448 sanaretur.
1014 2411 1091 2448 Alii
1113 2420 1245 2448 autem
1263 2411 1408 2448 medici
1430 2410 1693 2448 antichristivi

386 2479 581 2517 usurpant
614 2471 721 2518 quod
754 2469 954 2515 nesciunt;
987 2470 1054 2506 sed
1084 2470 1185 2506 sicut
1208 2469 1247 2506 in
1274 2478 1527 2506 sacramento
1557 2468 1694 2505 altaris

387 2539 430 2563 ex
470 2540 562 2564 ceca
595 2527 827 2575 ignorancia
859 2527 1031 2564 illudunt
1064 2528 1227 2575 populo,
1261 2527 1316 2564 sic
1348 2527 1388 2562 in
1420 2526 1509 2563 isto.
1556 2527 1694 2563 Claves

389 2584 493 2621 enirn
540 2585 649 2632 regni
696 2586 873 2622 celorum
919 2594 1025 2622 stant
1063 2585 1103 2621 in
1141 2584 1416 2621 sacerdotibus
1455 2597 1554 2633 quos
1587 2587 1692 2620 Deus

388 2642 560 2688 instruit,
595 2643 754 2679 ordinat
788 2652 824 2679 et
848 2643 955 2690 eligit
978 2644 1027 2679 ad
1060 2642 1165 2679 istud
1198 2642 1388 2679 officium.
1422 2644 1470 2678 Et
1502 2644 1549 2678 de
1581 2651 1691 2690 pote-
1704 2651 1750 2682 40

388 2709 488 2737 state
523 2710 558 2737 et
592 2700 786 2737 limitibus
820 2702 961 2738 harum
997 2700 1166 2738 clavium
1200 2709 1308 2749 patet
1341 2699 1448 2738 alibi.

457 2912 482 2939 7.
503 2904 536 2931 In
558 2911 670 2938 marg:
690 2911 715 2929 2.
790 2903 824 2930 15.
846 2903 880 2930 In
902 2910 1014 2937 marga
1037 2902 1061 2930 3.
1135 2910 1173 2929 21.
1194 2902 1227 2929 Iu
1249 2910 1361 2936 marg:
1383 2903 1421 2929 A.
