1944 3323
233 264 369 292 SERMO
391 253 494 308 xixa]
723 264 897 297 TERTIA
926 263 1053 295 PARS.

234 375 348 423 plebe
392 373 506 410 avide
551 382 588 408 et
628 371 898 408 communiter
938 369 1298 407 elemosinantibus
1338 378 1552 405 vescuntur

234 431 400 478 laucius,
435 440 477 468 ut
510 440 620 479 patet
651 432 698 466 de
723 430 859 466 buccis
883 442 1038 474 eorum,
1072 441 1211 476 ymmo
1235 428 1274 463 in
1298 427 1553 463 vescibilibus

234 500 271 528 et
304 490 392 526 aliis
424 489 718 537 temporalibus
753 487 962 524 usibilibus
997 496 1189 535 superant
1221 486 1367 522 multos
1393 486 1553 533 plebeos

235 563 256 586 a
296 548 440 598 quibus
484 547 659 596 spoliant
706 548 810 583 bona
856 559 939 583 sua.
987 546 1087 581 Cum
1136 557 1230 592 ergo
1276 544 1471 580 instanter
1517 552 1554 579 et

202 608 429 647 §violenter
468 607 678 643 verberant
718 618 866 649 aerem,
908 605 1128 640 eructando
1165 602 1413 639 mendaciter
1447 603 1553 650 quod

234 667 336 703 adeo
375 674 468 701 sunt
507 664 632 712 egeni,
673 673 783 712 patet
816 664 924 711 quod
959 662 1015 698 sic
1049 661 1320 698 mendicando
1353 660 1555 697 seminant

235 723 392 773 spissim
430 723 653 760 mendacia.

293 785 362 818 Est
396 782 501 818 enim
537 782 681 829 duplex
717 779 968 824 mendicitas,
1004 778 1135 827 prima
1170 791 1248 827 qua
1282 790 1455 826 persona
1490 778 1555 813 de-

234 850 326 878 vota
378 853 470 877 vere
523 849 558 876 et
612 838 851 876 naturaliter
900 837 1030 873 innuit
1076 837 1158 873 eius
1203 835 1472 884 indigenciam
1520 844 1556 871 et

182 917 220 937 10
235 899 485 948 pauperiem,
528 908 564 935 et
597 897 731 934 taliter
765 896 836 933 fuit
870 895 1052 932 Christus
1087 895 1295 932 mendicus
1329 907 1419 930 cum
1456 894 1557 929 indi-

235 957 339 995 cavit
383 957 423 994 in
463 970 504 993 re
543 965 739 1005 quantum
789 967 929 1004 passus
975 953 1048 990 fuit
1093 967 1166 1002 pro
1212 953 1374 989 homine
1421 962 1457 988 et
1501 952 1556 988 sic

234 1016 414 1065 loquitur
448 1016 593 1052 Psalm.
628 1016 717 1051 ΧΙΙ0
758 1014 866 1062 quod
907 1011 1093 1049 Scarioth
1127 1019 1357 1062 persecutus
1396 1018 1449 1046 est
1490 1012 1556 1046 lw-

235 1076 372 1111 minem
413 1075 562 1124 inopem
597 1081 631 1110 et
664 1073 891 1109 mendicum.
938 1073 986 1107 Et
1025 1072 1074 1107 ad
1115 1071 1221 1107 hunc
1259 1082 1420 1106 sensum
1462 1068 1557 1105 dicit

235 1133 456 1182 Apostolus
490 1135 533 1169 Il.
561 1133 652 1169 Cor.
677 1133 798 1177 V1110,
826 1143 847 1177 9
883 1131 991 1178 quod
1025 1129 1208 1166 Christus
1242 1128 1315 1165 fuit
1348 1140 1492 1178 egenus
1525 1135 1558 1164 et

182 1193 355 1241 151'nops.
403 1193 504 1228 Cum
545 1190 651 1227 enim
686 1189 725 1226 in
758 1198 864 1226 statu
898 1187 1136 1225 innocencie
1169 1200 1252 1223 non
1286 1186 1453 1222 fuissent
1489 1187 1557 1221 ho-

237 1250 364 1286 mines
409 1249 566 1286 onerati
612 1248 787 1293 cibariis,
823 1246 917 1296 quia
956 1248 1032 1283 hoc
1065 1246 1203 1282 fuisset
1236 1245 1485 1293 superfluum
1522 1253 1558 1280 et

237 1308 419 1345 Christus
467 1321 510 1345 ex
558 1308 635 1344 fide
688 1316 844 1343 tantum
898 1305 1069 1341 servavit
1122 1313 1272 1341 statum
1322 1302 1559 1339 innocencie

239 1376 433 1416 quantum
469 1366 579 1403 racio
620 1365 894 1414 permittebat,
933 1377 1015 1400 non
1055 1363 1128 1399 fuit
1167 1371 1358 1399 oneratus
1397 1361 1559 1398 cibariis

239 1426 319 1462 sive
364 1425 548 1474 pecunia,
602 1425 669 1461 sed
723 1425 873 1460 habens
926 1421 1115 1459 continue
1162 1420 1317 1470 precise
1362 1428 1556 1469 quantum

182 1483 422 1533 20permisit
469 1482 578 1520 racio
622 1482 717 1519 vixit
761 1482 800 1518 in
847 1481 1026 1518 moribus
1071 1492 1228 1517 summe
1274 1481 1386 1516 bene.
1442 1479 1558 1524 Quod

241 1551 376 1579 autem
412 1541 552 1578 habuit
585 1541 768 1578 sacculos
801 1549 921 1589 atque
956 1539 1169 1587 pecuniam
1205 1539 1281 1574 hoc
1313 1538 1486 1574 habebat
1520 1536 1558 1572 in

239 1600 440 1646 Scarioth‚
475 1609 517 1636 ut
552 1600 799 1648 exemplaret
831 1598 1032 1647 posterius
1066 1595 1365 1645 possessionem
1400 1605 1557 1643 tempo-

240 1659 385 1696 ralium
420 1660 686 1695 moderatam.

297 1719 482 1754 Secunda
515 1726 648 1754 autem
686 1715 937 1752 mendicacio
971 1714 1172 1762 culpanda
1207 1722 1263 1749 est
1297 1711 1446 1760 peticio
1481 1712 1559 1747 cla·

182 1781 403 1814 25morosa
447 1775 532 1812 sine
578 1774 805 1823 indigencia
849 1772 1074 1809 necessaria
1125 1773 1323 1808 bonorum
1374 1769 1558 1818 proximi,

241 1844 277 1871 et
310 1834 387 1870 isto
421 1835 544 1870 modo
578 1833 765 1870 Scarioth
799 1831 919 1880 peciit
960 1830 1202 1867 insinuative
1243 1831 1290 1866 de
1324 1829 1560 1876 Magdalenc

240 1894 416 1930 valorem
457 1891 649 1940 unguenti
696 1892 745 1928 ad
785 1899 987 1927 trecentos
1028 1888 1215 1925 denarios
1256 1892 1313 1932 (ut
1354 1896 1464 1936 patet
1496 1889 1560 1922 „lo-

241 1951 383 1988 bannis
417 1952 542 1997 X110>;
576 1951 681 1986 unde
714 1949 754 1985 in
787 1961 891 1997 pena
925 1947 1040 1994 (sicut
1073 1946 1187 1995 ponit
1221 1947 1367 1982 Psalm.
1402 1946 1560 1992 CVIll‘')

241 2019 333 2046 sunt
371 2009 516 2057 singuli
556 2009 623 2057 qui
664 2007 801 2044 illicite
841 2006 897 2043 sic
943 2005 1189 2050 mendicant,
1235 2004 1326 2041 ideo
1366 2012 1561 2040 vocantur

183 2075 226 2107 30
242 2067 457 2104 Scariotite
481 2081 503 2104 a
525 2066 721 2116 pluribus,
747 2079 838 2102 cum
863 2064 1027 2101 indubie
1051 2062 1272 2113 ypocritice
1297 2062 1559 2099 devocionem

241 2126 433 2163 simulant
470 2125 573 2162 sicut
612 2125 708 2174 ipse.
756 2125 872 2161 Unde
910 2124 1010 2159 tales
1049 2121 1231 2171 ypocrite
1270 2121 1366 2158 false
1407 2120 1561 2168 fingunt

241 2186 348 2233 quod
394 2184 604 2221 imitantur
648 2182 854 2220 Christum
900 2181 940 2217 in
986 2179 1297 2218 conversacione
1342 2178 1560 2216 simillime,

241 2253 278 2280 et
310 2242 409 2279 nulli
442 2256 464 2279 a
489 2242 649 2279 Christo
683 2241 810 2289 magis
844 2242 1101 2288 degenerant.
1137 2239 1178 2275 Si
1213 2237 1318 2275 enim
1353 2250 1445 2274 cum
1475 2236 1561 2272 istis

241 2301 405 2350 paribus
454 2309 717 2350 sequerentur
766 2299 972 2337 Christum
1022 2298 1061 2334 in
1110 2296 1304 2342 moribus,
1353 2294 1560 2344 potissime

184 2360 372 2398 35forent
405 2359 444 2395 in
478 2359 640 2407 egencia
673 2367 710 2395 et
740 2356 1059 2395 mendicacione.
1094 2357 1171 2392 Sed
1196 2355 1331 2404 quoad
1356 2352 1559 2402 egenciam

240 2426 432 2467 superant
471 2418 620 2454 multos
662 2417 836 2465 populos
874 2425 912 2452 et
946 2427 1113 2463 magnos
1147 2413 1334 2450 dominos
1368 2413 1561 2448 habentes

241 2477 280 2512 in
304 2475 478 2525 propriis
509 2484 767 2524 sumptuosas
802 2476 958 2519 domos,
994 2472 1181 2510 utensilia
1215 2481 1252 2508 et
1285 2470 1561 2520 possessiones

242 2548 318 2584 que
359 2533 544 2571 Christus
583 2547 666 2570 non
705 2533 858 2570 habuit.
914 2535 1026 2569 Patet
1066 2540 1263 2580 quantum
1303 2531 1352 2566 ab
1394 2529 1480 2578 ipso
1522 2528 1561 2563 in

503 2673 529 2700 S.
550 2673 583 2701 In
606 2681 709 2709 marg:
731 2673 853 2709 Duplex
873 2671 1057 2700 mendicitas
1080 2657 1093 2721 ξ
1118 2653 1282 2724 ὲῗιῑῗέζξίκξ

241 2731 268 2756 δ’.
290 2728 321 2756 In
344 2735 457 2762 marg:
481 2735 500 2754 1.
585 2734 622 2753 12.
645 2725 740 2753 Cod.:
764 2725 889 2753 xvmn.
973 2723 1010 2752 13.
1034 2724 1129 2751 Cod.:
1151 2723 1317 2751 medicum.
1403 2726 1440 2748 ιδ’.
1464 2722 1559 2748 (jud.:

241 2780 410 2802 intestatus.
501 2781 541 2800 21.
563 2772 658 2800 Cod.:
680 2773 817 2799 baculos.
908 2774 953 2799 28.
977 2771 1054 2798 sicut
1076 2770 1179 2804 ponit:
1202 2770 1297 2797 Cod.:
1322 2776 1430 2804 penam
1456 2764 1559 2801 >inp—11.

242 2809 283 2836 Ἣ.
305 2811 336 2837 lu
361 2818 475 2842 marg:
496 2807 587 2835 Nota.
669 2806 711 2835 35.
734 2806 829 2834 Cod.:
851 2807 984 2842 egelida.
1067 2805 1111 2841 37.
1134 2805 1425 2838 ‹Lotisumprnosos
1447 2803 1559 2837 quoad.

319 2916 364 2941 ιε.
395 2892 522 2938 Psalffi.
550 2904 668 2946 cvm,
690 2914 740 2947 17·

1767 266 1836 288 111

1569 374 1634 402 The
1653 375 1845 402 mendicant>

1570 415 1632 437 taire
1654 411 1748 437 better
1769 411 1842 437 than

1669 446 1748 472 their

1611 481 1807 515 almsgixcrs

1588 783 1668 811 Two
1690 784 1779 811 kinds·
1800 788 1828 810 ot

1635 820 1783 853 beggiug:

1574 863 1592 882 1.
1615 855 1766 881 lunium-c
1786 855 1803 881 i.
1822 864 1846 881 e.

1591 890 1704 924 simply
1728 890 1835 923 letting

1579 925 1638 952 real
1663 930 1789 960 porcils*
1812 926 1847 951 be

1670 968 1752 986 scen.

1592 1726 1618 1746 2.
1640 1719 1840 1746 ‹Limnai-nus.

1608 1754 1737 1780 without
1761 1754 1820 1780 seul

1671 1794 1762 1815 want.
