1944 3323
87 258 135 291 70

136 551 187 578 Yet
208 559 299 586 muuy

121 586 252 619 through
275 586 320 611 siu

85 621 258 648 dishouour
273 620 355 647 Him.

138 2109 196 2135 XX'e
218 2113 298 2135 must

92 2144 190 2177 pi‘uise
212 2144 281 2170 Uim
304 2143 351 2170 fol*

98 2178 152 2205 His
175 2178 343 2205 wonderful

163 2214 276 2240 works.

669 253 891 284 JOHANNIS
915 253 1096 285 WYCLIF
1115 255 1373 287 SERMONUM
1471 242 1622 300 [SERMO
1643 253 1678 280 X-

370 368 576 407 tamquam
603 360 743 405 Deum,
778 371 866 394 curn
902 358 1059 395 latriam
1095 358 1167 394 soli
1202 361 1284 395 Deo
1318 359 1492 397 debitam
1526 370 1681 399 tenetur

371 416 624 464 singulariter
656 416 730 452 sibi
762 415 1007 463 impendere,
1050 425 1087 452 et
1125 416 1165 452 in
1203 417 1527 465 prevaricacione
1566 420 1681 456 huius

373 474 485 522 quasi
532 482 638 510 totus
683 475 854 510 mundus
901 474 1206 521 transgreditur.
1254 474 1427 520 Quidam
1473 477 1592 523 enim,
1638 487 1681 514 ut

372 531 546 580 peccatis
571 531 847 580 spiritualibus
872 530 1023 577 evirati,
1058 533 1229 568 adorant
1263 533 1467 579 demonia3
1502 535 1680 583 quidam,

373 598 414 625 ut
447 589 620 637 peccatis
656 588 926 625 mundialibus
965 589 1164 637 occupati,
1206 591 1376 626 adorant
1413 593 1604 638 seculum,
1645 595 1714 629 et5

373 647 534 695 quidam
590 656 631 682 ut
684 646 944 694 preoccupati
990 647 1216 684 carnalibus
1261 649 1431 685 adorant
1473 658 1680 699 tamquam

372 717 509 752 graves
541 705 722 751 ydolatre
756 716 917 740 carnem
950 717 1076 741 suam.
1125 706 1341 750 Quomodo
1375 708 1504 755 (rogo)
1540 710 1681 745 adorat

373 761 504 798 debite
538 764 663 798 Deum
706 775 820 798 suum
863 762 929 810 qui
968 762 1266 809 genufleccione
1305 765 1355 800 ad
1395 763 1600 802 diabolum
1638 775 1681 802 ut

373 832 519 868 papam
553 819 633 856 sive
666 819 911 856 cardinalem
946 819 1025 856 sive
1059 820 1291 868 episcopum
1326 822 1468 858 adorat
1501 836 1604 869 eum,
1638 833 1681 860 ut

373 877 623 925 obligacione
655 876 867 914 falsissima
900 877 1045 914 serviat
1078 880 1161 914 Deo
1200 878 1240 913 in
1279 879 1446 916 ecclesia
1484 881 1681 918 militante
1701 892 1740 913 10

372 948 453 971 non
484 944 650 983 propter
690 936 883 971 honorem
917 935 988 971 Dei
1028 937 1088 972 vel
1128 935 1314 972 meritum
1354 937 1572 985 servientis,
1611 940 1680 976 sed

373 1001 537 1040 propter
570 1006 845 1029 mammonam
878 993 1062 1042 nequiter
1095 993 1400 1042 adquirendam,
1435 1004 1472 1032 et
1505 997 1562 1043 (ut
1595 998 1681 1033 bre-

372 1050 471 1087 viter
504 1050 674 1097 dicatur)
708 1050 935 1099 quicunque
969 1051 1258 1099 prevaricando
1290 1054 1580 1101 transgreditur
1613 1054 1682 1091 ali-

374 1109 481 1156 quod
507 1109 742 1145 mandatum
768 1108 960 1156 decalogi,
994 1122 1076 1145 non
1105 1109 1145 1144 in
1168 1110 1243 1145 hoc
1267 1110 1438 1147 honorat
1462 1112 1680 1148 Dominum

373 1167 441 1202 sed
475 1169 684 1214 (quantum
714 1165 754 1202 in
777 1166 864 1214 ipso
888 1168 960 1214 est)
997 1168 1239 1213 dehonorat3
1273 1176 1310 1203 et
1342 1168 1397 1205 ita
1430 1169 1541 1217 quasi
1574 1179 1681 1207 totus
1701 1171 1736 1202 15

375 1225 559 1269 mundus,
593 1226 661 1260 sed
695 1223 829 1260 clerici
863 1233 899 1261 et
931 1224 1074 1272 prelati
1107 1224 1309 1273 precipue,
1344 1225 1383 1262 in
1405 1226 1480 1264 ista
1505 1229 1681 1265 dehono-

373 1280 535 1318 racione
580 1281 787 1318 offendunt
826 1281 865 1318 in
903 1281 1135 1318 Dominum.
1183 1283 1259 1328 Qui
1305 1283 1408 1320 enirn
1455 1285 1680 1333 postposito

374 1339 526 1375 honore
565 1339 699 1376 divino
745 1340 874 1376 zelant
920 1339 1096 1376 indebite
1141 1342 1190 1376 ad
1236 1341 1430 1378 honorem
1470 1344 1679 1391 proprium

374 1396 592 1433 Dominum
627 1399 890 1443 dehonorant,
924 1406 966 1433 ut
998 1398 1170 1434 zelantes
1193 1411 1266 1446 pro
1289 1399 1578 1437 tradicionibus
1601 1401 1680 1438 suis

374 1455 479 1491 ultra
517 1455 643 1502 legem
684 1455 845 1491 Domini
885 1456 1156 1501 observandis,
1201 1465 1244 1492 ut
1288 1469 1391 1505 pape
1430 1467 1467 1494 et
1506 1459 1679 1507 religiosi
1697 1469 1738 1490 20

373 1511 517 1560 privati
557 1515 684 1549 Deum
724 1525 839 1549 suum
879 1513 919 1549 in
956 1512 1032 1549 isto
1071 1522 1361 1562 contempnunt
1401 1525 1438 1551 et
1476 1516 1680 1553 luciferine

374 1578 581 1618 tamquam
621 1583 758 1617 graves
799 1579 981 1618 apostate
1015 1573 1142 1607 Deum
1177 1581 1381 1619 spernunt.
1428 1575 1556 1610 Immo
1590 1587 1679 1611 cum

373 1627 504 1664 omnis
549 1629 679 1664 honor
716 1628 891 1664 indebite
936 1630 1051 1664 datus
1091 1628 1257 1675 homini,
1299 1631 1374 1666 hoc
1414 1640 1483 1677 est,
1522 1645 1603 1668 non
1640 1642 1682 1668 ut

374 1687 478 1721 Deus
516 1686 557 1722 in
596 1685 682 1734 ipso
716 1686 1005 1722 honorificetur
1037 1688 1105 1722 sed
1137 1695 1179 1722 ut
1212 1687 1297 1735 ipse
1332 1689 1483 1725 honore
1516 1690 1681 1738 proprio

374 1743 666 1790 magnificetur,
701 1752 816 1780 sonat
848 1744 887 1780 in
911 1743 981 1780 Dei
1011 1752 1287 1792 contemptum
1322 1754 1358 1781 et
1392 1748 1738 1784 dehonoracio-25

372 1813 477 1846 nem,
526 1810 634 1848 patet
679 1810 826 1849 quante
877 1803 951 1837 hoc
999 1801 1150 1838 crimen
1194 1802 1400 1850 spirituale
1444 1805 1679 1842 extenditur.

373 1860 562 1894 Formam
595 1867 728 1895 autem
763 1858 893 1895 divine
927 1859 1238 1896 honorificencie
1277 1860 1446 1908 explicat
1485 1862 1560 1899 ista
1601 1864 1681 1912 epi-

373 1916 487 1961 stola,
513 1928 603 1952 cum
628 1916 683 1953 sic
706 1916 843 1953 infert:
868 1917 1041 1953 Laudem
1065 1918 1230 1953 tribuam
1255 1919 1399 1955 nomini
1419 1927 1482 1955 tuo
1505 1921 1568 1968 qni
1582 1922 1682 1966 facis

373 1974 569 2010 mirabiles
587 1987 659 2010 res.
687 1973 750 2010 Sic
775 1974 877 2010 enim
904 1975 1173 2022 compleretur
1196 1975 1293 2012 illud
1313 1977 1459 2013 Psalmi
1476 1979 1653 2024 CX1110,1
1672 1995 1679 2015 :

373 2031 459 2067 Non
489 2032 594 2067 nohis
617 2032 794 2078 Domine,
827 2045 898 2068 non
932 2033 1050 2079 nobis,
1083 2034 1151 2069 sed
1173 2034 1400 2071 nominituo
1424 2036 1471 2071 da
1494 2037 1679 2085 gloriam.
1697 2035 1738 2068 30

432 2089 558 2125 Causa
579 2098 711 2126 autem
736 2090 825 2126 talis
849 2090 977 2126 laudis
996 2091 1097 2127 foret
1121 2091 1308 2139 operacio
1333 2092 1464 2129 divina
1487 2107 1565 2142 qua
1586 2094 1681 2130 facit

372 2156 430 2183 tot
461 2146 660 2184 mirabilia
684 2157 764 2184 tam
789 2149 971 2184 absoluta
995 2161 1115 2197 quam
1140 2149 1265 2186 eciam
1290 2151 1522 2198 respectiva.
1556 2152 1681 2188 Mani-

372 2205 515 2240 festum
548 2214 604 2241 est
629 2205 821 2254 (inquam)
846 2208 971 2242 Deum
997 2206 1155 2254 operari
1179 2207 1218 2243 in
1252 2208 1438 2244 cordibus
1472 2209 1680 2246 hominum

372 2271 453 2298 tam
494 2264 597 2299 bona
639 2277 756 2311 quam
799 2265 916 2300 mala.
963 2266 1074 2301 Bona
1113 2264 1261 2301 directe
1305 2279 1376 2314 pro
1421 2279 1491 2303 sua
1531 2267 1680 2304 miseri-

374 2321 510 2357 cordia
544 2330 579 2357 et
620 2322 725 2358 mala
764 2334 864 2369 pene
903 2322 1095 2358 indirecte
1134 2336 1207 2370 pro
1246 2336 1317 2360 sua
1355 2324 1511 2361 iusticia
1550 2326 1679 2362 decla-
1697 2326 1736 2358 35

373 2379 497 2414 randa
531 2387 567 2414 et
601 2378 765 2415 ecclesie
797 2379 1020 2427 profutura.
1066 2380 1114 2416 Et
1155 2382 1230 2417 hoc
1264 2390 1319 2417 est
1351 2382 1464 2418 valde
1498 2382 1679 2419 mirabile

373 2437 480 2484 quod
526 2436 716 2484 quicquid
771 2437 953 2473 diabolus
1010 2438 1262 2474 machinatur
1311 2441 1448 2476 obesse
1502 2440 1678 2486 ecclesie,

373 2495 477 2529 Deus
518 2495 713 2530 convertit
753 2497 802 2531 ad
841 2495 1101 2541 contrarium,
1142 2504 1184 2531 ut
1222 2498 1282 2532 vel
1321 2509 1390 2544 per
1429 2510 1468 2534 se
1506 2498 1567 2534 vel
1610 2511 1680 2546 per

372 2551 554 2587 accidens
588 2552 660 2587 sibi
694 2552 832 2599 prosit.
867 2554 1065 2589 Debemus
1098 2562 1232 2590 tamen
1271 2554 1531 2602 spiritualiter
1563 2568 1679 2592 orare

442 2673 515 2700 1.1‹‘:
536 2678 692 2708 tamquam
710 2674 806 2701 heum
828 2675 921 2702 deest.
979 2683 1016 2702 12.
1033 2675 1071 2702 F:
1096 2681 1221 2711 propter
1235 2677 1329 2704 deest.
1387 2676 1425 2704 18.
1442 2678 1486 2704 A:
1508 2678 1676 2712 propriam.

373 2716 413 2742 19·
435 2708 473 2734 F:
496 2716 551 2743 pro
572 2708 758 2735 dicionibus.
814 2718 857 2737 22.
880 2710 919 2737 F:
941 2718 1049 2744 graves
1070 2710 1162 2737 deest.
1226 2719 1272 2746 29.
1293 2713 1338 2738 A:
1360 2712 1565 2746 compleretur
1584 2713 1676 2739 deest.

371 2741 414 2769 32.
435 2743 479 2769 A:
500 2742 595 2769 eciam
617 2742 709 2770 deest.
784 2742 827 2778 37.
848 2745 893 2771 A:
915 2745 952 2771 ab
973 2753 1049 2771 esse.
1123 2744 1170 2780 39.
1191 2746 1235 2773 A:
1260 2746 1432 2780 specialiter
1452 2746 1590 2773 adorare.

441 2813 471 2844 s).
499 2813 550 2844 Cf.
578 2814 651 2844 1³01.
672 2814 812 2854 Works,
839 2826 915 2857 pag.
943 2825 1135 2848 120—122.
1211 2827 1262 2859 29.
1283 2820 1404 2848 Sarum
1425 2817 1556 2848 Missal:
1583 2818 1675 2849 Lau·

371 2859 448 2891 dem
476 2860 629 2892 tribuam
656 2863 716 2892 etc.
