1944 3323
129 268 176 301 62
709 270 931 302 sol-{ANNIS
950 270 1134 302 wvcmr
1152 270 1412 302 SERMONUM
1500 257 1651 315 [SERMO
1671 269 1722 297 ix.

415 379 554 421 Deum,
600 385 708 424 patet
741 377 849 424 quod
884 387 1120 424 quecunque
1160 375 1419 412 sacerdotalis
1460 376 1720 422 ministracio,

415 443 540 470 status
573 434 760 481 accepcio
793 434 853 469 vel
887 445 1051 469 censure
1075 433 1260 469 execucio
1282 433 1404 470 nichil
1427 434 1568 470 valeat.
1603 435 1721 480 Quod

415 504 486 539 ego
520 493 640 528 credo
671 504 807 527 verum
842 490 915 527 nisi
949 492 996 527 de
1029 499 1179 539 quanto
1212 503 1392 527 summus
1415 491 1589 539 pontifex
1611 493 1722 528 Jesus

415 549 595 586 Christus
634 548 877 597 suppleverit
917 548 956 584 in
995 561 1067 585 suo
1106 548 1379 596 predestinato
1418 549 1569 585 famulo
1603 562 1720 597 quem

416 608 465 643 ad
498 608 747 643 sacerdotale
786 606 962 642 officium
1004 619 1074 654 per
1114 618 1153 642 se
1187 606 1438 644 iustificatur.
1473 609 1522 642 Et
1554 606 1585 643 si
1619 607 1756 654 glos-5

415 673 551 700 sentur
588 665 694 712 leges
733 664 924 712 predicte,
965 673 1072 712 patet
1105 666 1212 712 quod
1252 665 1362 712 glosa
1400 677 1481 701 non
1513 665 1616 700 valet
1649 664 1721 700 nisi

215 732 312 771 Goci's¹
416 723 463 758 de
495 730 645 770 quanto
684 734 754 769 per
792 722 917 769 legem
952 722 1023 758 Dei
1061 721 1178 757 fuerit
1216 722 1466 758 confirmata.
1512 724 1559 758 Et
1598 722 1629 758 si
1666 734 1723 758 se-

141 775 390 837 caslffig'tesfessgffl
417 781 547 816 cundo
572 779 728 815 dicatur
752 781 859 828 quod
892 788 1056 827 peccata
1085 792 1160 827 que
1194 780 1297 827 leges
1330 780 1493 828 papales
1527 780 1722 828 explicant

156 837 374 899 (ηῑῑίῐὶῑιξγξὶψὲῑῑ
417 846 453 873 et
486 850 567 873 non
600 837 677 873 alia
718 837 823 881 (licet
856 837 1017 884 fuerint)
1060 837 1283 884 graviorem
1324 837 1623 885 suspensionem
1667 837 1723 873 in-

301 893 307 899 ’
417 897 586 939 ducunt3
621 907 709 931 cum
744 908 824 931 non
857 895 906 931 sit
938 894 1146 943 suspensio
1176 904 1391 943 antequam
1417 896 1593 943 prelatus
1617 908 1723 931 cesa·
1746 910 1781 930 ιο

416 952 497 988 rius
522 952 744 989 subiectum
769 952 1022 1001 suspenderit
1045 954 1166 988 modo
1189 965 1274 998 suo,
1308 962 1416 1001 patet
1440 966 1559 1001 quam
1585 962 1724 989 contra

416 1010 619 1046 racionem
672 1020 860 1047 narratur
911 1010 1173 1059 blasphemia.
1237 1012 1341 1047 Deus
1395 1010 1499 1047 enirn
1553 1023 1595 1047 ex
1648 1010 1725 1046 fide

416 1068 622 1116 suspendit
654 1068 824 1116 gravius,
864 1068 931 1104 ubi
972 1067 1101 1104 maior
1139 1081 1259 1104 causa
1298 1068 1570 1116 suspensionis
1608 1067 1724 1104 fuerit

417 1127 523 1173 apud
570 1138 673 1162 eum.
727 1127 820 1162 Ideo
865 1126 966 1162 absit
1012 1126 1169 1162 fidelem
1223 1128 1385 1162 credere
1432 1127 1539 1175 quod
1592 1125 1725 1161 divina

417 1184 624 1231 suspensio
658 1185 854 1231 dependet
887 1186 935 1220 ab
970 1183 1198 1219 huiusmodi
1230 1184 1450 1231 proditore,
1485 1193 1521 1220 et
1545 1183 1577 1220 si
1600 1183 1724 1220 tercio
1748 1188 1781 1219 15

417 1241 573 1277 dicatur
605 1243 712 1290 quod
745 1255 826 1278 non
858 1251 1014 1278 taxatur
1043 1243 1215 1289 gravedo
1238 1242 1392 1290 peccati
1415 1243 1476 1278 vel
1498 1240 1724 1289 punicionis

417 1312 485 1335 sue
509 1299 758 1347 condignitas
781 1299 855 1335 nisi
879 1301 985 1347 apud
1010 1299 1199 1335 iudicium
1234 1300 1376 1347 prelati
1410 1299 1564 1344 cesarii,
1600 1298 1724 1335 mani-

416 1357 559 1393 festum
593 1366 650 1393 est
683 1359 789 1405 quod
824 1357 952 1393 maior
975 1357 1182 1393 blasfemia
1215 1358 1490 1404 conglobatur,
1525 1370 1614 1393 cum
1640 1359 1723 1392 Deo

417 1414 465 1450 sit
494 1414 702 1463 proprium
733 1415 827 1451 talia
861 1414 1182 1451 indefectibiliter
1214 1415 1402 1451 iudicare.
1437 1417 1528 1451 Ideo
1561 1427 1650 1450 cum
1684 1414 1723 1449 in

417 1473 500 1520 lege
539 1473 666 1520 prima
706 1472 886 1520 predicta
925 1473 1014 1509 talis
1054 1474 1240 1509 sacerdos
1277 1486 1357 1509 non
1396 1475 1511 1509 debet
1551 1471 1723 1520 reaccipi
1742 1486 1782 1506 20

416 1531 465 1566 ad
507 1530 769 1566 ministerium
810 1530 885 1566 nisi
923 1540 1135 1579 postquam
1178 1530 1416 1578 condignam
1456 1529 1722 1578 penitenciam

417 1587 646 1635 peregisset,
687 1597 796 1636 patet
834 1590 941 1636 quod
983 1598 1039 1625 est
1078 1596 1185 1624 extra
1222 1588 1413 1624 noticiam
1454 1588 1724 1636 cuiuscunque

417 1647 662 1693 prelatorum
697 1655 940 1692 nostrorum,
976 1647 1136 1695 quando
1169 1659 1190 1682 a
1223 1659 1263 1682 se
1296 1646 1382 1694 ipso
1416 1647 1475 1682 vel
1508 1646 1586 1682 alio
1620 1646 1723 1681 istud

419 1704 496 1748 fiet,
529 1713 565 1739 et
595 1716 664 1751 per
689 1716 934 1752 consequens
965 1705 1085 1740 stulta
1108 1704 1208 1739 foret
1232 1704 1271 1740 in
1294 1705 1444 1751 populo
1468 1703 1724 1752 presumpcio

418 1774 696 1809 quemcunque
729 1763 978 1798 sacerdotem
1012 1763 1231 1798 secundum
1266 1762 1394 1797 forum
1431 1771 1537 1798 extra
1571 1762 1695 1808 legem
1715 1757 1718 1798 l
1741 1741 1819 1826 5311

418 1818 614 1866 scripture
652 1828 826 1855 statuere
866 1821 925 1855 vel
967 1819 1192 1867 depositum
1234 1821 1283 1855 ad
1323 1828 1470 1855 statum
1510 1819 1720 1867 pristinum

418 1889 618 1912 revocare.
652 1877 785 1913 Nescit
819 1877 922 1913 enim
957 1878 987 1913 si
1022 1878 1060 1913 in
1085 1879 1158 1913 hoc
1183 1877 1275 1913 facit
1299 1877 1559 1913 conformiter
1583 1876 1723 1912 divino

418 1934 580 1979 iudicio,
615 1943 651 1970 et
683 1935 837 1970 variare
870 1937 918 1971 ab
952 1935 1020 1970 illo
1054 1935 1119 1971 ubi
1153 1948 1233 1970 non
1265 1943 1425 1982 oportet
1464 1935 1564 1970 foret
1603 1935 1723 1970 stulta

418 1992 640 2031 temeritas:
687 1992 776 2028 ideo
814 2005 906 2040 sepe
945 1993 1021 2028 dixi
1061 1994 1165 2041 quod
1208 1993 1398 2028 habentes
1431 1992 1722 2028 conscienciam

420 2059 567 2085 rectam
603 2059 683 2085 tam
718 2050 756 2085 in
790 2050 985 2097 religiosis
1019 2063 1136 2098 quam
1179 2050 1216 2085 in
1256 2050 1419 2097 prelatis
1460 2050 1619 2086 cesariis
1658 2062 1723 2085 ne·
1742 2052 1782 2082 30

418 2107 710 2143 cessitabuntur
749 2108 877 2144 redire
909 2110 957 2144 ad
993 2122 1133 2156 puram
1169 2108 1468 2143 ordinacionem
1505 2117 1540 2143 et
1573 2107 1724 2154 simpli-

419 2178 501 2201 cem
539 2165 632 2211 legis
665 2165 825 2201 Christi.

929 2291 1120 2329 SERMO
1156 2291 1223 2331 IX.

478 2385 620 2433 Surge,
659 2385 892 2427 illuminare,
922 2385 1151 2429 Jerusalem,
1192 2385 1276 2432 quia
1318 2384 1416 2420 venit
1449 2385 1573 2419 lumen
1605 2391 1722 2419 tumn.

422 2441 519 2477 Isaie
554 2444 653 2488 LXs',
687 2456 715 2478 1.
1741 2443 1781 2474 35

187 2514 346 2541 Thisisa
481 2499 657 2546 Epistola
697 2500 769 2536 ista
810 2500 1044 2547 prophetica
1081 2508 1218 2535 narrat
1258 2499 1351 2547 quid
1392 2499 1637 2546 contingeret
1678 2499 1724 2534 de

144 2550 387 2611 cffiffiffssffssisffl
422 2556 563 2592 Messia
607 2557 740 2593 statim
787 2567 875 2605 post
920 2557 1003 2594 eius
1041 2557 1303 2601 nativitatem,
1351 2566 1390 2592 ut
1434 2564 1725 2592 commemorat

421 2613 609 2650 festivitas
634 2615 839 2651 hodierna.
871 2617 1064 2651 Hortatur
1094 2615 1132 2650 in
1157 2614 1354 2662 principio
1378 2616 1486 2662 quod
1508 2614 1723 2650 Jerusalem

491 2744 514 2763 2.
538 2736 632 2767 (jod,:
656 2746 790 2763 sensuve.
876 2739 902 2763 S.
925 2737 1020 2764 Cod.:
1043 2737 1127 2771 leget.
1219 2746 1246 2770 i».
1269 2736 1364 2763 Cod.:
1386 2736 1485 2763 fucrit.
1572 2744 1609 2769 17-
1632 2736 1725 2761 Com:

420 2772 605 2803 condignum.
662 2779 706 2797 ραι.
729 2771 823 2798 Cart:
846 2773 956 2805 scripte
978 2776 1100 2798 stature.
1157 2770 1202 2797 30,
1224 2771 1319 2798 (juda
1343 2771 1506 2804 religionis.
1564 2770 1608 2796 3⁴⁷3.
1631 2770 1724 2796 Coti:

420 2806 491 2839 quid
514 2806 607 2832 deest.

492 2877 544 2909 33.
572 2877 622 2907 Cf.
643 2877 801 2919 Wyctif's
828 2878 1006 2916 Sermons,
1034 2878 1085 2907 ed.
1113 2878 1154 2917 by
1182 2877 1327 2915 Arnold,
1362 2877 1402 2915 ΙΙ,
1428 2887 1505 2918 pag.
1535 2886 1724 2916 241——244.
