1944 3323
126 247 207 280 410

141 1055 236 1082 Their
258 1055 380 1082 xarinus

136 1090 281 1124 opinions
301 1098 334 1116 as
354 1093 386 1116 to

187 1125 235 1151 the
256 1125 335 1152 host.

181 1517 267 1553 They
292 1526 340 1544 arc

171 1552 346 1586 danae-rous

189 1587 326 1615 lierctics.

702 246 925 278 JOHANNIS
947 247 1128 278 WYCMF
1147 247 1403 279 SERMONUM
1430 233 1580 290 [SERMO
1602 244 1723 272 XLVII.

414 353 563 401 plicant
597 365 716 400 super
750 352 837 388 illos
861 352 927 400 qui
959 353 1103 388 debent
1132 365 1215 389 esse
1238 353 1379 389 fratres
1402 352 1461 388 sui
1484 352 1524 388 in
1548 353 1722 389 Domino

415 410 624 447 mendacia
657 410 906 452 scandaloso,
941 419 983 446 ut
1017 411 1064 446 de
1098 410 1279 446 fidelibus
1309 410 1415 458 plebi
1440 410 1720 458 pronunciant,

414 468 478 505 ubi
532 469 698 505 credunt
743 467 868 515 magis
914 468 1087 514 officere,
1134 470 1339 517 quomodo
1385 468 1519 505 fideles
1564 468 1722 517 publice

413 526 687 574 dogmatizant
721 527 829 574 quod
861 535 1157 562 sacramentum
1192 535 1471 563 consecratum
1506 539 1528 562 a
1562 528 1721 574 presby-

412 594 498 621 tero
536 585 708 621 fractum
747 583 787 620 in
828 593 906 620 tres
945 593 1078 631 partes
1118 593 1154 620 et
1192 593 1282 632 post
1316 584 1648 621 masticacionem
1682 584 1755 620 in5

412 656 480 679 ore
514 641 692 678 fidelium
717 641 946 689 inglutitum
971 655 1052 678 non
1075 651 1132 678 est
1156 654 1302 690 corpus
1327 642 1475 679 Christi
1499 643 1566 678 sed
1591 642 1719 678 solum

412 701 560 749 pascha
593 699 719 748 panis.

468 758 546 795 Alii
591 767 725 794 autem
772 757 1028 794 menciuntur
1067 759 1174 806 quod
1219 770 1364 806 corpus
1404 757 1551 795 Christi
1591 758 1720 794 solum

412 826 469 853 est
507 815 573 862 ibi,
615 817 708 852 dum
753 817 874 852 verba
918 816 1227 852 sacramentalia
1266 816 1537 864 proferuntur,
1579 824 1615 851 et
1654 815 1720 852 alii

412 876 519 923 quod
552 886 632 910 non
665 873 705 910 in
737 873 962 910 confinibus
995 874 1100 910 illius
1134 873 1247 922 panis
1281 875 1349 910 sed
1371 874 1500 910 solum
1525 873 1564 909 in
1589 873 1720 910 medio
1743 889 1780 909 ιο

412 941 593 969 remanet
617 945 763 980 corpus
787 931 948 969 Christi.
982 934 1030 968 Et
1063 931 1118 969 sic
1152 933 1199 968 de
1229 931 1365 968 multis
1389 931 1477 968 aliis
1500 931 1721 968 mendaciis

412 1004 487 1039 que
521 1000 635 1039 pater
668 1002 805 1026 eorum
841 989 977 1026 docuit
1009 990 1093 1026 sine
1126 1003 1258 1026 causa.

469 1051 553 1096 Ego
591 1057 725 1084 autem
774 1047 994 1084 examinavi
1033 1049 1083 1084 ad
1123 1057 1278 1096 partem
1317 1049 1385 1084 sed
1430 1047 1587 1095 publice
1626 1046 1722 1083 istos

412 1116 630 1155 apostatas,
656 1115 693 1142 et
716 1106 880 1154 quidam
904 1118 1042 1142 eorum
1067 1106 1294 1142 subtiliores
1327 1105 1430 1142 inter
1463 1105 1562 1141 alios
1585 1105 1722 1141 dicunt

413 1167 521 1214 quod
560 1166 635 1201 hoc
673 1172 970 1201 sacramentum
1010 1164 1059 1200 sit
1102 1164 1239 1200 nichil.
1284 1163 1360 1200 Alii
1405 1172 1539 1200 autem
1585 1163 1777 1199 dicunti'n

413 1224 521 1271 quod
554 1224 630 1259 hoc
663 1221 850 1258 sensibile
882 1235 964 1258 non
997 1231 1053 1258 est
1092 1231 1389 1259 sacramentum
1430 1223 1497 1258 sed
1536 1221 1722 1258 accidens

413 1282 497 1318 sine
530 1280 724 1326 subiecto,
757 1279 870 1316 tercii
902 1292 995 1316 vero
1030 1280 1167 1316 dicunt
1200 1281 1307 1328 quod
1336 1289 1394 1316 est
1418 1279 1570 1327 species
1593 1278 1720 1327 panis,

412 1341 479 1375 sed
513 1352 586 1376 nec
619 1348 675 1375 est
704 1351 776 1374 nec
801 1350 884 1373 esse
907 1347 1037 1386 potest
1061 1351 1206 1386 corpus
1230 1337 1398 1383 Christi3
1432 1337 1564 1386 quarti
1588 1346 1720 1373 autem

413 1397 549 1434 dicunt
583 1397 690 1445 quod
725 1405 780 1432 est
815 1409 961 1444 corpus
995 1395 1157 1441 Christi,
1197 1397 1265 1432 sed
1304 1409 1385 1431 non
1425 1404 1556 1443 potest
1594 1394 1721 1442 frangi

412 1456 471 1492 vel
506 1455 640 1500 dividi,
675 1467 745 1490 nec
771 1453 949 1502 recipere
974 1454 1221 1490 mutaciones
1245 1453 1452 1490 sensibiles
1475 1453 1720 1502 peregrinas.
1739 1466 1779 1487 20

471 1515 571 1549 Cum
607 1526 699 1560 ergo
732 1525 805 1548 nos
839 1522 875 1548 et
909 1512 1045 1548 fideles
1069 1511 1235 1548 ecclesie
1258 1512 1450 1548 sentimus
1474 1511 1513 1547 in
1536 1511 1721 1548 omnibus

414 1571 497 1607 istis
535 1573 593 1619 (ut
633 1572 748 1606 docet
788 1570 1049 1617 evangelium)
1089 1582 1270 1618 expresse
1309 1569 1556 1618 oppositum,
1598 1568 1721 1605 mani-

412 1630 556 1665 festum
590 1637 647 1665 est
681 1629 788 1677 quod
821 1628 877 1664 illi
909 1637 1000 1664 sunt
1033 1627 1249 1676 periculosi
1282 1627 1460 1664 heretici.
1495 1628 1719 1673 Querebam

413 1700 506 1735 ergo
559 1686 737 1724 crebrius
790 1699 913 1734 quare
967 1688 1014 1722 de
1067 1686 1250 1722 fidelibus
1294 1686 1448 1733 fingunt
1491 1685 1722 1733 supradicta

414 1745 636 1789 mendacia,
672 1753 708 1780 et
742 1757 830 1780 cum
864 1757 945 1780 non
970 1744 1093 1792 possit
1118 1744 1210 1791 fingi
1233 1744 1372 1780 titulus
1396 1743 1557 1789 amoris,
1591 1744 1720 1779 solum
1740 1746 1778 1778 25

412 1803 654 1851 relinquitur
686 1802 824 1838 odium
857 1802 936 1838 sive
960 1802 1120 1838 invidia.
1155 1804 1202 1838 Et
1228 1815 1316 1838 cum
1341 1802 1447 1838 iuxta
1472 1801 1719 1849 evangelium

411 1861 603 1898 johannis
620 1862 743 1909 (quod
764 1860 923 1896 mentiri
942 1873 1022 1897 non
1044 1864 1218 1908 poterat)
1236 1861 1355 1896 omnis
1370 1861 1434 1908 qni
1454 1860 1532 1895 odit
1544 1861 1720 1908 fratrem

410 1933 520 1956 suum
555 1919 744 1955 homicida
778 1926 845 1963 est,
885 1918 1139 1955 manifestum
1180 1927 1236 1954 est
1271 1920 1378 1966 quod
1417 1930 1555 1954 omnes
1588 1917 1721 1954 huius-

413 1977 522 2014 modi
561 1985 652 2013 sunt
691 1976 730 2011 in
770 1976 936 2012 ecclesia
975 1975 1176 2012 homicide
1209 1985 1246 2012 et
1279 1976 1333 2012 sic
1368 1975 1531 2012 heretici
1564 1988 1720 2011 excom-

413 2034 606 2071 municati
640 2047 661 2070 a
686 2037 769 2070 Deo
803 2043 923 2082 atque
956 2043 1156 2081 apostate3
1191 2042 1226 2069 et
1261 2047 1350 2070 cum
1384 2047 1466 2070 non
1499 2035 1628 2069 solum
1653 2032 1777 2081 qui3o

411 2093 505 2130 talia
535 2101 657 2140 agunt
685 2093 752 2128 sed
783 2092 849 2139 qui
885 2091 1145 2128 consenciunt
1174 2091 1381 2139 agentibus
1415 2100 1505 2128 sunt
1537 2091 1720 2127 similiter

412 2150 631 2195 criminosi,
672 2149 928 2186 manifestum
971 2158 1028 2186 est
1061 2151 1168 2198 quod
1208 2159 1316 2185 totus
1354 2151 1454 2186 ordo
1488 2162 1625 2186 eorum
1659 2150 1720 2185 vel
1753 2190 1761 2196 Ἴ

411 2209 525 2257 quasi
570 2208 619 2244 sit
665 2207 830 2244 crimine
870 2204 874 2260 ἱ
917 2207 1114 2244 consimili
1163 2207 1425 2255 spiritualiter
1472 2207 1527 2243 sic
1575 2207 1718 2243 occidi.
1739 2190 1819 2266 {53¹ss

412 2270 561 2303 Revera
600 2266 687 2313 plus
726 2265 765 2300 in
805 2278 849 2302 ea
892 2265 1162 2313 proposcione
1195 2265 1233 2301 in
1268 2279 1345 2313 qua
1379 2275 1435 2302 est
1467 2266 1555 2313 plus
1588 2264 1720 2301 anime

411 2324 559 2361 occisio
593 2336 712 2371 quam
747 2323 928 2371 corporis
962 2325 1197 2359 detestanda
1223 2332 1259 2360 et
1284 2324 1370 2371 plus
1395 2322 1563 2359 dileccio
1588 2323 1720 2359 fratris
1737 2328 1776 2360 35

410 2383 449 2418 in
490 2381 665 2418 Domino
708 2394 828 2429 quam
875 2381 1008 2418 fratris
1055 2381 1226 2417 carnalis
1266 2394 1308 2417 ex
1349 2381 1527 2417 caritatis
1567 2381 1719 2428 legibus

411 2442 587 2485 attenda,
622 2452 701 2475 non
734 2448 869 2475 tamen
900 2439 1065 2475 intendo
1089 2440 1195 2487 quod
1226 2439 1394 2475 scientes
1428 2440 1475 2475 de
1508 2438 1590 2474 istis
1624 2451 1719 2486 apo-

410 2498 522 2534 statis
562 2498 634 2533 ista
677 2497 887 2533 mendacia
927 2497 1080 2533 irruant
1120 2496 1159 2532 in
1199 2510 1278 2542 2²08,
1319 2497 1540 2533 occidendo
1580 2509 1716 2532 eorum

413 2568 583 2604 corpora
616 2557 683 2591 sed
718 2556 825 2603 quod
860 2564 1025 2591 caveant
1059 2556 1107 2591 ab
1141 2554 1217 2590 illis
1249 2564 1455 2603 tamquam
1490 2554 1718 2590 infidelibus

411 2623 447 2650 et
484 2626 565 2649 non
604 2625 673 2660 per
712 2613 830 2649 falsas
869 2612 1031 2661 rapinas
1071 2622 1107 2648 et
1148 2625 1285 2648 eorum
1327 2613 1438 2649 fictas
1479 2611 1716 2648 elemosinas
1731 2625 1775 2656 40

410 2670 587 2707 nutriant
620 2683 690 2706 sua
723 2670 901 2707 facinora
935 2671 994 2707 vel
1029 2671 1257 2707 defendunt.

479 2873 516 2902 13.
538 2874 632 2902 Cod.:
653 2874 834 2902 exanimari.
907 2873 953 2901 30.
976 2874 1068 2902 Cod.:
1092 2883 1107 2901 a
1127 2874 1191 2901 Deo
1212 2873 1309 2901 twice.
