1944 3323
70 265 120 301 80
652 270 875 302 JOHANNIS
895 271 1078 302 wrctir
1098 271 1355 303 sERMONUM
1423 256 1582 314 [semro
1603 267 1668 296 xn.

362 377 432 412 Dei
468 377 513 412 de
548 376 721 412 clericali
757 376 1065 412 conversacione
1106 376 1329 412 contrarius
1363 386 1399 412 et
1433 389 1501 423 per
1534 389 1670 412 conse-

359 447 483 481 quens
528 435 746 470 secundum
788 434 958 470 formam
1001 446 1078 482 qua
1119 434 1300 470 Christus
1344 433 1588 470 ordinaverit
1632 434 1670 469 in

359 493 441 539 lege
481 505 551 528 sua
584 491 806 528 voluntarie
847 490 1019 528 militare
1059 501 1095 528 et
1130 491 1237 528 illam
1278 491 1580 528 ordinacionem
1606 492 1670 528 de-

359 550 521 586 fendere
555 558 592 586 et
624 550 770 586 fovere.

859 673 1052 713 SERMO
1084 673 1172 713 XII.
1688 689 1704 711 ο

418 769 613 804 Habentes
654 767 881 804 donaciones
918 768 1125 803 secundum
1164 768 1342 817 graciam
1383 781 1452 817 que
1491 770 1580 804 data
1618 777 1672 805 est

363 826 467 862 nobis
491 826 709 875 differentes
737 825 816 861 sive
842 825 1093 874 propheciam
1124 826 1332 861 secundum
1356 827 1671 876 racionemfidei.

362 885 421 920 Ad
458 885 570 919 Rom.
606 885 710 928 XIIO,
748 885 784 919 o.

86 954 327 993 Twentysech
422 944 463 978 ln
506 941 581 978 ista
627 940 795 989 epistola
840 952 915 989 que
960 940 1192 977 immediate
1237 940 1416 988 sequitur
1462 941 1670 989 epistolam

95 992 321 1058 {Osfgffinfflsshcg‘
364 999 585 1047 proximam
633 999 671 1035 in
719 999 858 1035 eodem
907 998 1086 1046 capitulo
1133 999 1249 1034 docet
1281 999 1497 1046 Apostolus
1536 998 1732 1046 vigintiio

143 1060 277 1089 Cburch·
364 1067 515 1106 septem
541 1056 797 1094 condiciones
826 1058 1046 1093 secundum
1071 1069 1169 1105 quas
1192 1068 1330 1092 omnes
1353 1055 1506 1093 viantes
1531 1058 1675 1093 debent

364 1115 567 1163 reciproce
591 1127 631 1151 se
655 1114 788 1151 iuvare
813 1123 849 1151 et
872 1115 1062 1162 prodesse
1092 1113 1270 1151 ecclesie.
1297 1113 1401 1150 Dicit
1426 1127 1519 1162 ergo
1544 1114 1674 1163 primo

364 1174 471 1222 quod
523 1185 662 1209 omnes
712 1171 885 1209 viatores
937 1173 1115 1209 habentes
1164 1184 1186 1209 a
1237 1171 1397 1209 Christo
1449 1172 1676 1209 donaciones

362 1232 498 1282 gracie
537 1231 756 1280 differentes
794 1231 938 1267 debent
972 1231 1191 1267 secundum
1225 1229 1312 1266 illas
1346 1231 1548 1278 prodesse.
1583 1229 1676 1279 quia

364 1289 479 1326 aliter
512 1288 551 1325 in
583 1301 729 1325 vanum
762 1288 937 1336 graciam
974 1287 1045 1324 Dei
1079 1287 1321 1335 acciperent.
1369 1289 1441 1324 Per
1473 1289 1549 1325 hoc
1583 1301 1675 1336 ergo
1697 1293 1731 1323 ι’»

366 1348 414 1384 ad
455 1347 615 1383 laudem
657 1345 728 1382 Dei
774 1345 1046 1382 differenciam
1096 1347 1294 1382 donorum
1339 1358 1502 1382 suorum
1550 1345 1675 1394 expri-

366 1414 519 1441 merent
565 1413 601 1441 et
645 1416 724 1440 non
770 1415 810 1440 se
856 1403 962 1452 ipsos
1015 1416 1056 1440 ex
1102 1403 1240 1440 alienis
1285 1404 1380 1440 false
1428 1412 1464 1440 et
1507 1405 1677 1452 superbe

367 1463 613 1499 extollerent.
668 1461 744 1507 Qui
791 1461 896 1498 enim
937 1462 1189 1498 abscondunt
1228 1462 1460 1498 thesaurum
1501 1461 1676 1500 Domini.

367 1530 408 1556 ut
441 1520 590 1557 dictam
624 1518 827 1556 racionem
864 1519 946 1556 eius
982 1520 1121 1563 celent,
1157 1528 1246 1555 sunt
1277 1518 1348 1555 Dei
1381 1518 1608 1567 proditores
1641 1528 1677 1555 et

367 1577 566 1615 luciferini
599 1576 815 1614 falsissimi.
1696 1590 1736 1612 20

111 1659 130 1678 1.
152 1651 326 1685 Prot-necyn
426 1635 560 1672 Prima
592 1635 759 1672 istarum
795 1635 1065 1672 donacionum
1102 1644 1158 1671 est
1191 1634 1410 1682 prophecia
1444 1635 1491 1671 de
1523 1634 1676 1677 futuris.v

88 1685 339 1755 Σῖᾞξῖζπᾟδῖῃῑζῗ
368 1693 567 1742 preteritis
598 1694 657 1730 vel
689 1693 856 1730 occultis
886 1694 935 1730 ad
968 1693 1086 1729 fidem
1119 1691 1358 1729 catholicam
1390 1691 1679 1740 pertinentibus

122 1763 156 1783 01⁴
178 1759 308 1790 present.
365 1755 403 1797 (a
436 1751 654 1800 prophecia
686 1750 789 1787 enim
823 1750 1044 1799 originatur
1068 1750 1194 1797 fides),
1230 1759 1265 1786 et
1298 1749 1433 1786 iuvant
1467 1762 1507 1786 se
1541 1759 1679 1786 mutuo

369 1809 650 1846 communiter.
702 1811 802 1845 Nam
843 1811 998 1856 Moyses
1043 1821 1247 1856 nunquam
1294 1809 1572 1855 prophetasset
1617 1821 1678 1844 ar-

369 1868 497 1904 chana
532 1866 622 1903 fidei
649 1868 696 1904 de
730 1865 867 1902 mundi
901 1865 1034 1904 inicio.
1068 1865 1141 1902 nisi
1175 1879 1195 1902 a
1221 1867 1304 1902 Deo
1338 1866 1413 1902 hoc
1446 1865 1679 1913 prophetice
1698 1867 1735 1899 25

371 1924 585 1969 habuisset,
640 1934 676 1961 et
728 1923 987 1960 conformiter
1031 1933 1169 1960 sancta
1219 1923 1423 1959 Elisabeth
1469 1923 1586 1959 fidem
1633 1925 1680 1960 de

370 1982 541 2031 presenti
576 1983 623 2019 de
656 1991 783 2019 matre
807 1981 969 2018 Domini
1002 1980 1244 2018 nunciasset.
1279 1983 1327 2016 Et
1349 1980 1519 2017 breviter
1543 1994 1680 2017 omnes

371 2042 564 2089 prophete
603 2039 699 2088 legis
738 2052 839 2076 nove
876 2040 936 2076 vel
975 2039 1117 2075 veteris
1156 2051 1377 2087 numquam
1421 2038 1535 2075 aliter
1575 2039 1679 2075 affir-

372 2098 575 2136 maciones
609 2099 657 2135 de
686 2099 819 2134 futuro
852 2098 911 2134 vel
944 2096 1182 2145 negaciones
1215 2096 1370 2145 aliquas
1404 2096 1680 2144 cognovissent

372 2166 409 2193 ct
446 2155 673 2204 specialiter
706 2157 753 2192 de
786 2154 863 2191 illis
898 2168 974 2204 que
1014 2156 1207 2191 excedunt
1241 2153 1442 2202 ingenium
1483 2155 1678 2191 naturale.
1696 2156 1738 2187 ’ἑο

373 2214 513 2250 Omnis
559 2213 663 2250 enim
708 2212 871 2250 viatoris
916 2212 1065 2250 noticia
1110 2212 1152 2249 fit
1197 2225 1218 2249 a
1257 2214 1353 2257 Deo,
1399 2224 1491 2260 ergo
1520 2207 1525 2265 Ι
1554 2212 1680 2248 multo
1699 2202 1779 2264 {³⁰¹2

374 2271 499 2319 magis
562 2272 922 2319 superhabundans
983 2269 1133 2307 noticia
1190 2283 1266 2318 que
1325 2269 1475 2306 excedit
1536 2269 1682 2306 limites
1699 2257 1760 2290 ²47

374 2330 587 2366 naturales.
642 2331 689 2365 Et
735 2329 774 2365 in
819 2328 1004 2365 omnibus
1049 2327 1132 2364 istis
1178 2327 1357 2364 Christus
1402 2326 1469 2375 qui
1515 2336 1570 2363 est
1610 2327 1680 2363 Dei

374 2386 499 2435 patris
533 2386 735 2435 sapiencia
768 2386 967 2423 illuminat
998 2385 1236 2422 miraculose
1259 2386 1562 2433 quodammodo
1595 2384 1681 2420 illu-

376 2454 534 2481 stratOS.
561 2445 649 2480 Illas
674 2444 808 2493 itaque
831 2443 1082 2492 prophecias,
1101 2456 1189 2480 cum
1207 2444 1408 2479 donantur
1425 2452 1467 2478 ut
1483 2442 1681 2491 publicatc
1699 2445 1737 2477 35>

377 2502 530 2550 prosint
575 2502 752 2547 ecclesie,
805 2503 949 2538 debent
994 2499 1208 2537 illuminati
1259 2509 1488 2537 constanter
1531 2501 1681 2548 populo

379 2559 614 2608 dimulgare.
661 2562 707 2595 Et
750 2560 823 2596 ista
864 2559 972 2596 racio
1013 2560 1196 2596 movebat
1234 2560 1452 2607 prophetas
1491 2557 1529 2594 in
1562 2557 1681 2594 veteri

447 2683 483 2709 15.
506 2683 601 2709 Coda
624 2683 816 2717 acciperienl.
875 2692 915 2717 ¹9-
938 2682 1032 2709 (φάψ
1054 2683 1160 2709 celant.
1222 2690 1261 2708 21.
1283 2682 1315 2708 ln
1339 2689 1451 2715 ωαψς
1474 2689 1493 2708 ι,
1557 2688 1598 2706 22.
1620 2681 1682 2708 xel:

380 2718 472 2745 adde:
497 2717 701 2752 presentibus.
774 2717 809 2744 20
844 2718 947 2745 Recte:
970 2725 1023 2744 nec
1043 2717 1252 2744 conformiter.

445 2790 474 2821 5.
508 2789 558 2821 Cf.
585 2787 744 2831 wyclit's
776 2789 955 2828 Sermons,
987 2788 1040 2820 ed.
1068 2788 1111 2830 by
1138 2788 1282 2826 Arnold,
1316 2788 1354 2825 11,
1386 2797 1463 2829 pag.
1492 2785 1682 2828 246—249.

380 2835 563 2866 Dominica
583 2835 607 2866 ΙΙ
632 2842 710 2877 post
729 2835 879 2866 Octavas
898 2834 1124 2877 Epiphaniae.
1232 2844 1283 2865 21.
1304 2833 1358 2865 Cf.
1379 2835 1568 2864 Sermones
1589 2832 1612 2871 l,
1634 2842 1671 2875 ¹9

381 2882 436 2922 35,
465 2881 518 2922 34.
545 2880 597 2913 Cf.
623 2891 727 2924 supra
752 2891 830 2923 pag.
855 2879 910 2920 82,
938 2881 959 2913 Ι.
984 2893 1016 2923 ⁴)-
