1944 3323
158 231 237 275 234
733 237 955 268 JOHANNIS
976 237 1155 268 WYC1.1F
1174 237 1429 270 SERMONUM
1471 224 1621 281 [SERMO
1642 235 1752 264 xxlx.

442 357 518 393 que
542 353 598 381 est
621 344 775 392 optima
795 353 851 381 est
875 345 923 380 ad
948 343 1236 380 beatitudinem
1261 344 1465 393 requisita.
1491 347 1539 382 Et
1557 355 1750 394 quantum

442 404 491 439 ad
525 401 802 439 obedienciam
836 401 1091 438 manifestum
1131 411 1188 438 est
1221 404 1328 451 quod
1361 402 1509 439 Christi
1541 403 1750 440 consilium

443 460 620 509 loquitur
660 461 707 496 de
746 459 980 495 obediencia
1025 460 1219 496 servanda
1252 462 1335 496 Deo
1375 469 1494 508 atque
1538 460 1752 509 prepositis

442 531 579 567 ymmo
620 517 784 554 cuilibet
823 516 1059 554 conviventi.
1101 517 1166 554 Ait
1205 518 1330 554 enim:
1364 519 1471 554 Deus
1509 519 1634 555 obedit
1672 519 1756 555 voci

444 577 519 613 viri
550 578 681 621 (Josue
719 577 787 621 XO,
824 580 885 621 14)
931 584 967 611 et
1014 574 1104 612 laici
1153 575 1346 612 obediunt
1389 575 1476 612 voci
1520 576 1593 613 viri
1638 577 1786 613 evan-5

444 633 559 682 gelici
594 633 851 680 predicantis.

154 697 219 725 The
233 699 428 725 monkshuts
502 694 543 727 In
594 692 669 728 hoc
720 704 812 739 ergo
863 690 1077 727 iniuriatur
1127 690 1242 727 nobis
1292 691 1365 728 iste
1410 691 1596 728 dominus
1645 693 1753 741 quod

155 734 428 802 Οιῗρῇἲέςῐζᾝᾞέΐδ
444 748 615 785 excludit
644 750 841 785 seculares
870 758 951 786 tam
981 750 1234 796 presbyteros
1258 761 1379 797 quam
1403 750 1536 798 laycos
1559 763 1581 786 a
1605 749 1754 787 Christi

155 803 427 864 oiblgfflie'v'iiffismrs
444 806 619 843 consiliis
643 807 914 844 observandis.
948 808 1049 843 Nam
1075 815 1169 844 tunc
1201 806 1432 844 licenciaret
1454 820 1526 844 nos
1549 809 1599 844 ad
1623 807 1753 845 carnis

214 858 368 899 eoiffiscls.
443 864 714 913 petulanciam
764 865 1085 913 qualemcunque
1136 866 1185 901 ad
1237 864 1556 902 inobedienciam
1605 865 1810 903 nostrism

442 922 656 971 prepositis
696 931 764 959 aut
796 924 846 959 ad
878 923 1163 971 temporalium
1200 922 1427 971 cupidinem
1461 923 1752 971 ampliandam.

442 983 490 1017 Et
519 990 614 1017 tunc
647 980 812 1018 omnino
845 980 1085 1017 secularium
1120 981 1221 1017 foret
1243 993 1345 1017 vana
1378 981 1530 1029 religio,
1564 982 1642 1018 Sed
1673 994 1755 1018 non

442 1040 652 1076 credamus
676 1039 810 1075 taliter
842 1038 1033 1075 stolidato
1065 1040 1132 1074 sed
1166 1039 1423 1075 observemus
1455 1040 1632 1087 regulam
1665 1039 1754 1076 reli-

442 1097 570 1145 gionis
603 1105 738 1133 nostre
771 1109 891 1145 quam
934 1097 1127 1133 habemus
1160 1096 1200 1133 in
1233 1096 1436 1144 evangelio
1471 1106 1752 1145 expressatam.

441 1155 481 1190 Si
529 1154 632 1192 enim
679 1156 870 1191 debemus
914 1156 1127 1191 observare
1171 1154 1246 1191 ista
1291 1154 1472 1201 consilia,
1516 1164 1610 1191 tunc
1648 1153 1810 1192 Deus15

442 1212 591 1261 obligat
613 1225 686 1249 nos
719 1215 790 1248 sub
824 1225 926 1260 pena
959 1212 1185 1249 amissionis
1217 1212 1361 1260 premii
1394 1214 1444 1249 ad
1476 1212 1552 1249 ista
1585 1212 1754 1250 concilia

441 1272 749 1316 observandum,
781 1279 816 1307 et
845 1283 916 1318 per
945 1282 1192 1319 consequens
1220 1282 1302 1307 non
1325 1271 1442 1307 debet
1464 1283 1486 1307 a
1508 1270 1754 1307 secularibus

443 1329 504 1365 vel
548 1328 781 1376 religionem
823 1340 1078 1365 communem
1120 1327 1266 1365 Christi
1306 1328 1555 1365 servantibus
1599 1328 1753 1366 excludi

444 1386 704 1423 observancia
737 1386 849 1423 istius
882 1385 1051 1434 triplicis
1084 1385 1241 1422 consilii
1274 1385 1494 1423 christiani.

152 1453 433 1491 Jfobservancept'
501 1447 549 1480 Et
583 1453 777 1493 quantum
818 1445 868 1480 ad
901 1445 1117 1480 secundam
1151 1443 1469 1492 descripcionem
1503 1453 1613 1492 patet
1646 1446 1754 1493 quod
1770 1453 1812 1475 20

163 1489 420 1550 “Tsjg’lsst'ffjfflsoffl
444 1502 529 1550 ipsa
570 1501 848 1550 multipliciter
886 1501 989 1550 sapit
1029 1501 1316 1550 calumpniam.
1368 1502 1408 1538 Si
1449 1501 1554 1538 enim
1599 1501 1755 1550 privata

155 1557 421 1621 fflslixf'issssofflifffig
443 1560 582 1608 religio
628 1559 779 1607 obligat
823 1572 1067 1608 quemquam
1114 1561 1164 1596 ad
1209 1561 1398 1596 mandata
1445 1559 1525 1596 sive
1569 1560 1752 1607 concilia,

154 1612 161 1620 ‘
197 1625 303 1655 breaks
324 1635 381 1666 one
442 1627 536 1654 tunc
576 1617 680 1654 enim
722 1627 777 1654 est
811 1619 858 1654 de
901 1616 1077 1654 essencia
1110 1617 1214 1653 illius
1247 1617 1450 1665 religionis
1482 1619 1590 1666 quod
1621 1617 1753 1667 ipsum

183 1663 393 1732 dessetlriffignlps
442 1676 590 1723 obliget
630 1677 679 1712 ad
720 1677 901 1721 eandem,
948 1684 985 1712 et
1023 1687 1093 1723 per
1132 1687 1380 1724 consequens
1419 1685 1614 1724 repugnat
1647 1677 1754 1725 quod

441 1733 581 1781 religio
614 1733 704 1770 talis
736 1743 914 1770 servetur
946 1733 986 1770 in
1020 1735 1219 1770 monacho
1251 1733 1327 1769 nisi
1359 1733 1489 1781 ipsum
1523 1733 1672 1782 obliget
1704 1735 1754 1770 ad
1772 1733 1810 1765 25

441 1791 742 1828 observanciam
782 1791 963 1836 istorum,
1004 1799 1040 1827 et
1078 1803 1148 1839 per
1187 1803 1435 1840 consequens
1473 1791 1663 1840 quociens
1694 1792 1754 1828 vel

441 1849 635 1898 quamdiu
678 1850 899 1885 monachus
938 1848 1213 1897 prevaricatur
1249 1849 1309 1885 vel
1349 1848 1483 1885 deficit
1522 1851 1570 1886 ab
1618 1851 1752 1886 obser-

440 1907 581 1944 vancia
620 1907 789 1943 istorum
830 1906 951 1942 trium
992 1906 1256 1942 conciliorum
1299 1906 1449 1954 expirat
1488 1919 1560 1944 sua
1599 1906 1751 1955 religio.
1770 1931 1831 1963 Fol

440 1967 553 2002 Tunc
585 1977 723 2001 omnes
756 1964 929 2012 religiosi
970 1963 1112 2012 privati
1145 1964 1334 2001 continue
1362 1964 1492 2000 forent
1524 1973 1718 2012 apostate.
1745 1957 1850 2019 [2541³

200 2033 308 2074 Yet-all
330 2034 380 2060 the
500 2022 577 2068 Qui
609 2025 738 2070 (rogo)
770 2031 860 2058 sunt
894 2024 941 2058 de
980 2021 1056 2058 illis
1096 2021 1305 2069 religiosis,
1340 2021 1407 2071 qui
1438 2035 1519 2059 non
1552 2022 1753 2060 declinant
1768 2023 1811 2056 30

181 2071 398 2131 ’Ξὲζξζῖζ-’ζὶἳζξ
441 2093 463 2117 a
508 2080 708 2117 mandatis
749 2079 911 2116 Domini
949 2080 1009 2116 vel
1053 2092 1134 2116 non
1178 2079 1368 2116 deficiunt
1411 2079 1450 2116 in
1494 2080 1753 2117 observancia

189 2147 273 2166 some
295 2139 390 2173 point.
440 2137 551 2174 istius
580 2137 749 2186 triplicis
779 2137 934 2174 consilii
959 2137 1191 2174 christiani?
1223 2137 1545 2183 Considerarent,
1574 2137 1752 2187 inquam,

441 2197 548 2244 quod
592 2195 699 2232 iuxta
742 2195 840 2231 illud
885 2204 1118 2243 sequeretur
1165 2197 1273 2243 quod
1316 2204 1510 2244 repugnat
1554 2197 1753 2233 monacho

440 2253 642 2299 fornicari,
660 2255 767 2301 quod
789 2253 839 2290 sit
854 2253 1087 2289 inobediens
1111 2266 1182 2290 suo
1205 2253 1424 2301 preposito,
1449 2262 1486 2290 et
1501 2255 1551 2290 ad
1566 2253 1752 2290 iniuriam

442 2311 607 2348 ecclesie
640 2312 895 2348 accumulent
923 2311 996 2347 sibi
1021 2310 1200 2348 dominia
1231 2311 1311 2348 sive
1345 2310 1520 2357 divicias,
1553 2312 1613 2347 vel
1645 2312 1752 2360 quod
1769 2312 1809 2346 35

441 2378 599 2417 peccet3
634 2378 670 2405 et
693 2378 787 2406 tunc
820 2368 983 2405 indubie
1015 2381 1097 2405 non
1120 2369 1221 2405 foret
1244 2368 1377 2417 aliqua
1412 2368 1567 2417 privata
1599 2368 1751 2417 religio.

441 2429 542 2463 Nam
576 2426 607 2463 si
641 2436 754 2472 esset,
788 2436 881 2464 tunc
914 2426 1052 2475 religio
1084 2426 1124 2463 in
1153 2426 1332 2463 subiecto
1362 2426 1498 2475 aliquo
1521 2428 1753 2463 observatur

443 2493 479 2521 et
512 2497 581 2532 per
615 2497 862 2533 consequens
895 2484 1117 2532 descripcio
1151 2497 1227 2532 que
1259 2484 1424 2532 ponitur
1467 2496 1551 2521 esse
1583 2485 1631 2520 de
1662 2484 1753 2521 reli—

442 2541 562 2590 giosis
601 2542 690 2579 talis
730 2541 921 2579 essencia.
961 2543 1078 2579 Nulla
1111 2541 1272 2590 quidem
1313 2541 1451 2590 religio
1484 2541 1753 2578 essencialiter

442 2599 594 2647 obligat
620 2601 669 2636 ad
693 2599 790 2636 illud
806 2601 914 2648 quod
937 2612 1016 2635 non
1039 2608 1171 2648 potest
1193 2612 1290 2645 esse,
1313 2599 1414 2636 sicut
1435 2611 1508 2636 nec
1532 2600 1752 2636 monachus
1765 2611 1810 2642 40

442 2657 640 2705 obligatur
670 2670 741 2693 suo
771 2657 905 2694 abbati
934 2666 1094 2693 mortuo
1123 2656 1301 2694 existenti
1326 2657 1486 2694 diabolo
1510 2656 1589 2694 iarn
1613 2658 1752 2705 damp-

512 2824 536 2852 5.
558 2825 653 2853 Cod.:
681 2825 737 2852 viri
759 2825 852 2852 deest.
990 2825 1017 2853 8.
1039 2824 1133 2852 Cod.:
1161 2830 1222 2852 tarn
1244 2824 1337 2851 deest.
1474 2832 1513 2852 21.
1535 2823 1630 2851 Cod.:
1659 2832 1693 2851 ca
1718 2823 1749 2851 it.

442 2859 483 2887 35.
500 2859 594 2887 Cod.:
616 2859 809 2888 accumilant.
874 2858 919 2894 39.
936 2858 1028 2887 Cod.:
1051 2860 1132 2886 nulla
1152 2859 1202 2894 qui
1224 2859 1359 2894 quidem.
1423 2867 1466 2893 41.
1482 2858 1576 2887 Cod.:
1598 2858 1690 2886 diabo
1705 2867 1749 2885 us.
