1944 3323
174 186 252 221 358

209 1350 233 1377 lt
253 1350 278 1376 is
300 1349 398 1376 God's

181 1384 373 1419 prerogativa:
394 1389 423 1411 to

219 1419 382 1446 distribute

254 1453 353 1481 merit.

757 195 978 227 JOHANle
1000 196 1181 227 WYCLIF
1200 197 1456 230 SERMONUM
1503 193 1659 241 [SERMO
1681 196 1772 224 XLII.

459 303 549 339 illos
590 311 721 338 movet
760 311 796 338 et
830 303 1199 351 quomodocunque
1241 304 1341 341 foret
1383 306 1654 343 commutacio
1686 319 1770 353 sua,

460 362 507 397 de
546 369 658 397 tanto
696 359 799 407 sapit
839 368 1061 407 peecatum.
1115 361 1154 396 Si
1195 362 1326 409 primo
1367 365 1501 414 modo,
1542 364 1769 401 mirandum

459 419 560 455 foret
609 430 732 466 quare
782 416 909 453 sancti
963 418 1134 465 apostoli
1179 420 1246 468 qui
1297 422 1522 458 habuerunt
1577 423 1771 459 maiorem

459 476 668 513 caritatem
692 488 810 523 quam
843 475 986 511 fratres
1016 475 1185 523 predicti
1209 478 1307 514 tales
1330 478 1466 516 literas
1487 493 1570 517 non
1593 480 1771 517 fecerunt

458 547 531 571 nee
570 533 771 570 faciendas
811 532 981 580 posteris
1021 535 1308 582 exemplatum,
1349 550 1472 586 quare
1517 537 1641 574 eciam
1691 538 1805 587 epi-5

458 591 569 639 scopi
610 600 647 627 et
686 590 860 638 religiosi
899 591 1186 639 possessionati
1223 606 1305 630 non
1343 603 1510 631 utuntur
1549 596 1771 633 communi-

459 649 622 686 caeione
661 648 778 685 huius
818 648 1010 695 caritatis,
1055 659 1122 686 aut
1161 664 1284 699 quare
1322 652 1463 689 fratres
1500 666 1581 690 non
1621 655 1772 691 donant

459 707 594 744 literas
634 705 864 743 huiusmodi
903 707 1083 754 cognatis
1116 707 1197 745 suis
1236 718 1273 746 et
1306 710 1479 747 dominis
1513 725 1612 761 quos
1647 711 1772 760 magis

459 765 640 812 diligunt,
688 766 756 801 sed
801 777 898 812 pure
942 764 1019 802 illis
1065 767 1112 802 de
1151 766 1296 815 quibus
1335 778 1496 817 sperant
1537 771 1693 806 lucrum
1735 778 1771 807 et

459 821 715 871 deeepeionis
748 822 916 859 aditum.
951 823 1077 860 Multa
1110 833 1201 860 sunt
1233 825 1345 873 signa
1369 827 1622 876 deeepcionis
1656 827 1771 864 huius
1791 843 1830 864 10

458 894 502 918 ex
546 881 690 930 quibus
734 880 998 928 probabiliter
1042 882 1131 930 capi
1177 892 1309 930 potest
1353 886 1461 933 quod
1505 886 1648 923 fratres
1691 899 1772 922 non

458 951 556 987 pure
588 939 644 975 sic
677 938 828 974 faciunt
862 948 1027 987 propter
1059 939 1268 977 caritatem
1308 942 1547 990 fraternam3
1593 943 1624 980 si
1665 943 1770 980 enim

458 1010 501 1034 ex
551 996 587 1033 vi
640 996 1025 1034 communicacionis
1078 1007 1309 1036 sanctorum
1361 1000 1435 1037 iste
1484 1001 1598 1038 litere
1642 1002 1772 1038 forent

457 1055 657 1103 superflue
711 1054 791 1090 suis
844 1054 1033 1091 fratribus
1081 1065 1118 1092 et
1163 1057 1358 1105 religiosis
1404 1058 1503 1105 aliis,
1551 1073 1620 1107 per
1664 1059 1769 1096 idem

456 1114 586 1150 forent
605 1113 806 1161 superflue
830 1112 916 1149 aliis
940 1114 1186 1151 secularibus
1209 1116 1310 1152 adeo
1325 1116 1567 1153 ferventibus
1590 1117 1769 1154 caritate.
1792 1122 1828 1153 15

458 1171 612 1208 Dicitur
660 1180 795 1207 tamen
839 1172 947 1220 quod
992 1172 1162 1219 regibus,
1216 1173 1389 1210 dominis
1441 1184 1477 1211 et
1531 1175 1771 1212 dominabus

457 1242 629 1278 quorum
679 1228 948 1265 confessiones
999 1230 1167 1266 audiunt
1217 1240 1255 1268 et
1299 1231 1386 1269 aliis
1431 1232 1627 1281 religiosis
1672 1234 1770 1270 tales

458 1287 594 1324 literas
627 1300 708 1323 non
741 1289 979 1324 concedunt.

515 1348 626 1391 Item,
678 1344 834 1381 videtur
885 1347 993 1393 quod
1043 1346 1218 1394 quelibet
1268 1347 1357 1383 talis
1411 1349 1607 1385 confessio
1666 1349 1770 1397 sapit

457 1403 771 1451 blasphemiam3
802 1416 892 1439 nam
919 1416 1156 1452 quecunque
1188 1417 1310 1452 opera
1335 1405 1429 1442 talia
1455 1406 1654 1444 mirabilia
1678 1420 1768 1443 cum
1788 1421 1830 1442 20

456 1461 657 1498 desierunt
685 1473 768 1497 esse
795 1461 834 1497 in
868 1474 939 1497 suo
974 1474 1131 1509 genere,
1159 1475 1240 1499 non
1267 1465 1413 1500 habent
1441 1477 1524 1501 esse
1551 1465 1625 1501 nisi
1654 1465 1769 1513 spiri-

455 1520 562 1555 tuale
600 1519 639 1555 in
673 1521 757 1555 Deo
796 1519 1077 1555 absconditum
1118 1520 1225 1557 iuxta
1264 1520 1360 1557 illud
1398 1523 1523 1570 Apoc.
1563 1524 1683 1568 X1V0‚
1722 1524 1763 1559 13

455 1577 606 1614 dietum
647 1578 695 1613 de
733 1576 898 1613 sanctis:
939 1577 1067 1626 Opera
1107 1578 1203 1613 enim
1236 1579 1392 1615 illorum
1425 1588 1636 1629 sequuntur
1667 1581 1764 1617 illos.

456 1635 495 1670 Si
536 1647 629 1682 ergo
669 1637 752 1671 Deo
798 1634 847 1671 sit
891 1635 1100 1683 proprium
1148 1648 1306 1673 servare
1351 1637 1427 1674 illis
1473 1638 1615 1675 merita
1660 1649 1766 1687 post-

456 1706 574 1741 quam
610 1692 799 1729 desierint
838 1705 922 1729 esse
963 1693 1002 1729 in
1034 1706 1105 1729 suo
1138 1706 1295 1741 genere,
1329 1695 1508 1744 sequitur
1540 1698 1648 1744 quod
1682 1699 1765 1734 Deo
1782 1702 1820 1732 25

456 1760 513 1787 est
537 1750 746 1799 proprium
771 1750 857 1798 ipsa
873 1750 1110 1788 distribuere
1135 1751 1197 1788 cui
1219 1753 1338 1799 volet,
1364 1763 1400 1790 et
1424 1767 1493 1801 per
1517 1767 1765 1803 consequens

456 1808 714 1856 premiandus
744 1821 765 1844 a
791 1810 874 1844 Deo
904 1821 947 1844 ex
971 1808 1087 1846 titulo
1117 1809 1250 1857 gracie
1280 1824 1360 1848 non
1383 1813 1502 1848 habet
1526 1821 1763 1860 potestatem

455 1866 510 1903 sic
550 1866 636 1914 ipsa
677 1867 908 1902 concedere.
956 1869 1055 1903 Nam
1091 1876 1448 1917 quantumcunque
1480 1871 1629 1906 bonum
1664 1883 1764 1918 opus

456 1926 502 1960 de
542 1936 685 1971 genere
717 1923 805 1972 quis
846 1924 982 1960 fecerit
1013 1937 1094 1960 non
1135 1926 1254 1962 habet
1287 1926 1361 1963 sibi
1395 1927 1597 1964 racionem
1632 1928 1763 1965 meriti

454 1981 531 2017 nisi
565 1983 612 2018 de
645 1990 796 2030 quanto
830 1983 878 2018 ad
914 1982 1101 2018 meritum
1127 1985 1232 2020 Deus
1264 1984 1396 2032 ipsum
1431 1994 1625 2034 acceptat.
1660 1988 1763 2034 Ergo
1781 1988 1822 2020 30

456 2040 582 2076 multo
628 2039 752 2086 magis
795 2040 856 2076 vel
900 2052 921 2076 a
965 2040 1052 2088 pari
1096 2040 1227 2088 ipsum
1271 2055 1353 2079 non
1397 2044 1516 2080 habet
1560 2043 1761 2080 racionem

455 2096 587 2134 meriti
636 2098 769 2145 quoad
817 2097 939 2134 alium
986 2107 1216 2135 extraneum
1262 2100 1337 2136 nisi
1382 2102 1430 2137 de
1469 2110 1619 2149 quanto
1660 2104 1764 2138 Deus

455 2163 638 2203 acceptat
690 2155 788 2191 illud
840 2156 890 2191 ad
935 2155 1136 2192 meritum.
1193 2158 1269 2193 Sed
1308 2160 1412 2194 Deus
1458 2168 1622 2207 propter
1666 2160 1763 2196 tales

455 2212 590 2249 literas
623 2225 704 2248 non
737 2213 825 2260 plus
847 2213 908 2249 vel
942 2212 1072 2250 minus
1106 2224 1289 2263 acceptat
1313 2215 1529 2264 quiequam
1562 2216 1681 2254 alicui
1714 2219 1763 2254 ad

456 2270 657 2316 meritum,
713 2272 782 2307 sed
832 2270 1068 2318 regulariter
1114 2281 1156 2308 ut
1201 2273 1319 2310 fuerit
1364 2275 1411 2310 de
1456 2287 1633 2322 congruo
1678 2274 1819 2323 ipse35

455 2327 616 2375 dignus3
657 2340 750 2375 ergo
788 2327 902 2365 litere
940 2331 1074 2377 quoad
1113 2331 1189 2366 hoc
1227 2331 1357 2367 forent
1396 2332 1609 2379 superflue.
1655 2334 1761 2369 Idem

455 2385 559 2422 enim
601 2385 812 2422 innuerent
850 2387 949 2422 tales
987 2386 1101 2424 litere
1139 2400 1185 2424 ae
1223 2388 1254 2425 si
1288 2389 1493 2426 maniacus
1526 2392 1763 2427 concederet

455 2445 561 2491 quod
616 2444 699 2479 vult
750 2453 817 2480 aut
873 2445 1057 2481 concedit
1108 2447 1215 2493 quod
1266 2448 1370 2483 Deus
1426 2457 1607 2496 acceptet
1661 2461 1761 2496 opus

455 2513 602 2545 meum,
635 2510 677 2536 ut
710 2509 752 2537 tu
790 2514 811 2537 a
845 2504 929 2538 Deo
968 2503 1196 2550 premieris3
1243 2513 1279 2540 et
1318 2504 1373 2541 sie
1407 2517 1496 2541 eum
1530 2505 1670 2553 triplex
1703 2518 1761 2543 re-

454 2557 617 2606 sponsio
656 2559 916 2606 blasphemie,
957 2569 1024 2596 aut
1062 2563 1169 2609 quod
1204 2563 1287 2598 Deo
1326 2563 1503 2599 aufertur
1540 2565 1647 2612 quod
1686 2563 1758 2600 sibi
1773 2577 1817 2608 40

455 2625 511 2652 est
555 2615 778 2664 proprium,
828 2626 895 2653 aut
941 2618 1033 2666 quia
1079 2627 1259 2656 creature
1306 2619 1494 2657 tribuitur
1533 2623 1641 2670 quod
1686 2621 1759 2657 soli

454 2675 537 2710 Deo
576 2682 706 2721 potest
746 2683 986 2722 competere,
1026 2677 1086 2712 vel
1125 2685 1352 2726 utrumque,
1393 2687 1502 2726 patet
1548 2680 1655 2727 quod
1693 2678 1760 2715 illa

522 2816 565 2853 37.
586 2818 680 2845 Cod.:
710 2826 847 2845 mancus.
920 2818 966 2854 31).
988 2828 1056 2847 cum
1079 2822 1203 2856 triplex;
1230 2822 1323 2849 adde:
1353 2822 1399 2849 sit.
