1944 3323
113 235 192 271 240
695 232 919 265 JOHANNJS
939 231 1120 264 wvcur
1139 232 1394 264 sERMoNUM
1440 216 1591 275 [SERMO
1613 227 1710 256 xxx.

399 340 585 377 virtuosis
617 340 784 385 actibus,
819 339 978 376 habitus
1009 339 1247 390 omittendo,
1280 339 1373 388 quia
1412 338 1535 376 nichil
1567 339 1712 375 habere

400 399 580 435 habitum
605 398 784 435 caritatis
808 406 845 433 et
867 406 1002 434 actum
1027 397 1192 434 omnino
1224 398 1423 443 omittere,
1456 397 1549 446 quia
1575 409 1713 433 secun—

400 458 494 493 dum
520 456 756 504 Gregorium
791 455 936 492 caritas
970 455 1136 492 omnino
1169 464 1360 504 operatur
1394 468 1539 503 magna
1570 454 1601 491 si
1635 462 1712 495 est:

137 523 359 563 True-charitny
400 515 491 551 licet
531 523 663 551 autem
703 513 867 562 quidam
910 513 1045 549 fideles
1083 526 1163 550 non
1209 515 1381 550 habeant
1426 512 1713 550 sufficienciam

130 564 314 621 mustaxcstsue
334 567 364 586 ¹¹¹
399 571 644 622 procedendi
667 571 707 608 in
729 584 829 620 opus
853 571 1131 617 extrinsecum,
1148 580 1236 608 acta
1260 581 1395 608 tamen
1419 570 1551 620 operis
1575 569 1713 606 intrin-
1731 572 1747 605 5

400 630 479 667 seci
497 629 648 667 nemini
667 638 876 678 negantur,
893 630 998 665 unde
1016 629 1234 666 infantulus
1253 629 1478 678 baptizatus
1496 627 1658 665 flamine
1678 635 1714 663 et

400 688 534 725 statim
560 696 742 724 mortuus
763 688 882 724 habet
903 687 1191 723 sufficienciam
1211 689 1337 724 Deum
1362 687 1401 723 in
1424 696 1516 724 actu
1534 685 1711 736 diligere⁷

400 755 616 795 antequam
641 745 776 782 anima
800 747 961 782 recedat
984 758 1006 781 a
1030 758 1214 793 corpore.
1246 747 1418 782 Jacobus
1452 758 1544 793 ergo
1577 753 1714 781 ortans

400 805 551 841 viantes
603 803 845 841 sufficientes
896 804 945 840 ad
996 803 1286 851 perficiendum
1333 812 1464 840 actum
1513 802 1714 851 duplicem

399 862 556 899 virtutis
594 862 765 911 precipit
803 863 911 910 quod
948 862 1022 897 sint
1049 863 1232 910 factores
1270 862 1379 898 verbi
1409 861 1486 897 Dei
1521 861 1556 897 in
1602 872 1774 910 opere1o

401 929 435 957 et
468 934 540 957 non
572 921 814 956 solummodo
846 920 1055 956 auditores.
1091 919 1158 956 Ille
1191 928 1323 956 autern
1360 928 1416 956 est
1447 919 1575 955 factor
1606 917 1715 955 verbi

142 989 278 1024 Hearing
297 989 356 1028 apd
402 979 565 1015 Domini
598 978 665 1027 qui
700 978 876 1026 complet
909 977 992 1014 eius
1025 977 1271 1014 sentenciam
1306 977 1345 1013 in
1378 977 1540 1022 effectu3
1582 985 1619 1012 et
1651 975 1716 1011 ille

114 1024 387 1093 ιζ’ζῇξζῗῖῇζῗὲξῃ
403 1046 460 1073 est
490 1036 650 1074 auditor
680 1037 939 1073 solummodo
964 1035 1030 1084 qui
1063 1035 1174 1072 audit
1204 1048 1225 1072 a
1250 1037 1332 1072 Deo
1361 1036 1524 1072 verbum
1551 1032 1712 1070 Domini

157 1094 182 1121 is
203 1094 342 1121 omitted.
402 1105 522 1144 atque
572 1094 756 1142 intelligit
807 1103 843 1131 et
888 1095 1021 1143 quoad
1067 1093 1266 1142 duplicem
1320 1093 1403 1130 eius
1454 1101 1588 1130 actum
1636 1091 1718 1128 eius

402 1153 646 1190 sentenciam
678 1152 940 1189 criminaliter
963 1151 1234 1200 pretermittit.
1258 1151 1367 1188 Talis
1400 1151 1505 1188 enim
1538 1149 1718 1198 sophista
1738 1153 1773 1186 15

403 1211 552 1248 diaboli
600 1210 701 1247 fallit
754 1211 947 1259 populum
999 1211 1067 1246 sed
1118 1209 1395 1258 principaliter
1443 1208 1717 1257 semetipsum.

402 1271 462 1306 Ad
495 1270 571 1306 hoc
605 1269 708 1305 enim
743 1270 862 1305 habet
895 1269 1090 1305 talentum
1116 1267 1277 1304 Domini
1310 1267 1384 1303 sibi
1418 1269 1570 1313 datum,
1603 1275 1647 1302 ut
1678 1265 1719 1301 in

403 1336 495 1364 actu
548 1328 740 1375 procedat
785 1339 902 1375 quem
953 1327 984 1362 si
1028 1326 1159 1362 renuit
1203 1339 1243 1362 se
1294 1326 1423 1374 ipsum
1475 1333 1616 1362 onerat
1671 1325 1718 1360 de

404 1385 606 1422 redicione
645 1384 818 1421 racionis
851 1384 990 1421 talenti
1032 1393 1068 1420 et
1101 1393 1245 1433 putans
1279 1396 1319 1420 se
1352 1383 1425 1420 sibi
1459 1383 1642 1420 sufficere
1675 1394 1719 1418 ex

403 1445 510 1480 nuda
555 1443 729 1480 sciencia
767 1442 841 1479 sibi
883 1444 975 1479 data
1014 1442 1087 1478 sibi
1127 1455 1207 1478 non
1246 1441 1406 1490 proficit
1444 1443 1513 1478 sed
1547 1441 1717 1477 multum
1737 1454 1776 1476 20

403 1501 528 1538 officit
567 1503 701 1550 quoad
738 1503 876 1546 Deum,
917 1500 1010 1549 quia
1050 1500 1168 1537 finem
1208 1500 1385 1536 muneris
1426 1499 1548 1536 divini
1583 1500 1719 1547 culpa-

404 1559 537 1596 biliter
575 1558 793 1605 subtrahit3
835 1567 871 1595 et
904 1558 994 1595 talis
1028 1558 1267 1595 intencionis
1300 1559 1473 1595 humane
1505 1557 1719 1594 frustracio

404 1627 461 1654 est
502 1619 715 1666 culpanda.
760 1619 808 1653 Et
847 1616 903 1653 sic
940 1629 1021 1653 non
1054 1619 1138 1653 Deo
1178 1618 1246 1653 sed
1285 1616 1493 1653 frustranti
1533 1615 1718 1664 provenit

404 1676 523 1712 fallax
557 1676 720 1713 malum.
754 1676 814 1711 Ad
848 1676 924 1711 hoc
958 1674 1062 1711 enim
1098 1676 1215 1711 datur
1248 1687 1269 1711 a
1303 1677 1386 1711 Deo
1425 1674 1515 1710 talis
1548 1673 1719 1718 habitus,

405 1742 447 1770 ut
470 1735 691 1770 secundum
725 1733 1014 1769 sufficienciam
1048 1732 1103 1769 sic
1127 1732 1358 1769 habituatus
1391 1732 1518 1781 prosit
1541 1731 1719 1768 ecclesie.
1738 1736 1776 1768 25

404 1794 453 1828 Et
490 1792 623 1828 ocium
663 1791 702 1827 in
740 1791 969 1827 huiusmodi
1009 1792 1115 1827 dono
1148 1790 1220 1827 Dei
1260 1791 1376 1827 infert
1408 1803 1527 1826 omne
1569 1790 1719 1827 malum

405 1850 570 1886 ecclesie
607 1849 831 1886 militantis.

464 1908 651 1944 Declarat
674 1916 806 1944 autem
830 1908 1001 1943 Jacobus
1024 1907 1142 1943 istam
1166 1906 1410 1943 sentenciam
1446 1906 1485 1942 in
1518 1905 1718 1953 exemplo:

407 1966 450 2001 Si
480 1967 576 2015 quis,
609 1965 752 2014 inquit,
786 1965 943 2001 auditor
974 1973 1029 2001 est
1062 1965 1170 2001 verbi
1199 1972 1234 2001 et
1265 1977 1337 2000 non
1359 1966 1503 2013 factor
1525 1964 1585 1999 hic
1617 1976 1718 1999 com-

401 2025 610 2073 parabitur
654 2024 736 2059 viro
787 2024 1049 2059 consideranti
1109 2024 1254 2059 vultum
1306 2023 1515 2058 nativitatis
1566 2034 1633 2058 sue
1683 2021 1719 2056 in
1738 2026 1778 2057 30

405 2083 570 2131 speculo.
611 2081 782 2117 Auditor
821 2080 925 2118 enim
967 2081 1056 2118 talis
1096 2080 1323 2117 considerat
1370 2081 1529 2129 qualem
1575 2077 1720 2116 suffici-

407 2139 560 2176 enciam
601 2140 719 2176 habet
758 2152 780 2175 a
814 2141 897 2175 Deo
937 2138 1113 2187 genitam
1154 2148 1190 2175 et
1224 2151 1482 2187 perseverans
1515 2137 1648 2174 ociose
1681 2135 1721 2172 in

407 2198 475 2234 illo
508 2197 654 2234 intuitu
686 2206 728 2232 ut
751 2197 882 2233 fatuus
912 2206 1188 2243 concernatur‚
1218 2209 1264 2233 ac
1292 2196 1322 2233 si
1353 2198 1474 2233 homo
1503 2195 1723 2232 intueretur

407 2268 447 2292 se
486 2255 616 2304 ipsum
656 2255 695 2291 in
739 2256 922 2302 specu103
964 2264 1000 2291 et
1039 2254 1079 2291 in
1117 2255 1185 2292 illa
1222 2255 1373 2291 visione
1416 2255 1560 2290 reflexa
1593 2252 1722 2301 quies-

408 2322 514 2350 ceret
552 2326 633 2349 non
671 2312 836 2349 ulterius
875 2312 1024 2350 directe
1062 2314 1112 2349 ad
1151 2325 1273 2361 opera
1313 2311 1597 2361 prodessencia
1630 2323 1721 2358 pro-
1738 2313 1777 2346 35

409 2373 600 2408 cedendo.
635 2372 726 2407 Ideo
759 2370 962 2418 signanter
986 2370 1081 2407 dicit
1102 2372 1286 2407 Jacobus.
1326 2369 1597 2406 Consideravit
1618 2368 1715 2404 enim

407 2442 447 2465 se
469 2437 502 2465 et
525 2430 615 2465 abiit
647 2436 682 2465 et
712 2429 841 2465 statim
875 2429 1013 2465 oblitus
1045 2436 1099 2465 est
1122 2430 1245 2477 qualis
1256 2429 1397 2478 suerit.
1432 2427 1561 2464 Sentit
1584 2435 1718 2463 autem

409 2489 516 2535 quod
561 2500 604 2523 ex
647 2486 855 2523 nativitate
898 2500 968 2523 sua
1013 2488 1106 2523 data
1152 2500 1173 2523 a
1208 2488 1289 2523 Deo
1329 2486 1368 2522 in
1410 2485 1535 2522 multa
1574 2483 1721 2521 sufficit

479 2621 502 2648 5.
525 2621 618 2648 Cod.:
641 2623 870 2653 extrincecum„
962 2622 986 2654 5,
1009 2622 1035 2648 6.
1059 2621 1153 2649 Cod.:
1174 2621 1336 2648 extriuceci
1439 2621 1465 2648 0.
1488 2619 1581 2647 Cod.:
1605 2618 1719 2645 nemini

410 2660 567 2695 negatus*
641 2657 681 2718 1331.
703 2656 799 2684 Cod.:
822 2662 917 2684 semet
938 2657 1012 2698 ipm.
1103 2654 1145 2683 33.
1168 2655 1262 2683 Cod.:
1284 2656 1394 2682 fatuos.
1487 2653 1530 2681 2³3.
1552 2654 1581 2680 iu
1604 2653 1716 2685 multa;

412 2696 539 2718 rectius:
563 2699 590 2718 ιι]
613 2700 650 2718 νυ
680 2701 707 2718 11.

483 2763 512 2795 3.
547 2765 579 2794 S.
607 2764 711 2800 Greg.
746 2764 829 2803 Reg.
863 2762 972 2805 Epist.
1004 2763 1069 2804 Ep.
1105 2763 1191 2794 Llll.
1224 2762 1316 2803 Opp.
1352 2769 1434 2792 tom.
1462 2761 1502 2802 ΙΙ,
1534 2770 1611 2802 pag.
1640 2760 1720 2801 780.

411 2810 475 2853 Ep.
495 2810 616 2849 LXIV,
635 2819 712 2851 pag.
732 2808 809 2851 839.
837 2809 872 2840 In
894 2808 1126 2849 Ezechielem,
1147 2808 1204 2839 lib.
1225 2808 1264 2848 ll,
1285 2808 1386 2839 Hom.
1407 2808 1445 2847 V,
1472 2814 1557 2838 tom.
1576 2806 1599 2846 Ι,
1623 2806 1721 2846 1354.

413 2866 468 2899 29,
497 2855 550 2889 36.
576 2855 694 2887 Jacobi
723 2856 745 2895 1,
775 2856 827 2894 23,
856 2865 908 2895 24.
