1944 3323
210 265 346 295 SERMO
368 253 466 310 xvi]
724 265 900 298 TERTIA
930 265 1056 297 PARS.

211 375 399 422 ecclesia3
432 386 506 411 nec
534 373 701 410 dubium
726 372 823 422 quin
846 373 1017 408 multum
1053 380 1221 419 prosunt
1254 370 1532 414 militantibus,

212 436 281 471 sed
313 447 395 470 non
419 441 575 470 tantum
600 440 796 480 quantum
822 430 985 467 diaboli.
1022 429 1080 466 Illi
1115 429 1220 466 enim
1254 442 1324 477 per
1347 428 1532 465 accidens

213 493 385 530 multum
424 491 672 540 profuerunt,
714 498 931 537 antequam
972 488 1046 525 iste
1078 497 1185 525 secte
1217 488 1376 524 fuerant
1408 487 1533 523 intro-

212 553 343 597 ducte,
378 559 415 587 et
452 551 511 597 (ut
544 548 659 585 multi
698 547 900 596 inquiunt)
946 547 1166 583 scabellum
1206 558 1326 594 super
1360 554 1533 594 quatuor

179 609 381 659 5pedibus
425 606 680 656 inequalibus
718 618 764 642 ac
804 605 879 642 sibi
920 604 1250 653 repugnantibus,
1299 604 1402 641 sicut
1441 613 1531 640 sunt

211 668 276 705 isti
309 675 484 716 quatuor
516 664 690 711 ordines,
723 677 805 701 non
838 672 895 700 est
929 663 1106 700 firmum.

270 728 346 763 Iste
386 733 520 762 autem
560 732 666 760 secte
699 722 888 759 dicuntur
920 721 1120 758 seminare
1154 720 1367 758 mendacia
1400 720 1440 756 in
1474 720 1532 756 in-

212 797 363 833 gressu,
408 783 449 819 in
491 794 707 831 progressu
754 790 791 818 et
830 780 871 817 in
910 793 1089 829 egressu,
1134 792 1208 816 nec
1248 779 1395 815 mirum
1437 778 1532 827 quia

214 841 470 880 menciuntur
529 839 785 878 concorditer
840 851 960 888 super
1010 838 1177 875 domino
1222 839 1314 874 Jesu
1358 837 1532 883 Christo,

158 912 197 935 10
214 914 306 938 cum
344 901 579 949 blaspheme
618 899 757 936 dicunt
789 899 899 947 quod
938 898 986 934 ab
1025 896 1102 933 isto
1143 897 1292 933 habent
1324 895 1533 932 hostiatim

213 969 251 996 et
288 959 344 997 sic
383 958 513 996 valide
554 957 804 1003 mendicare3
845 957 954 1005 quod
992 955 1150 992 videtur
1190 953 1327 991 multis
1367 967 1411 990 ex
1458 955 1533 990 hoc

213 1031 296 1055 esse
340 1017 622 1066 blasphemum
664 1016 786 1064 quod,
827 1014 929 1051 sicut
963 1013 1124 1051 Christo
1168 1012 1384 1061 imponunt
1422 1012 1534 1060 igno-

211 1076 392 1114 ranciam
425 1084 494 1112 aut
526 1073 831 1123 negligenciam,
865 1073 922 1109 sic
953 1072 1028 1109 sibi
1067 1072 1283 1121 imponunt
1321 1079 1534 1119 peccatum

212 1135 431 1172 maximum
471 1133 512 1170 in
542 1133 703 1170 viando.
742 1134 974 1181 Numquam
1008 1131 1115 1167 enim
1149 1142 1193 1167 ex
1226 1129 1304 1166 fide
1336 1129 1535 1177 scripture

159 1192 432 1231 15introduxit
477 1193 548 1229 has
592 1200 734 1237 sectas,
779 1190 871 1227 ideo
909 1190 941 1226 si
980 1197 1072 1226 sunt
1110 1198 1193 1226 tam
1233 1187 1458 1225 necessarie
1498 1196 1535 1224 et

123 1243 197 1306 1⁴:0¹3
212 1252 362 1289 directe
384 1250 642 1300 proficientes
666 1248 845 1295 ecclesie,
871 1247 1055 1285 Christus
1077 1248 1140 1285 vel
1167 1247 1391 1295 ignorasset
1420 1245 1503 1282 eius
1529 1242 1532 1298 l

116 1299 178 1322 ²³²
212 1311 474 1348 commodum
513 1321 584 1358 per
621 1308 731 1357 ipsos
763 1306 1012 1344 fructificans
1050 1306 1111 1343 vel
1145 1306 1426 1354 cognoscendo
1459 1303 1535 1340 uti·

211 1369 365 1406 litatem
413 1381 553 1405 eorum
599 1366 786 1403 differens
829 1378 900 1415 per
945 1365 1053 1402 mille
1101 1377 1229 1402 annos
1277 1373 1315 1401 et
1360 1362 1535 1412 amplius

211 1427 484 1476 negligencius
516 1426 774 1463 retardasset.

156 1498 199 1521 20
273 1488 350 1523 Pro
396 1485 530 1534 prima
574 1492 688 1533 parte
732 1482 975 1531 supponitur
1020 1481 1153 1531 primo
1199 1482 1309 1530 quod
1354 1479 1536 1518 Christus

213 1544 265 1581 sit
306 1543 576 1592 omnipotens,
622 1541 865 1579 omnisciens
911 1549 1031 1589 atque
1069 1540 1310 1585 omnivolus,
1359 1539 1536 1575 secundo

213 1602 455 1652 supponitur
493 1602 603 1651 quod
641 1599 861 1638 elemosina
899 1598 984 1635 sine
1028 1598 1173 1635 maiori
1219 1598 1398 1635 clamore
1443 1598 1537 1633 data

213 1660 377 1698 liberius
416 1659 558 1698 ceteris
591 1659 755 1708 paribus
789 1658 878 1706 plus
912 1656 1193 1694 elemosinanti
1226 1655 1427 1705 proficiat.
1481 1657 1537 1691 Ex

213 1719 358 1769 quibus
381 1718 508 1756 tercio
534 1717 750 1766 colligitur,
776 1729 867 1753 cum
892 1715 1073 1753 Christus
1096 1716 1320 1752 secundum
1345 1713 1536 1750 deitatem

157 1781 197 1814 25
214 1786 349 1826 posset
399 1789 560 1814 movere
610 1776 778 1812 dilectos
829 1787 922 1810 suos
974 1774 1058 1811 sine
1109 1773 1178 1810 tali
1231 1771 1538 1810 mendicacione

214 1837 457 1882 clamorosa,
488 1844 525 1872 et
555 1835 691 1884 quoad
720 1832 1014 1870 humanitatem
1045 1832 1147 1869 foret
1170 1831 1261 1868 talis
1286 1830 1537 1868 mendicacio

214 1894 289 1931 sibi
321 1894 474 1943 penalis
508 1902 627 1942 atque
660 1891 812 1929 inutilis
846 1900 884 1928 et
907 1904 981 1939 pro
1015 1891 1197 1939 exemplo
1221 1890 1356 1927 futuro
1388 1902 1538 1926 nocens

215 1952 394 1999 ecclesie,
451 1952 732 2000 blasphemum
777 1951 880 1986 foret
924 1958 1135 1998 peccatum
1184 1961 1228 1985 ex
1270 1949 1379 1985 nuda
1424 1956 1538 1996 parte

215 2011 276 2049 sui
299 2011 434 2048 taliter
458 2010 701 2047 mendicare.
725 2010 852 2045 Totus
877 2008 983 2045 enim
1008 2008 1185 2045 defectus
1209 2007 1250 2043 in
1273 2006 1539 2055 cupiditatem

160 2073 202 2106 30
217 2069 381 2107 Domini
413 2070 677 2115 redundaret;
717 2068 785 2104 sed
818 2066 915 2115 quid
947 2066 1234 2115 blasphemius,
1270 2078 1361 2102 cum
1392 2065 1539 2101 Johan-

216 2128 276 2165 nis
314 2129 436 2174 V1110,
470 2129 524 2173 46
570 2126 778 2164 scribitur:
819 2125 916 2174 Quis
960 2137 1010 2161 ex
1056 2125 1160 2161 vobis
1203 2131 1346 2175 arguet
1391 2136 1450 2160 nze
1494 2124 1540 2158 cie

212 2187 402 2236 peccato?
440 2187 489 2222 Et
528 2198 572 2222 ex
610 2185 685 2222 ista
725 2182 932 2221 evidencia
970 2196 1061 2220 cum
1101 2183 1189 2220 aliis
1229 2195 1294 2219 sex
1334 2181 1538 2230 prioribus

217 2244 382 2294 capiunt
420 2243 550 2281 sancti
589 2252 626 2280 et
666 2243 909 2291 sollempnes
949 2243 1134 2278 doctores
1175 2241 1284 2290 quod
1317 2240 1539 2277 hereticum

217 2302 268 2340 sit
317 2302 578 2351 pertinaciter
628 2314 805 2339 asserere
846 2300 1052 2337 Christum
1098 2300 1232 2337 taliter
1277 2298 1538 2336 mendicasse.

163 2364 202 2397 35
218 2364 300 2398 Nec
339 2361 459 2398 habet
498 2372 660 2398 eausam
699 2359 806 2398 istud
855 2358 1113 2395 mendacium
1152 2358 1229 2395 nisi
1273 2366 1352 2394 stat
1391 2366 1433 2393 ut
1476 2355 1541 2392 isti

220 2418 394 2456 mendici
423 2420 618 2456 seducant
647 2419 844 2468 populum
875 2426 912 2453 et
941 2417 1025 2454 sine
1048 2418 1186 2454 labore
1209 2415 1384 2464 apostoli
1406 2414 1540 2452 vivant

219 2477 510 2515 delectabiliter
538 2477 579 2513 in
611 2477 714 2525 ocio,
749 2485 792 2513 ut
814 2475 950 2513 utilius
984 2485 1104 2525 atque
1136 2474 1358 2524 perfeccius
1389 2472 1541 2510 intrare

219 2549 336 2573 suum
359 2535 542 2573 ordinem
558 2544 767 2585 tamquam
790 2534 1142 2584 perfectissimum.
1166 2535 1245 2571 Sed
1267 2530 1541 2582 repugnancia

220 2595 323 2631 inter
356 2595 428 2631 hos
461 2594 635 2640 ordines,
670 2593 869 2642 perfeccio
903 2591 1110 2630 christiani
1143 2591 1295 2629 ordinis
1329 2599 1367 2628 et
1388 2590 1540 2627 fructus

161 2666 207 2698 40
222 2665 472 2703 consequens
505 2651 748 2690 convincunt
782 2651 1051 2690 mendacium.

291 2818 312 2840 1.
333 2811 428 2839 Cod.:
455 2811 598 2845 ecclesie3
629 2810 686 2838 itm:
715 2810 844 2838 dubium
871 2810 966 2837 deest.
993 2809 1123 2837 Addidi.
1232 2815 1258 2836 2.
1282 2806 1377 2836 Cod.:
1406 2807 1457 2834 sed
1480 2814 1539 2834 non

221 2850 333 2874 tamen.
409 2855 434 2882 7.
455 2847 488 2873 In
511 2854 624 2881 marg:
645 2845 736 2872 Nota.
816 2846 843 2872 8.
866 2846 897 2872 ln
920 2853 1034 2880 marg:
1057 2853 1076 2871 1.
1158 2852 1199 2872 10.
1221 2843 1317 2870 Cod.:
1341 2842 1539 2877 blasphemie.

223 2882 263 2909 16.
294 2882 326 2909 In
354 2890 467 2916 marg:
499 2889 519 2908 1.
657 2887 703 2907 20.
732 2879 828 2907 Cod.:
861 2888 916 2915 pro
944 2879 1094 2912 secundem
1126 2879 1166 2906 ib.
1196 2878 1291 2905 Cod.:
1323 2876 1539 2916 supponendo.

221 2915 266 2944 30.
289 2916 384 2944 Cod.:
407 2916 459 2943 sed
481 2916 532 2951 qui
555 2915 757 2950 blasphemis.
832 2914 876 2949 37.
898 2914 994 2942 Cod.:
1016 2914 1232 2941 dilectabiliter
1252 2913 1282 2940 in
1304 2921 1401 2939 Ocelo.

1582 728 1677 756 Their
1698 738 1790 765 many

1601 765 1671 796 lies;
1694 773 1779 791 some

1572 799 1805 835 blasphemous,

1575 1496 1608 1515 as
1629 1487 1717 1515 when
1739 1487 1809 1524 they

1572 1523 1682 1557 charge
1704 1522 1810 1551 Christ

1586 1558 1659 1585 with
1682 1557 1795 1592 having

1561 1593 1680 1654 begged1
1697 1601 1730 1620 as
1751 1593 1821 1629 they

1685 1636 1712 1654 o.

1578 2362 1656 2390 This
1676 2362 1747 2398 they
1767 2361 1807 2389 do

1614 2403 1644 2425 to
1665 2397 1777 2433 glorify

1561 2434 1747 2460 themselves
1769 2432 1827 2458 und

1585 2468 1662 2495 their
1682 2467 1800 2494 orders.
