1944 3323
111 915 130 933 ί)

93 1277 127 1309 15

87 1614 130 1635 20

90 1895 129 1927 25

91 2186 132 2218 30

90 2480 130 2511 35

150 263 286 292 SERMO
311 252 433 310 anr]
640 264 812 296 TERTlA
842 263 965 294 PARS.

147 373 324 422 graciam
360 372 460 417 aliis,
495 380 532 408 et
566 379 701 407 tamen
734 382 815 407 non
847 377 1016 417 possunt
1050 370 1145 405 dare
1184 367 1261 404 illis
1295 366 1465 403 beatitu-

147 431 279 469 dinem
312 429 536 476 actualiter,
568 442 657 466 cum
682 428 721 465 in
746 427 996 465 beatitudine
1020 431 1076 473 (ut
1098 426 1254 463 videtur
1278 424 1467 473 sapienti-

148 492 235 537 bus)
278 498 446 539 possunt
486 490 581 524 dare
621 487 728 523 iuxta
768 486 863 522 illud
900 488 1022 522 Luce:
1063 485 1290 521 Μειιςιιναηι
1331 485 1466 519 bonam

146 557 181 585 et
219 549 436 598 consertam
475 554 509 583 et
547 546 783 596 coagitatam
824 552 858 580 et
897 543 1195 594 superfluentem
1242 543 1386 578 dabunt
1430 541 1466 576 in

146 606 276 643 sinum
310 615 502 643 vestrum.
543 606 666 640 Error
699 612 832 640 autem
869 601 909 638 in
941 602 1085 650 logica,
1121 600 1397 649 metaphysica
1431 608 1467 635 et

147 665 224 702 fide
256 663 456 701 catholica
485 676 575 700 cum
607 661 827 710 cupiditate
858 661 1063 697 mundana
1093 659 1301 696 confundit
1325 659 1467 695 fratres

146 724 185 760 in
230 723 304 760 ista
350 721 532 767 materia,
578 730 620 757 ut
665 721 898 757 fabulantur
943 720 1051 768 quod
1098 718 1359 755 committunt
1405 716 1465 752 vel

146 783 297 818 donant
336 780 474 818 omnia
513 781 619 816 bona
658 791 729 816 sua
768 778 808 814 in
847 790 990 814 manus
1022 776 1082 813 sui
1115 775 1324 825 prepositi,
1358 775 1467 824 quod

1677 253 1752 289 365

145 840 201 877 sic
245 841 353 888 quod
398 839 473 876 sibi
514 838 633 874 liceat
677 849 917 886 quecunque
960 835 1132 872 voluerit
1180 837 1284 871 bona
1330 833 1759 881 huius-lnmejudgmem

147 898 254 934 modi
288 898 534 946 dispensare,
576 897 645 933 sed
684 895 812 932 sciant
852 895 960 943 quod
999 893 1039 930 in
1079 893 1142 930 die
1176 892 1313 929 iudicii
1347 904 1467 928 unus-

145 957 315 1006 quisque
354 969 455 992 onus
494 968 609 991 suum
652 953 832 1003 portabit
864 962 902 989 et
934 951 1201 1001 premiabitur
1232 952 1293 987 vel
1327 952 1467 998 damp-

145 1015 319 1061 nabitur,
365 1015 737 1062 quomodocunque
786 1010 977 1048 meruerit
1020 1010 1081 1047 vel
1126 1009 1384 1054 demeruerit‚
1431 1017 1468 1044 et

145 1082 239 1110 tunc
278 1086 359 1109 non
398 1073 587 1109 valebunt
627 1079 769 1108 contra
808 1070 928 1106 fidem
969 1068 1168 1117 scripture
1204 1067 1467 1117 palliaciones

145 1132 219 1168 iste
253 1130 403 1168 diaboli
438 1143 509 1179 per
541 1138 670 1166 sectas
704 1128 862 1165 fallacie
894 1128 1139 1164 introducte.

619 1268 814 1309 SERMO
847 1268 1000 1308 XLIII.

204 1366 290 1401 Non
329 1365 448 1401 simus
485 1364 793 1414 concupiscentes
831 1364 1040 1407 malorum,
1079 1362 1175 1398 sicut
1213 1369 1249 1397 et
1287 1360 1344 1397 illi
1380 1371 1468 1396 con-

147 1425 360 1474 cupierunt.
396 1426 422 1461 I.
458 1424 550 1461 Cor.
584 1424 653 1469 XO,
689 1424 725 1461 6.

204 1482 351 1519 Paulus
385 1482 425 1518 in
457 1481 532 1518 ista
566 1481 737 1530 epistola
770 1489 979 1528 tamquam
1014 1479 1245 1528 speculator
1278 1476 1468 1526 providus

145 1540 319 1590 predicit
353 1540 520 1577 ecclesie
554 1552 598 1576 ex
630 1538 984 1588 prenosticacione
1018 1537 1237 1586 exemplari
1269 1535 1469 1584 scripture

146 1599 362 1648 preterita:
417 1599 504 1634 Non
548 1598 681 1645 simus,
729 1597 873 1646 inquit,
922 1597 1230 1646 concupiscentes
1274 1595 1467 1630 malornm

147 1657 458 1703 desideriorum,
482 1656 578 1693 sicut
601 1656 921 1705 prevaricatores
953 1655 1052 1703 legis
1084 1653 1229 1691 veteris
1254 1654 1466 1702 cupierunt.

147 1719 195 1752 Et
228 1716 318 1753 talis
353 1714 688 1764 concupiscencia
721 1716 942 1751 secundum
983 1714 1157 1750 formam
1192 1711 1375 1748 illicitam
1412 1720 1468 1747 est

148 1784 276 1811 mater
309 1774 492 1811 omnium
528 1774 727 1810 malorum
753 1785 829 1822 que
852 1771 1050 1821 perversis
1075 1771 1277 1815 eveniunt,
1313 1780 1351 1806 et
1377 1769 1467 1805 ideo

147 1834 214 1870 illa
259 1841 317 1869 est
362 1831 563 1881 imprimis
605 1831 842 1880 diligencius
881 1831 1150 1879 precavenda.
1199 1829 1239 1866 Si
1283 1828 1389 1865 enim
1429 1827 1468 1863 in

146 1893 231 1940 lege
264 1891 386 1928 veteri
419 1899 586 1939 propter
619 1890 803 1926 illicitam
837 1888 1218 1937 concupiscenciam
1251 1887 1363 1935 virga
1397 1886 1467 1922 Dei

148 1950 315 1987 celerius
354 1949 469 1998 punit
509 1961 654 1997 pueros
696 1948 793 1996 legis
832 1947 978 1985 veteris
1018 1960 1121 1996 pena
1161 1945 1354 1983 sensibili.
1395 1957 1469 1981 nos

148 2018 281 2046 autem
315 2016 530 2056 peccantes
563 2007 721 2055 gravius
756 2019 838 2043 non
871 2006 927 2043 sic
967 2006 1095 2054 punit,
1131 2005 1225 2054 quia
1266 2017 1370 2052 pena
1411 2003 1468 2039 in-

147 2067 346 2104 sensibilis
379 2066 599 2112 inferenda,
633 2065 834 2114 posterior
865 2066 984 2113 longe
1015 2064 1175 2113 gravior
1209 2072 1266 2100 est
1298 2070 1467 2099 servata.

207 2126 392 2162 Secundo
438 2125 623 2161 hortatur
666 2124 885 2172 Apostolus
932 2135 982 2159 ne
1032 2135 1075 2159 ex
1120 2121 1191 2158 tali
1236 2120 1467 2157 inordinata

150 2182 484 2232 concupiscencia
537 2182 662 2219 simus
707 2182 914 2234 νγαῐοῖατνε,
963 2181 1057 2230 quia
1101 2179 1244 2229 (Exodi
1290 2181 1468 2224 XXX110)

149 2242 342 2279 scribitur
374 2242 582 2290 quomodo
623 2249 714 2289 post
751 2239 995 2288 ydolatriam
1035 2238 1149 2276 vituli
1189 2239 1386 2275 dederunt
1427 2249 1469 2274 se

149 2299 369 2337 insolencie
402 2308 439 2336 et
471 2301 733 2348 postmodum
769 2312 790 2335 a
824 2301 961 2346 Moyse
994 2306 1031 2334 et
1060 2297 1140 2334 suis
1163 2296 1354 2333 fratribus
1378 2304 1469 2332 sunt

148 2358 292 2407 puniti.
326 2360 374 2394 Et
407 2357 498 2395 talis
530 2357 731 2406 ydolatria
765 2356 981 2393 crebrescit
1015 2356 1054 2392 in
1087 2355 1270 2400 ecclesia,
1306 2367 1396 2391 cum
1423 2367 1469 2390 eo

148 2417 236 2465 ipso
270 2430 350 2465 quo
383 2417 472 2465 plus
496 2419 580 2453 Deo
604 2415 784 2463 diligitur
806 2415 972 2463 aliquod
995 2414 1234 2462 temporale,
1268 2412 1470 2461 ydolatria

148 2475 238 2512 talis
273 2474 554 2512 committitur.
597 2475 674 2511 Sed
708 2474 797 2523 quis
830 2473 1061 2510 inchoando
1095 2485 1117 2509 a
1150 2484 1269 2520 papa,
1304 2470 1470 2519 prelatis

148 2533 406 2570 inferioribus
452 2541 488 2569 et
532 2533 781 2569 transeundo
825 2544 896 2580 per
940 2530 1150 2579 religiosos
1194 2529 1374 2578 duplices
1420 2530 1470 2565 ad

149 2592 333 2628 homines
372 2592 574 2628 seculares
613 2603 694 2627 non
732 2591 822 2639 plus
862 2589 1036 2626 afficitur
1082 2588 1228 2626 honori
1274 2596 1311 2624 et
1356 2588 1470 2624 lucro

217 2725 242 2754 5.
265 2726 366 2754 sinum
389 2725 484 2753 deest.
571 2733 612 2752 ιο.
634 2724 730 2753 Cod.:
757 2724 810 2751 sed
833 2728 923 2752 stant.
1004 2731 1046 2760 ις).
1067 2724 1163 2751 Cod.:
1191 2723 1470 2759 pronosticacione.

220 2810 250 2843 3.
282 2811 397 2843 Lucae
424 2810 481 2848 VI,
510 2808 565 2843 38.
713 2809 763 2841 15.
799 2808 981 2841 Dominica
1015 2819 1106 2840 nona
1140 2815 1222 2852 post
1249 2808 1470 2840 Trinitatem.

149 2857 202 2889 Cf.
245 2857 408 2900 Wyclif's
457 2858 639 2898 Sermons,
687 2857 742 2888 ed.
784 2856 830 2898 by
872 2856 1022 2895 Arnold,
1072 2856 1114 2895 ll,
1153 2866 1232 2898 pag.
1277 2852 1469 2886 333—336.

152 2903 204 2935 30.
233 2904 256 2935 Ι.
283 2905 363 2936 Cor.
389 2904 430 2944 X,
456 2914 488 2947 7.

1489 883 1560 908 each
1585 883 1659 909 shall
1684 884 1753 909 bear

1554 919 1601 945 liis
1622 927 1692 945 own

1559 954 1687 981 luirdcu.

1512 1491 1579 1519 The
1599 1491 1730 1527 Apostle

1542 1535 1645 1554 warns
1666 1535 1701 1553 us

1513 1563 1631 1597 against
1653 1563 1730 1591 lust:

1561 2134 1680 2167 against

1548 2169 1698 2204 idolam-‚xz
