1944 3323
102 900 140 921 10

101 1181 136 1213 15

95 1483 137 1504 20

93 1763 133 1795 25

60 1915 133 1946 Fol.

54 1961 134 2003 284ἀ

90 2055 134 2086 30

163 249 301 281 smnio
322 238 476 300 ηψπ]
653 254 828 287 TERTIA
858 255 980 287 PARS.

160 362 332 410 patriam
367 363 501 399 sileret
535 371 571 398 et
601 371 751 399 taceret
777 375 966 400 enarrare
996 362 1234 411 periculum,
1270 365 1477 411 quomodo

160 421 331 458 fidelitas
370 422 505 470 quoad
545 423 672 457 Deum
719 429 756 457 et
801 421 1027 469 proximum
1076 430 1256 457 maneret
1301 421 1340 457 in
1386 421 1479 458 illo?

159 481 300 515 Nonne
338 479 441 516 foret
480 491 570 516 reus
611 479 752 515 mortis
794 492 864 528 per
897 493 1010 516 suam
1045 479 1335 528 negligenciam
1372 479 1477 516 occi-

159 538 324 574 sorum?

216 598 265 631 Et
304 595 378 632 ista
418 595 696 632 consideracio
742 597 790 632 de
832 596 1039 633 Ezechiele
1085 605 1253 645 accepta
1299 605 1477 633 moveret

159 654 307 690 multos
340 663 630 702 cognoscentes
665 663 833 702 peccata
866 654 1100 691 communia
1139 654 1225 703 ipsa
1265 667 1393 703 usque
1426 655 1476 691 ad

157 721 329 749 mortem
375 713 527 761 populo
573 712 795 761 publicare.
845 715 893 750 Et
938 713 1013 750 ista
1058 713 1273 750 infidelitas
1318 712 1476 749 videtur

156 770 338 807 habitare
361 770 401 807 in
423 771 626 817 fratribus,
652 784 743 808 cum
766 771 1019 808 ablacionem
1042 772 1330 819 temporalium
1354 784 1474 820 quam

156 828 321 877 quidam
367 828 548 866 iudicant
594 829 844 866 meritoriam
886 839 1006 879 atque
1047 829 1289 867 catholicam
1331 839 1369 866 et
1409 829 1475 866 alii

155 887 458 936 dampnabilem
499 897 620 937 atque
660 888 880 925 hereticam
919 901 995 925 nec
1035 890 1263 937 approbant
1309 901 1383 925 nec
1416 901 1476 924 re-

155 947 330 994 probant
351 947 579 983 vecorditer
603 947 822 984 reticendo.
857 949 906 983 Et
930 946 1193 984 conformiter
1214 946 1474 983 senciendum

155 1013 213 1040 est
247 1005 295 1041 de
327 1005 566 1042 infidelitate
599 1005 767 1042 fundata
799 1005 839 1041 in
863 1014 1118 1042 sacramento
1143 1005 1374 1051 eukaristie,
1408 1005 1475 1041 ubi

154 1075 235 1100 non
268 1064 418 1100 audent
450 1064 511 1100 vel
545 1077 667 1100 unam
703 1072 858 1112 partem
894 1064 956 1100 vel
991 1063 1112 1101 aliam
1139 1064 1291 1112 populo
1315 1063 1475 1112 publice

153 1121 376 1169 predicare.
422 1123 504 1158 Nos
537 1131 672 1159 autem
706 1122 961 1170 publicamus
1002 1124 1225 1159 secundum
1265 1122 1473 1171 antiquam

154 1179 274 1216 fidem
309 1179 476 1217 ecclesie
509 1182 621 1228 quod
653 1180 754 1216 illud
793 1189 1096 1218 sacramentum
1137 1190 1196 1217 est
1234 1190 1272 1218 et
1313 1180 1476 1217 realiter

153 1250 299 1286 corpus
329 1247 367 1275 et
390 1238 552 1286 sanguis
577 1238 727 1275 Christi
750 1239 791 1275 in
814 1239 945 1276 forma
967 1239 1083 1287 panis
1107 1248 1175 1276 aut
1197 1239 1298 1285 vini3
1332 1239 1474 1276 fratres

152 1305 285 1333 autem
321 1297 604 1334 contradicunt
638 1297 895 1334 concorditer
916 1298 979 1334 vel
1011 1306 1146 1334 tacent
1178 1297 1405 1334 vecorditer
1438 1306 1474 1334 et

153 1354 208 1391 sic
242 1355 282 1391 in
315 1355 392 1391 fide
426 1355 623 1392 fluctuant
661 1355 865 1404 simplices
905 1355 1130 1393 christiani.
1177 1356 1334 1393 Dicitur
1367 1356 1471 1393 enim

153 1422 338 1461 patenter
377 1413 566 1451 fratribus
601 1415 725 1462 (quod
760 1423 797 1451 et
828 1416 1017 1462 noscunt)
1054 1416 1163 1463 quod
1208 1414 1338 1451 maior
1382 1428 1474 1463 pars

153 1471 291 1520 populi
326 1472 452 1509 credit
486 1471 598 1508 illum
633 1485 777 1521 panem
812 1481 903 1520 post
927 1473 1281 1510 consecracionem
1313 1473 1474 1510 realiter

153 1542 237 1566 esse
270 1543 417 1579 corpus
450 1530 612 1576 Christi,
647 1531 750 1567 sicut
784 1530 880 1567 dicit
913 1531 1163 1579 evangelium
1197 1531 1402 1580 Apostoli:
1437 1540 1474 1568 et

152 1590 315 1637 quando
349 1588 532 1637 queritur
564 1602 587 1626 a
620 1589 809 1626 fratribus
842 1589 874 1625 si
914 1591 1088 1638 populus
1128 1602 1304 1638 congrue
1346 1589 1473 1626 credit

151 1646 189 1682 in
229 1647 377 1684 talibus
415 1648 476 1684 vel
516 1656 651 1684 tacent
683 1648 744 1684 vel
783 1649 952 1685 subdole
994 1649 1290 1685 contradicunt.
1339 1650 1472 1694 Quare

151 1717 244 1753 ergo
268 1718 348 1741 non
371 1714 462 1742 sunt
485 1705 713 1754 proditores
743 1706 933 1743 ecclesie?
967 1719 1057 1743 cum
1082 1716 1239 1743 tantum
1263 1706 1472 1755 spirituale

151 1763 374 1811 periculum
417 1772 474 1800 est
514 1763 717 1800 infinitum
760 1764 888 1801 maius
923 1778 1044 1813 quam
1086 1765 1187 1802 foret
1226 1764 1382 1801 hostilis
1415 1765 1472 1800 in-

149 1821 260 1858 vasio
294 1822 530 1870 corporalis,
570 1823 631 1859 vel
664 1832 797 1859 tacent
830 1824 891 1859 vel
933 1823 1196 1860 consenciunt
1230 1823 1335 1872 parti
1360 1823 1470 1859 false.

209 1879 397 1916 Decimus
422 1881 573 1917 fructus
597 1881 762 1929 spiritus
786 1890 844 1918 est
868 1882 1056 1918 modestia
1081 1894 1158 1931 que
1183 1881 1280 1918 dicit
1304 1883 1469 1917 modum

150 1951 373 1986 congruum
399 1938 438 1974 in
463 1939 675 1987 agibilibus
700 1949 821 1988 atque
845 1939 1051 1976 scibilibus
1072 1936 1074 1990 Ι
1098 1940 1362 1977 conversandi
1380 1953 1469 1976 cum

151 1997 302 2045 populo
326 2010 415 2033 cum
443 1997 764 2034 circumstanciis
788 1999 1012 2046 oportunis.
1049 1999 1296 2035 Undecimus
1320 1999 1471 2035 fructus

151 2064 187 2091 et
235 2055 501 2092 duodecimus
550 2065 641 2093 sunt
686 2057 920 2093 continencia
965 2066 1003 2094 et
1048 2058 1206 2094 castitas
1253 2057 1469 2106 appetitus.

151 2113 416 2150 Continencia
461 2123 594 2151 autem
641 2115 794 2163 patitur
837 2115 1192 2164 concupiscencias
1231 2115 1470 2152 intrinsecas

149 2173 218 2208 sed
251 2184 331 2208 non
364 2171 554 2218 vincitur3
590 2172 752 2210 castitas
785 2183 921 2210 autern
950 2187 1040 2210 cum
1066 2173 1325 2210 mortificavit
1349 2186 1470 2222 appe-

149 2229 244 2266 titus
278 2229 454 2276 illicitos,
487 2230 698 2267 sensitivos
722 2231 875 2280 quietat
910 2241 948 2268 et
979 2232 1068 2269 illas
1101 2245 1183 2269 non
1216 2232 1381 2281 patitur.
1422 2234 1470 2267 Et

150 2287 213 2324 isti
247 2288 435 2324 dicuntur
468 2301 554 2325 esse
587 2290 802 2326 duodecim
832 2290 983 2327 fructus
1008 2290 1136 2327 notati
1159 2292 1286 2339 Apoc.
1310 2290 1467 2335 ultimo.

94 2347 108 2378 Γ
149 2345 242 2394 quia
276 2346 367 2382 licet
399 2346 438 2382 in
462 2346 524 2383 via
548 2347 756 2396 incipiant,
781 2357 917 2384 tamen
941 2361 1067 2397 usque
1090 2350 1140 2385 ad
1163 2349 1316 2385 fructus
1340 2348 1468 2397 patrie

150 2404 440 2449 immorantur3
474 2414 511 2441 et
545 2405 584 2441 in
617 2406 796 2442 essencia
821 2416 985 2443 manent
1009 2406 1131 2443 idem.
1166 2409 1214 2442 Et
1239 2407 1291 2442 hii
1318 2407 1467 2443 fructus

149 2472 296 2498 exuunt
328 2462 504 2499 viatores
536 2476 558 2500 a
591 2464 724 2500 fructu
758 2465 888 2512 penali
924 2465 1033 2513 legis,
1069 2465 1160 2501 licet
1183 2465 1262 2501 sint
1286 2464 1466 2513 prompti

149 2520 189 2556 in
221 2533 314 2557 casu
349 2534 428 2569 quo
463 2530 642 2558 errantes
676 2524 822 2559 debent
854 2522 909 2558 sic
940 2522 1084 2571 puniri.
1123 2524 1215 2559 Ideo
1240 2523 1336 2559 dicit
1360 2524 1467 2571 Apo—

148 2579 291 2615 stolus:
325 2580 526 2616 Adversus
558 2580 779 2616 huiusmodi
810 2593 881 2616 non
915 2588 971 2618 est
1004 2581 1080 2617 lex.

167 2782 172 2785 p
218 2747 242 2779 3,
263 2757 291 2779 4.
315 2747 408 2775 Coti:
430 2748 560 2775 occisor.
678 2748 722 2776 30.
746 2749 841 2776 Com:
864 2751 1046 2785 appetitum.
1166 2750 1211 2778 2³93.
1235 2752 1328 2779 (jod..-
1353 2756 1463 2778 manet.

147 2780 191 2809 33.
214 2783 307 2809 (md..-
335 2783 482 2816 errantis;
512 2784 550 2810 ib.
574 2784 667 2810 Loth:
696 2785 817 2811 devient
838 2786 890 2812 sic.

219 2889 272 2930 34.
300 2892 405 2932 Apoc.
434 2891 542 2930 XXII,
570 2902 599 2922 2.
698 2892 750 2935 39.
779 2892 854 2923 Gal.
879 2893 917 2932 V,
949 2892 1001 2926 23.

1685 263 1766 297 419

1502 603 1605 630 1-'riars
1627 605 1685 630 will
1715 610 1764 631 net

1535 638 1654 665 declaro
1675 640 1723 666 llic

1503 674 1584 700 trutll
1607 674 1703 700 either
1722 683 1755 700 ιι»

1507 713 1536 735 10
1558 709 1755 737 cndowmcnt

1557 752 1592 770 οι·
1612 749 1643 771 to
1665 744 1714 771 the

1546 778 1718 806 Eucharist.
