1944 3323
186 259 322 291 SERMO
341 248 426 307 vir]
675 262 851 294 TERTIA
878 262 1003 294 PARS.

185 369 304 417 plena
326 367 557 404 racionibus
581 367 763 404 omnium
799 377 1042 404 creatorum.
1078 370 1125 404 Et
1148 368 1214 404 ille
1238 368 1420 404 raciones
1443 369 1504 404 vel

185 426 272 462 idee
304 434 396 462 sunt
429 425 753 462 substancialiter
786 425 869 474 ipse
903 428 1021 462 Deus.
1069 425 1193 472 Sicut,
1233 439 1306 463 nec
1339 439 1402 462 ars
1437 426 1504 462 illa

184 492 316 533 potest
349 483 539 531 distingui
570 483 809 520 naturaliter
848 485 897 520 ab
937 484 1024 532 ipso
1064 483 1238 530 artifice3
1281 493 1318 520 et
1352 496 1394 520 ex
1427 483 1505 520 isto

185 551 294 590 patet
328 542 410 578 eius
440 541 626 590 dignitas,
668 542 838 589 Oportet
872 541 977 578 enim
1012 541 1142 590 ipsum
1178 555 1262 578 esse
1296 544 1438 587 Deum,
1473 542 1504 578 si

152 604 169 637 5
186 600 236 637 sit
270 609 427 637 creator
459 599 565 636 idem
601 599 873 636 essencialiter
896 601 980 636 Deo
1004 599 1122 648 patri.
1157 602 1212 636 Ex
1235 600 1312 637 isto
1336 600 1506 636 infertur

185 659 294 708 quod
329 658 510 694 Christus
551 670 640 695 cum
683 658 732 694 sit
770 659 936 694 verbum
972 658 1040 694 Dei
1083 667 1141 694 est
1180 659 1373 706 splendor
1406 657 1505 694 lucis

185 717 332 765 prime:
367 729 443 765 que
476 725 533 752 est
566 715 834 764 personaliter
858 718 963 752 Deus
997 725 1123 764 pater.
1159 716 1199 753 Si
1224 716 1329 753 enim
1354 716 1394 752 in
1418 717 1505 752 luce

186 784 320 812 creata
352 775 416 811 lux
448 775 639 822 splendor
679 783 715 810 et
754 774 885 810 fervor
922 783 1013 810 sunt
1052 783 1132 811 tres
1171 774 1324 822 singule
1364 775 1503 811 eadem

186 833 376 878 essencia‚
411 842 563 881 quanto
596 832 723 880 magis
756 832 796 868 in
819 832 995 869 essencia
1020 832 1201 869 increata
1225 833 1289 869 lux
1314 833 1506 880 splendor

131 905 169 926 ιο
186 901 222 928 et
262 892 406 937 fervor,
447 892 523 927 hoc
563 899 633 935 est,
676 893 792 927 Pater
832 899 868 927 et
901 890 1024 926 Filius
1058 900 1094 926 et
1128 890 1301 939 Spiritus
1335 891 1506 927 Sanctus

185 959 275 986 sunt
308 949 453 997 singuli
486 950 626 986 eadem
661 948 839 985 essencia
871 948 1064 985 increata.

1745 259 1787 293 51

244 1007 348 1054 Quia
388 1019 482 1055 ergo
523 1008 688 1043 verbum
730 1016 787 1042 est
826 1015 938 1043 actus
977 1008 1037 1043 vel
1076 1007 1206 1044 forma
1245 1020 1267 1043 a
1300 1016 1414 1055 patre
1446 1007 1506 1043 vel
1522 1015 1626 1043 Christ
1647 1015 1695 1042 the
1716 1016 1795 1042 form

184 1067 273 1102 luce
305 1067 541 1114 procedens,
581 1065 672 1101 ideo
705 1064 904 1101 subtiliter
938 1065 1035 1101 dicit
1067 1066 1286 1113 Apostolus
1319 1067 1427 1114 quod
1459 1065 1507 1101 sit

184 1125 370 1174 splendor
396 1124 547 1173 patris,-
578 1123 668 1159 ideo
707 1125 814 1171 (Sap.
839 1125 942 1169 V110,
987 1124 1052 1167 25)
1094 1125 1142 1159 de
1181 1123 1386 1172 sapiencia
1431 1123 1506 1159 ista

132 1182 351 1219 15dicitur:
393 1182 523 1231 Vapor
560 1189 615 1217 est
653 1181 750 1217 enim
791 1182 887 1217 lucis
927 1182 1080 1218 virtutis
1118 1182 1196 1218 Dei
1231 1190 1265 1218 et
1310 1182 1506 1218 emanacio

185 1242 347 1289 quedam
381 1248 436 1277 est
458 1240 650 1276 claritatis
671 1240 940 1289 omnipotentis
962 1240 1039 1276 Dei
1058 1240 1220 1276 sincera.
1255 1242 1297 1276 In
1321 1239 1507 1276 omnibus

186 1308 320 1335 autem
346 1298 430 1335 istis
454 1306 615 1346 oportet
640 1298 798 1334 fidelem
833 1310 1077 1346 cognoscere
1111 1299 1219 1346 quod
1253 1298 1508 1334 construccio

186 1357 235 1393 sit
259 1356 510 1393 intransitiva
525 1357 659 1405 quoad
683 1356 955 1392 substanciam
978 1365 1014 1393 et
1032 1358 1276 1405 quandoque
1299 1356 1507 1392 transitiva

185 1417 406 1452 secundum
449 1414 740 1463 proprietatem
775 1427 851 1463 que
890 1414 1063 1463 pertinet
1104 1416 1153 1451 ad
1192 1427 1428 1463 personam3
1472 1423 1508 1451 et

129 1474 331 1510 zoiterum
366 1473 492 1521 figura
524 1474 585 1510 vel
618 1481 798 1509 caracter
831 1473 1060 1509 substancie
1094 1473 1234 1518 Patris,
1259 1474 1365 1522 quod
1402 1472 1506 1509 enim

186 1545 331 1580 ymago
377 1535 435 1575 (ut
480 1531 628 1568 dicitur
674 1531 760 1567 Col.
808 1533 875 1578 10),
923 1540 960 1567 et
1006 1544 1096 1567 cum
1143 1531 1269 1579 figura
1314 1531 1382 1567 illa
1425 1544 1506 1567 non

186 1599 318 1638 potest
365 1602 448 1626 esse
488 1590 675 1626 accidens
715 1589 900 1637 figurato.
941 1589 1035 1637 quia
1076 1589 1131 1625 sic
1169 1589 1237 1625 illa
1278 1589 1507 1626 substancia

187 1648 400 1695 infigurata
442 1657 576 1696 posset
614 1647 782 1695 intelligi
823 1657 859 1683 et
904 1647 1100 1689 informis,
1141 1656 1250 1695 patet
1291 1649 1399 1696 quod
1441 1647 1508 1684 illa

174 1707 317 1757 figura
351 1715 408 1743 est
439 1707 658 1742 substancia
692 1707 831 1742 eadem
868 1708 951 1741 Deo
987 1706 1103 1753 patri.

129 1766 169 1797 25
243 1764 388 1800 Tercio
411 1777 504 1800 vero
529 1773 587 1800 est
604 1771 771 1813 portans
793 1765 919 1799 onmia
946 1765 1060 1800 verbo
1086 1764 1238 1799 virtutis
1260 1776 1338 1803 sue.
1372 1763 1411 1800 id
1435 1773 1505 1802 est.

187 1823 385 1858 sustinens
410 1832 446 1859 et
470 1824 697 1870 gubernans
720 1821 1021 1858 universitatem
1040 1831 1214 1858 creatam
1233 1835 1306 1858 suo
1322 1822 1506 1870 imperio,

188 1890 224 1917 et
257 1881 313 1917 sic
346 1894 416 1929 per
456 1880 632 1929 primum
676 1889 785 1928 patet
819 1882 927 1928 quod
961 1890 1018 1916 est
1052 1893 1151 1929 eque
1184 1880 1382 1928 gloriosus
1416 1893 1505 1916 cum

189 1941 318 1981 Patre,
359 1939 453 1988 quia
498 1939 665 1975 omnino
710 1939 801 1975 talis
841 1938 970 1987 qualis
1011 1948 1067 1974 est
1109 1941 1239 1975 Pater.
1287 1941 1398 1975 Patet
1438 1951 1508 1987 per

114 2036 120 2041 ,
187 1999 407 2033 secundum
453 1998 561 2046 quod
610 2006 667 2033 est
713 2006 923 2033 coeternus
970 1997 1077 2033 Patri
1127 2010 1172 2034 ac
1217 1997 1420 2033 inmensus
1467 2006 1507 2033 ut

94 2035 318 2122 nglgpater,
365 2065 401 2092 et
430 2052 434 2107 Ι
464 2068 534 2104 per
577 2055 746 2092 tercium
793 2064 901 2103 patet
944 2057 1051 2104 quod
1098 2065 1154 2092 est
1200 2055 1508 2103 coomnipotens

190 2114 295 2150 Patri
331 2123 388 2151 <ut
412 2113 558 2150 dicitur
590 2113 629 2149 in
664 2114 847 2161 symbolo
870 2113 1106 2159 Athanasii).
1141 2116 1217 2150 Sed
1243 2122 1388 2161 quarto
1420 2123 1507 2150 tan-

188 2171 293 2219 gitur
332 2171 479 2208 Christi
521 2172 763 2217 humanitas,
810 2173 1029 2208 secundum
1072 2185 1192 2220 quam
1236 2172 1408 2208 circulus
1448 2172 1506 2208 in-

189 2230 407 2277 telligibilis
437 2240 494 2266 est
519 2231 751 2278 quadratus,
787 2231 879 2266 dum
916 2230 1063 2266 dicitur
1095 2231 1382 2278 purgacionem
1417 2243 1507 2278 pec-

190 2297 371 2324 catorum
419 2288 581 2325 faciens.
631 2288 823 2333 Quamvis
868 2297 1000 2324 autem
1048 2298 1133 2325 tota
1171 2288 1348 2325 Trinitas
1387 2289 1506 2325 faciat

133 2350 172 2382 ³5
189 2347 475 2394 purgacionem
517 2356 776 2394 peccatorum
818 2355 854 2382 et
894 2346 1062 2383 redemit
1100 2356 1228 2383 totum
1273 2360 1396 2394 genus
1436 2348 1505 2382 hu-

191 2417 369 2448 manum,
409 2414 543 2441 tamen
578 2404 792 2452 dispariter
825 2407 948 2441 homo
983 2407 1100 2451 Deus,
1148 2405 1242 2454 quia
1281 2405 1365 2453 ipse
1405 2405 1505 2441 inse-

190 2463 425 2510 parabiliter
465 2462 555 2499 fecit
594 2476 694 2510 opus
733 2476 822 2499 cum
866 2465 981 2499 Patre
1020 2473 1056 2500 et
1091 2464 1242 2512 Spiritu
1284 2465 1504 2500 secundum

191 2534 303 2557 suam
346 2521 535 2557 deitatem
577 2530 613 2557 et
654 2530 787 2569 preter
825 2522 900 2557 hoc
941 2521 1012 2557 fuit
1053 2535 1192 2570 passus
1232 2535 1306 2569 pro
1346 2521 1507 2558 homine

189 2581 408 2615 secundum
434 2592 545 2615 suam
573 2580 880 2625 humanitatem,
898 2581 1004 2628 quod
1029 2593 1107 2615 non
1125 2589 1256 2628 potest
1278 2589 1508 2628 competere

130 2650 174 2681 40
189 2637 400 2677 Trinitati:
436 2639 540 2673 unde
574 2639 821 2674 contendunt
855 2638 1055 2674 scolastici
1089 2638 1118 2673 si
1150 2640 1272 2674 homo
1296 2640 1385 2686 plus
1407 2638 1505 2673 obli-

260 2767 284 2787 2.
307 2760 350 2787 A:
374 2760 450 2787 sicut
473 2760 564 2787 enim.
663 2758 686 2786 3.
708 2761 752 2787 A:
775 2761 870 2787 eciam
893 2770 938 2787 cx.
1036 2760 1113 2795 5ffi7.
1135 2762 1178 2788 A:
1203 2762 1266 2788 Deo
1288 2762 1364 2796 patri
1386 2776 1418 2779 —-
1441 2768 1506 2795 pcr-

190 2795 336 2822 sonaliter
357 2795 451 2822 deest.
535 2797 562 2821 8.
584 2795 624 2822 F:
647 2800 717 2822 sunt
738 2796 832 2822 deest.
922 2795 956 2824 11³⁴
981 2797 1022 2823 A:
1045 2797 1222 2831 precedens.
1310 2796 1345 2823 15.
1370 2796 1407 2825 1³:
1430 2795 1506 2821 lucis

189 2831 283 2857 deest.
361 2831 400 2857 10.
422 2831 466 2857 A:
489 2829 570 2864 quod
593 2834 635 2856 cst
657 2830 798 2860 clau-itas:
821 2831 859 2859 ib,
877 2831 915 2858 1³:
937 2832 1070 2858 claritas.
1147 2839 1183 2865 17.
1206 2833 1249 2857 A:
1272 2831 1389 2858 fidelem
1412 2831 1505 2856 tit-cst.

191 2873 232 2899 ιι),
245 2874 290 2891 20.
304 2866 348 2892 A:
364 2869 409 2891 est
420 2869 537 2891 certum
553 2865 647 2898 ligura
661 2866 722 2894 vel:
739 2866 807 2892 AF:
825 2871 967 2893 cart-cler.
1024 2866 1115 2892 21.1·'.·
1132 2866 1160 2892 id
1174 2871 1217 2892 cst
1231 2866 1343 2899 imago.
1402 2871 1446 2890 21³.
1462 2866 1504 2890 Λ.-

190 2908 242 2925 sut·
265 2900 401 2934 imperie.
460 2898 498 2926 25,
516 2900 552 2925 [³1
576 2904 672 2925 totum
690 2900 783 2927 dccx-1.
842 2900 884 2926 ’Ν
903 2902 944 2927 λς
968 2901 1171 2927 dixinilatem.
1229 2900 1274 2934 35³*
1292 2904 1334 2926 A:
1356 2904 1504 2934 expetere.

1354 2948 1373 2965 ἐξ

1325 2961 1344 2989 4

1557 1059 1592 1077 (η’
1612 1050 1711 1084 image
1732 1051 1766 1077 οῖ’

1619 1085 1700 1114 (iod.

1540 1773 1588 1799 the
1610 1777 1775 1834 supportes

1551 1808 1609 1834 :md
1633 1816 1712 1834 ruer
1732 1809 1766 1833 ot

1541 1844 1589 1868 ihc
1611 1843 1769 1871 uniit-sse.

1562 2354 1610 2392 the
1631 2354 1756 2389 purifici·

1579 2393 1657 2415 {rom
1680 2390 1737 2415 sin.
