1944 3323
228 240 363 269 smnio
384 229 478 287 Lm]
715 242 892 276 TERTIA
920 244 1045 275 mas.

229 351 366 388 fideles
412 349 639 399 extinguere
690 358 781 386 sunt
832 349 902 386 filii
954 349 1139 399 superbie
1186 359 1223 387 et
1267 350 1541 398 perversitatis

229 409 398 445 istorum
432 408 726 457 apostolorum.
760 408 899 445 Talem
935 420 1029 456 ergo
1063 408 1274 445 licenciam
1311 421 1390 445 non
1424 410 1541 445 debet

229 480 294 504 rex
326 479 432 504 nunc
465 467 706 515 approbare.

286 525 492 571 Similiter,
527 524 710 561 Christus
744 537 861 573 quem
897 533 1057 574 oportet
1095 537 1167 561 nos
1200 525 1312 573 sequi
1346 533 1540 573 quantum

195 583 462 629 5sufsicimus,
510 582 624 620 facile
669 583 800 631 potuit
844 583 1042 620 hereticos
1089 583 1284 619 maximos
1324 583 1389 632 qui
1430 582 1540 619 illum

228 650 418 690 ceperant
452 640 672 678 extinxisse.
713 643 814 678 Cum
850 654 942 690 ergo
975 654 1056 678 non
1091 641 1193 685 fecit,
1228 641 1294 677 ubi
1335 640 1543 690 potissime

228 699 378 745 debuit,
417 699 575 736 videtur
619 701 727 748 quod
773 712 853 736 non
900 699 1163 737 auctorizavit
1208 699 1417 736 licenciam
1463 699 1544 736 suis

226 757 385 795 vicariis
418 757 551 795 taliter
584 757 854 806 extinguendi.

286 815 493 861 Similiter,
547 815 775 864 extinguere
826 816 881 853 sic
931 815 1115 853 homines
1169 824 1227 853 est
1278 814 1451 864 speciale
1504 815 1542 852 in

172 874 396 911 xobrachio
445 874 616 911 seculari
667 876 737 911 sed
782 887 871 911 cum
924 874 1068 923 prelati
1113 874 1328 911 vendicant
1375 886 1416 911 se
1461 886 1544 910 esse

227 934 457 970 sacerdotes
491 932 652 983 Christi,
685 933 843 969 videtur
877 934 984 982 quod
1018 933 1129 969 nullo
1164 933 1298 969 colore
1332 932 1457 969 eciam
1494 933 1543 969 ad

226 991 521 1028 vendicandum
568 990 772 1028 Christum
823 992 969 1028 debent
1021 1004 1106 1028 esse
1152 990 1360 1028 carnifices
1405 990 1543 1040 populi

227 1048 447 1086 christiani.

284 1107 491 1153 Similiter,
536 1119 642 1156 papa
687 1120 768 1144 non
812 1116 946 1156 potest
1002 1106 1058 1144 sic
1103 1107 1298 1155 castigare
1346 1106 1544 1143 hereticos

173 1168 209 1200 15
225 1165 301 1202 nisi
340 1165 458 1201 titulo
497 1177 577 1213 quo
621 1165 808 1202 vendicat
852 1177 936 1202 esse
981 1178 1047 1202 rex
1084 1164 1277 1202 secularis
1319 1164 1545 1202 medietatis

225 1223 404 1272 imperii3
439 1235 530 1259 cum
565 1235 659 1271 ergo
693 1236 798 1272 papa
831 1236 912 1260 non
936 1223 1168 1260 dominatur
1191 1223 1246 1260 sic
1280 1235 1400 1272 super
1423 1235 1545 1271 regno

224 1281 379 1330 Anglie,
420 1280 522 1318 sicut
559 1294 633 1318 nec
671 1281 894 1331 imperator
933 1282 1083 1318 habens
1124 1282 1288 1330 plenum
1328 1281 1543 1330 imperium

224 1353 405 1389 unquam
439 1339 544 1385 fecit,
577 1339 735 1376 videtur
758 1341 867 1389 quod
899 1353 1006 1389 papa
1037 1353 1119 1377 non
1152 1341 1272 1377 habet
1300 1348 1543 1388 potestatem

226 1398 424 1435 hereticos
474 1397 515 1434 in
547 1397 690 1446 Anglia
735 1398 869 1435 taliter
920 1398 1155 1446 castigandi.
1213 1399 1262 1434 Et
1308 1399 1380 1435 hec
1433 1397 1543 1435 racio

170 1469 211 1491 20
227 1469 350 1506 quare
388 1455 608 1493 nobiliores
652 1469 764 1504 reges
797 1456 938 1505 Anglie
976 1469 1057 1493 non
1090 1456 1275 1493 sinebant
1308 1456 1348 1493 in
1379 1456 1544 1493 nomine

227 1527 330 1564 pape
363 1514 512 1551 intrare
545 1514 585 1550 in
609 1527 776 1563 regnum
803 1527 919 1551 suum
944 1524 1109 1552 vocatos
1142 1514 1400 1564 inquisitores
1433 1515 1544 1552 here-

227 1573 303 1610 tice
356 1572 579 1621 pravitatis,
634 1573 727 1622 quia
779 1572 886 1610 idem
936 1573 1039 1610 foret
1083 1573 1181 1610 illud
1227 1572 1461 1622 permittere
1508 1581 1545 1609 et

227 1644 394 1680 regnum
428 1644 543 1667 suum
569 1631 735 1668 domino
768 1644 872 1680 pape
901 1632 1108 1677 subicere3
1143 1645 1234 1668 cum
1258 1631 1290 1668 si
1314 1631 1546 1668 dominatur

226 1702 346 1738 super
380 1702 526 1738 corpus
559 1689 651 1737 legii
684 1689 788 1738 regis
821 1690 961 1736 nostri,
996 1699 1090 1726 tunc
1115 1689 1349 1727 dominatur
1382 1689 1545 1726 cuilibet

169 1750 209 1783 25
226 1760 396 1797 persone
431 1747 541 1795 regni
575 1756 612 1784 et
645 1760 716 1796 per
749 1760 999 1796 consequens
1032 1748 1106 1785 toti
1140 1761 1276 1796 regno.

284 1805 491 1851 Similiter,
531 1818 612 1842 non
652 1805 744 1842 licet
775 1805 920 1843 viatori
952 1807 1116 1843 fratrem
1150 1820 1266 1843 suum
1302 1805 1544 1854 extinguere,

226 1864 301 1901 nisi
333 1863 490 1901 noverit
525 1872 674 1901 statum
709 1877 823 1901 suum
858 1864 1053 1901 occisioni
1088 1874 1334 1914 competere,
1368 1873 1411 1901 ut
1434 1873 1543 1913 puta,

226 1922 257 1959 si
290 1922 588 1971 predestinatus
612 1922 731 1959 fuerit
755 1923 869 1971 quasi
903 1922 943 1959 in
975 1932 1083 1960 statu
1115 1923 1272 1972 optimo
1297 1935 1377 1971 quo
1409 1922 1543 1967 viavit,

227 1990 264 2018 et
297 1981 329 2017 si
362 1980 560 2029 prescitus
594 1981 712 2017 fuerit
735 1981 849 2030 quasi
882 1981 922 2017 in
954 1989 1061 2018 statu
1095 1981 1270 2030 pessimo
1303 1994 1382 2030 quo
1404 1980 1544 2026 viavit3

170 2041 317 2076 3ocum
364 2051 457 2087 ergo
509 2047 636 2076 status
688 2039 755 2076 ille
806 2039 856 2076 sit
901 2039 1064 2088 prelatis
1108 2039 1257 2077 nostris
1302 2039 1543 2088 incognitus,

226 2097 383 2134 videtur
435 2098 542 2146 quod
592 2110 673 2134 non
727 2099 872 2134 debent
917 2099 967 2134 ad
1014 2097 1298 2147 corrigendum
1348 2097 1546 2134 hereticos

226 2155 359 2204 ipsum
394 2167 639 2203 presumere.

284 2215 547 2262 Assumptum
582 2214 832 2251 declaratum
868 2223 925 2251 est
958 2214 1053 2251 alibi
1085 2226 1156 2263 per
1189 2215 1265 2251 hoc
1298 2215 1407 2263 quod
1440 2216 1545 2250 Deus

227 2284 308 2308 non
348 2280 480 2320 potest
519 2271 694 2322 aliquem
734 2272 931 2309 viatorem
976 2272 1161 2309 occidere
1205 2272 1281 2309 nisi
1324 2273 1544 2309 secundum

171 2331 210 2363 35
227 2330 349 2366 talem
384 2330 583 2378 regulam:
619 2343 712 2379 ergo
747 2330 874 2367 multo
910 2330 1036 2378 magis
1067 2343 1149 2367 non
1182 2330 1273 2367 licet
1296 2330 1545 2367 Antichristo

226 2388 287 2424 vel
328 2387 411 2424 eius
451 2388 650 2437 discipulo
695 2401 941 2437 quemquam
981 2388 1167 2425 occidere
1206 2397 1400 2437 tanquam
1435 2390 1545 2425 here-

227 2445 351 2482 ticum
385 2445 462 2482 nisi
495 2446 631 2495 aliquo
664 2447 734 2483 tali
770 2448 904 2483 modo.
941 2447 980 2482 Si
1015 2446 1120 2483 enim
1151 2446 1238 2495 quis
1271 2446 1321 2483 sit
1353 2445 1546 2495 predesti-

227 2512 359 2550 natus,
400 2517 490 2540 cum
531 2504 719 2542 continue
758 2506 1028 2553 promerendo
1074 2513 1111 2540 et
1157 2504 1409 2541 meliorando
1455 2517 1547 2553 pro-

229 2562 346 2608 cedit,
381 2571 438 2598 est
461 2575 506 2599 ex
528 2564 612 2611 lege
637 2563 708 2599 Dei
733 2563 772 2599 in
804 2562 944 2599 mortis
978 2563 1148 2599 articulo
1182 2562 1221 2598 in
1254 2571 1360 2599 statu
1392 2562 1547 2611 optimo

169 2632 213 2663 40
228 2632 308 2669 quo
346 2619 484 2666 viavit3
529 2621 560 2657 si
599 2630 732 2658 autem
767 2621 962 2670 prescitus
996 2620 1126 2666 fuerit,
1162 2633 1253 2657 cum
1287 2630 1381 2657 tunc
1415 2622 1547 2658 deme-

229 2679 353 2715 rendo
388 2687 425 2715 et
458 2679 743 2716 deteriorando
784 2678 979 2727 procedit,
1021 2688 1078 2715 est
1117 2678 1156 2714 in
1198 2678 1338 2715 mortis
1377 2678 1547 2715 articulo

229 2736 268 2772 in
300 2745 407 2773 statu
441 2737 616 2785 pessimo
641 2750 720 2786 quo
754 2737 887 2783 viavit,
922 2737 1016 2785 quia
1041 2746 1135 2773 tunc
1169 2736 1301 2785 primo
1335 2746 1544 2784 peccatum

298 2890 325 2918 ⁴)-
348 2882 381 2910 In
403 2891 516 2918 marg.:
544 2881 568 2910 3.
644 2891 685 2917 14.
707 2884 739 2911 In
761 2891 875 2919 marg:
903 2892 932 2917 4.
1007 2883 1053 2911 26.
1075 2884 1108 2911 In
1131 2891 1244 2919 marg.:
1272 2883 1296 2911 5.

1750 238 1826 285 519

1578 532 1682 560 Christ
1703 534 1810 567 sparcd

1585 567 1639 594 {hs
1659 569 1803 595 enemics.

1600 1112 1667 1141 The
1688 1113 1796 1148 pope-'s

1561 1147 1640 1183 right
1655 1153 1686 1175 to
1702 1148 1834 1176 chastise

1584 1183 1714 1211 heretics
1736 1188 1813 1211 rests

1560 1226 1599 1245 on
1623 1218 1669 1245 his
1691 1219 1780 1246 claim
1803 1223 1833 1245 to

1575 1261 1591 1280 a
1614 1254 1702 1281 share
1722 1253 1751 1281 in
1773 1253 1822 1280 the

1637 1289 1764 1324 empirc.

1568 1404 1706 1431 Enoland
1728 1404 1754 1432 is
1775 1409 1826 1431 not

1581 1425 1696 1469 subiect
1716 1444 1746 1466 to
1767 1440 1816 1467 the

1629 1475 1765 1509 Empire.

1579 2222 1670 2250 Since
1690 2229 1706 2248 a
1727 2221 1825 2249 man's

1592 2257 1661 2284 final
1684 2261 1761 2284 state
1782 2257 1807 2283 is

1579 2291 1771 2319 determined
1791 2297 1819 2319 at

1614 2327 1714 2357 death„
1736 2327 1785 2353 the

1573 2362 1704 2397 prelatos
1726 2362 1834 2389 should

1598 2397 1663 2432 513)-
1684 2404 1723 2423 no
1743 2404 1802 2423 one

1616 2432 1730 2461 unless,
1753 2431 1790 2467 by

1569 2466 1746 2496 revelation,
1767 2467 1836 2501 they

1589 2502 1679 2528 know
1701 2501 1762 2528 him
1784 2506 1814 2528 to

1589 2536 1623 2563 be
1644 2536 1815 2571 desperate.
