1944 3323
193 464 287 492 wass
308 465 366 492 ancl

178 500 315 534 quarrels
336 508 386 526 arc

147 533 265 569 against
287 535 335 561 the
356 535 413 562 law

216 569 250 596 of
268 569 348 596 (jod.

143 1505 262 1533 Private
275 1506 410 1545 'religion

144 1546 196 1568 not
217 1549 233 1568 a
253 1545 309 1576 gitt
328 1546 408 1569 irom

160 1576 210 1603 the
229 1576 341 1603 Fatlier
361 1577 396 1604 ot*

224 1610 326 1646 liglits.

158 2488 276 2516 Orders
296 2489 346 2517 fail
367 2490 397 2517 in

221 2532 327 2551 excess

158 2566 178 2585 1.
202 2559 236 2586 of
254 2559 395 2595 number,

731 238 955 269 JOHANNIS
974 238 1158 270 WYCLlF
1178 238 1431 271 sERMONuM
1465 229 1616 282 [SERMO
1638 236 1745 264 XXIX·

435 342 511 379 nisi
564 344 612 380 de
663 344 868 380 voluntate
912 344 983 380 Dei
1036 344 1325 381 revelacionem
1381 353 1416 381 et
1469 344 1747 382 certitudinem

438 401 622 438 habuerit
654 401 884 450 specialem.

494 459 547 495 Ex
586 472 665 507 quo
704 468 813 507 patet
853 468 1001 507 quante
1041 461 1247 506 bellantes,
1288 459 1679 497 excommunicantes
1713 470 1749 497 et

435 516 628 553 militibus
661 518 900 554 altercantes
932 526 1021 553 sunt
1055 519 1245 555 contrarii
1269 519 1343 566 legi
1368 518 1438 555 Dei
1463 526 1629 568 propter
1650 520 1750 567 quod

433 575 635 611 abicientes
678 587 825 611 omnem
871 576 1154 612 immundiciam
1210 576 1353 613 mentis
1405 578 1630 613 ebetantem
1660 574 1664 629 Ι
1693 577 1750 613 in-
1767 557 1846 635 ξὲἑζ

435 633 639 670 tellectum
674 641 710 669 et
734 634 1041 669 lmbzmdanciam
1075 634 1225 671 malicie
1247 636 1531 683 procedentem
1565 634 1606 670 in
1629 647 1750 683 opere
1815 631 1824 635 ’

434 690 682 727 intellectum
718 691 892 727 hominis
917 700 1167 728 excecantem
1192 693 1228 728 in
1253 694 1541 729 mansuetudine
1571 693 1750 742 suscipite

434 749 591 785 verbzmz
619 749 721 799 fidei
757 750 858 797 quod
894 750 1001 786 Deus
1038 750 1170 786 inserit
1214 759 1405 799 tanquam
1448 750 1663 787 molliciem
1698 753 1748 788 ad

434 806 603 855 figuram
638 819 726 844 cere
749 807 1041 855 disponentem.
1077 807 1186 845 Sicut
1211 820 1304 856 ergo
1336 820 1471 845 semen
1504 818 1561 845 est
1584 808 1746 845 insitum

434 874 471 901 et
503 864 649 902 virtute
684 878 871 913 magnum
906 865 999 902 licet
1030 865 1148 902 fuerit
1182 866 1384 903 modicum
1419 866 1656 915 quantitate,
1690 867 1805 904 sicto

434 932 492 959 est
538 924 584 959 de
627 924 750 960 verbo
795 923 886 959 fidei
932 926 989 969 (ut
1034 933 1142 972 patet
1183 926 1303 961 Hebr.
1342 926 1443 969 XIO).
1497 926 1588 960 Ideo
1632 926 1747 962 debet

435 982 630 1017 accedens
653 982 702 1017 ad
725 982 876 1018 scolam
904 981 993 1018 fidei
1019 981 1059 1017 in
1083 982 1392 1019 mansuetudine
1415 982 1547 1031 primo
1572 984 1746 1029 credere,

437 1051 527 1076 cum
553 1041 823 1076 mansuetudo
848 1039 897 1075 sit
921 1041 1093 1088 quedam
1118 1040 1382 1077 tractabilitas
1405 1042 1454 1077 ad
1478 1040 1747 1077 obediendum

434 1105 576 1134 nature
609 1110 730 1145 supra
762 1097 981 1143 hominem,
1022 1107 1064 1133 ut
1098 1107 1154 1135 est
1190 1101 1295 1135 Deus
1328 1107 1365 1135 et
1397 1111 1467 1147 per
1500 1111 1749 1147 consequens

435 1156 485 1192 ad
524 1155 793 1191 obediendum
835 1155 939 1201 fidei,
980 1155 1080 1192 sicut
1120 1169 1207 1193 cere
1247 1156 1443 1193 mollicies
1482 1156 1658 1205 disponit
1698 1159 1804 1194 ad15

434 1213 708 1261 recipiendum
750 1213 1054 1261 impressionem
1096 1214 1227 1261 sigilli.
1271 1215 1369 1251 Tale
1407 1223 1540 1251 autem
1582 1216 1746 1251 verbum

434 1271 525 1308 fidei
559 1280 616 1308 est
640 1271 861 1308 salvificum
896 1272 1138 1319 animarum,
1173 1285 1262 1309 cum
1296 1285 1404 1309 nemo
1429 1273 1541 1309 vincit
1564 1274 1746 1309 mundum

432 1329 506 1366 nisi
542 1330 606 1378 qui
642 1330 763 1366 credit
802 1330 976 1378 quoniam
1008 1330 1119 1367 Jesus
1162 1339 1217 1367 est
1243 1331 1356 1381 filius
1387 1331 1464 1367 Dei
1506 1333 1563 1378 (ut
1602 1330 1748 1368 dicitur

433 1389 445 1423 Ι
477 1388 565 1424 Joh.
589 1389 657 1433 VO,
695 1388 744 1432 5).
778 1390 859 1424 Nec
892 1387 1056 1424 dubium
1092 1388 1185 1436 quin
1220 1389 1250 1424 si
1284 1390 1406 1425 homo
1438 1388 1559 1426 vincit
1591 1390 1745 1426 hostem

432 1444 562 1482 vincet
596 1445 802 1482 diabolum
836 1454 955 1494 atque
989 1459 1164 1483 carnem.
1763 1460 1803 1482 20

492 1503 608 1540 Circa
642 1505 744 1540 hanc
778 1503 989 1552 epistolam
1022 1504 1228 1541 dubitatur
1251 1514 1384 1541 utrum
1420 1505 1574 1553 privata
1607 1505 1746 1553 religio

432 1560 482 1597 sit
515 1562 652 1598 datum
693 1561 906 1609 optimum,
948 1564 1192 1599 descendens
1232 1576 1254 1600 a
1286 1572 1400 1611 patre
1433 1563 1643 1609 luminum,
1676 1576 1747 1611 per

432 1620 540 1667 quod
581 1619 716 1656 anima
756 1619 882 1656 fidelis
922 1620 1149 1668 disponitur
1186 1630 1228 1657 ut
1269 1621 1461 1665 salvetur3
1514 1630 1550 1657 et
1590 1621 1746 1657 videtur

432 1678 539 1725 quod
572 1690 666 1723 non⁷
692 1678 784 1726 quia
817 1687 910 1714 tunc
944 1678 1233 1726 exprimeretur
1257 1679 1295 1715 in
1329 1679 1463 1727 aliquo
1486 1680 1606 1715 verbo
1630 1691 1746 1716 evan-

431 1734 560 1783 gelico
605 1737 713 1783 quod
767 1736 994 1784 aliqualiter
1039 1737 1215 1773 continet
1260 1737 1480 1785 quamlibet
1523 1737 1802 1774 veritatem.25

431 1794 510 1829 Sed
562 1805 651 1830 cum
704 1795 808 1830 Deus
859 1793 1083 1830 necessario
1134 1794 1214 1842 agit
1264 1796 1313 1831 ad
1364 1804 1470 1831 extra
1526 1797 1744 1832 secundum

431 1851 696 1899 capacitatem
735 1851 915 1895 subiecti,
955 1852 1102 1888 sanctis
1135 1852 1335 1900 prioribus
1373 1852 1499 1900 magis
1532 1853 1745 1901 capacibus

432 1908 667 1956 religionem
707 1909 824 1946 istam
859 1909 968 1957 prius
1006 1910 1216 1956 insereret3
1261 1912 1367 1959 quod
1402 1923 1490 1947 cum
1525 1923 1606 1947 non
1638 1911 1742 1957 fecit,

430 1975 541 2014 patet
589 1968 696 2015 quod
748 1976 881 2015 preter
925 1976 1079 2015 patrem
1134 1968 1332 2004 luminum
1386 1968 1624 2016 religiositas
1668 1968 1743 2005 ista

431 2024 570 2061 habuit
614 2024 784 2061 alienam
826 2025 1035 2073 originem.
1082 2029 1170 2063 Non
1213 2026 1316 2063 enim
1350 2026 1389 2062 in
1422 2035 1507 2063 toto
1541 2026 1802 2075 evangelio3o

430 2082 620 2119 fundatur
658 2083 778 2119 tacite
810 2084 870 2120 vel
905 2096 1085 2132 expresse
1122 2084 1198 2120 nisi
1232 2088 1288 2129 (ut
1320 2085 1463 2133 loquar
1494 2084 1671 2132 yronice)
1704 2084 1743 2120 in

429 2140 505 2176 isto
545 2141 711 2177 Matthei
751 2141 914 2178 ultimo:
963 2143 1030 2188 Ite,
1075 2143 1204 2178 docete
1242 2155 1371 2178 omnes
1412 2150 1558 2192 gentes.
1608 2142 1744 2179 Voluit

430 2197 535 2235 enim
569 2198 749 2235 Christus
789 2200 910 2247 quod,
951 2201 1111 2248 quando
1151 2199 1233 2236 eius
1266 2199 1450 2248 discipuli
1484 2209 1596 2237 erant
1628 2201 1744 2249 plene

429 2256 626 2299 instructi,
666 2269 747 2293 non
786 2257 1084 2294 incarcerentur
1117 2258 1384 2294 claustraliter
1416 2258 1520 2295 intra
1558 2251 1742 2306 parietes,

430 2315 498 2350 sed
514 2314 614 2350 irent
630 2314 669 2350 in
692 2316 829 2351 orbem
856 2315 1082 2352 universum
1108 2317 1158 2352 ad
1180 2315 1404 2364 evangelice
1427 2317 1742 2364 prodessendum
1758 2318 1798 2352 35

431 2372 608 2417 ecclesie,
642 2384 714 2409 nec
747 2374 939 2409 haberent
972 2375 1022 2409 ad
1054 2373 1262 2421 proprium
1303 2374 1520 2410 claustrum
1554 2373 1740 2420 reditum,

431 2441 521 2466 cum
556 2430 737 2467 Christus
771 2430 910 2467 habuit
944 2430 1067 2467 nichil
1099 2444 1213 2467 suum
1249 2431 1463 2479 tygurium.

486 2489 535 2523 Et
559 2487 590 2523 si
614 2488 771 2525 dicatur
794 2490 901 2537 quod
926 2488 1150 2525 claustralis
1181 2489 1361 2526 nutriant
1393 2501 1485 2526 suos
1510 2488 1739 2537 discipulos,

429 2553 538 2592 patet
577 2547 684 2594 quod
723 2546 914 2583 deficiunt
953 2546 992 2582 in
1034 2559 1203 2583 numero
1237 2555 1273 2583 et
1306 2546 1347 2583 in
1380 2547 1514 2583 modo.
1560 2546 1740 2584 Christus

496 2688 520 2717 3.
542 2690 637 2717 Cod.:
659 2695 770 2726 quante
790 2691 888 2718 twice.
962 2691 1004 2718 16.
1027 2691 1121 2719 Cod.:
1144 2691 1267 2727 singuli.
1340 2700 1380 2720 21.
1400 2693 1433 2720 In
1455 2700 1569 2728 marg:
1590 2692 1735 2720 Dubium.

427 2723 470 2752 23.
491 2725 525 2752 In
546 2733 658 2760 marg.:
683 2733 703 2752 1.
777 2726 824 2753 26.
846 2726 942 2753 Cod.:
963 2726 1000 2753 ad
1023 2727 1173 2761 exempla.
1246 2725 1290 2754 38.
1312 2726 1407 2754 Cod.:
1430 2731 1564 2754 maturat
1582 2735 1666 2755 suos.

496 2819 598 2849 4——7-
617 2808 733 2840 Jacobi
756 2810 778 2849 I,
799 2819 851 2840 21.
926 2819 978 2841 21.
1000 2810 1105 2841 From
1126 2809 1210 2841 bere
1230 2810 1257 2842 is
1276 2809 1336 2842 the
1355 2817 1442 2842 tract
1462 2811 1534 2842 “De
1554 2809 1738 2849 Religione

428 2853 781 2897 Privatall''‚printed
793 2855 837 2897 by
848 2855 1167 2898 ssuddensieg‚pag.
1180 2855 1255 2897 524.
1319 2856 1372 2888 32.
1389 2855 1737 2900 Matth.XXV111,19.
