1944 3323
100 237 148 272 82
678 243 901 274 JOHANNIS
921 241 1104 274 WYCLIF
1125 243 1380 275 SERMONUM
1473 229 1623 286 [SERMO
1645 237 1694 265 ΧῙ-

387 358 422 385 et
462 358 518 385 est
551 349 727 398 perfecta
768 349 805 384 in
846 348 1087 384 conferendo
1127 347 1481 384 consumacionem
1525 347 1693 384 beatitu-

124 420 154 441 to
176 414 274 440 which
297 422 340 439 m·
387 406 488 443 dinis
523 407 681 443 finalem
716 408 764 442 ad
799 406 1204 453 correspondenciam
1238 414 1378 442 sancto
1413 404 1578 441 flamini.
1629 405 1697 441 lsti-

140 449 330 510 jlffissfllsfnfifq
388 464 505 511 igitur
538 465 730 500 voluntati
768 465 882 499 debet
915 464 1043 499 viator
1076 476 1120 499 ex
1143 463 1236 498 totis
1260 462 1408 499 viribus
1433 463 1692 503 conformari,

388 532 689 569 verumptamen
744 534 822 556 non
877 522 991 556 debet
1036 520 1201 567 intelligi
1248 522 1355 568 quod
1401 534 1479 556 una
1525 533 1694 568 persona

387 580 481 615 olim
523 580 602 615 sive
641 579 718 614 alia
759 580 825 614 dat
865 578 1080 626 quicquam
1126 578 1321 614 fidelibus.
1368 581 1409 614 In
1454 578 1529 614 isto
1575 579 1729 613 modo5

388 637 507 673 dandi
548 638 695 672 relucet
735 637 907 684 quadam
950 636 1196 684 proprietate
1234 636 1342 672 racio
1374 635 1596 676 Trinitatis,
1643 635 1696 671 ita

389 696 493 743 quod
536 695 650 730 dacio
691 693 933 730 naturalium
975 703 1010 729 et
1051 693 1288 730 informacio
1329 693 1520 730 memorie
1566 706 1696 729 corre-

388 753 583 800 spondeat
609 754 692 788 Deo
716 751 838 799 patri:
869 753 937 787 sed
961 751 1075 788 dacio
1100 753 1298 787 bonorum
1321 752 1453 798 gracie
1476 751 1696 787 informans

388 810 588 846 racionem
623 811 671 845 ad
705 822 827 856 opera
861 810 1173 857 correspondeat
1206 809 1414 856 Sapiencie
1448 808 1517 845 Dei
1552 809 1694 857 patris;

389 868 473 915 ipsa
503 864 505 920 ᾗ
537 866 641 903 enim
682 876 738 902 est
778 867 953 903 medium
996 880 1064 914 per
1098 868 1205 915 quod
1241 869 1345 902 Deus
1383 876 1496 915 pater
1535 866 1696 914 respicit
1715 847 1794 933 ,ἐξὲξ

389 938 511 973 genus
552 926 792 969 humanum3
833 934 869 960 et
908 924 1022 961 dacio
1057 924 1313 961 beatitudinis
1347 937 1422 972 que
1456 933 1512 960 est
1546 925 1695 960 donum
1763 917 1771 934 s

391 982 723 1030 perfectissimum
758 991 794 1018 et
828 982 945 1019 finale
979 995 1218 1018 consumans
1252 983 1497 1018 voluntatem
1533 995 1608 1030 que
1641 991 1697 1018 est

390 1041 512 1077 tercia
545 1053 605 1075 res
638 1039 840 1076 interioris
872 1039 1045 1076 hominis
1078 1041 1318 1088 respondeat
1351 1039 1515 1088 Spiritui
1551 1042 1697 1076 Sancto

390 1100 494 1134 ultra
527 1111 647 1145 quam
680 1111 761 1133 non
795 1107 850 1134 est
883 1111 1056 1146 persona
1090 1098 1225 1146 aliqua
1259 1097 1448 1134 increata.

128 1163 346 1203 Allectionsto
448 1158 489 1192 In
522 1155 597 1191 isto
636 1165 768 1191 autem
809 1155 940 1191 studio
981 1157 1096 1192 debet
1137 1155 1263 1192 fidelis
1303 1155 1526 1203 persistere,
1567 1164 1603 1191 et
1642 1158 1756 1191 est15

106 1199 498 1259 lif,„¹'¹{‚‘⁸,¹1ss{}¹c‘[.{“filssatis.
534 1215 626 1249 Ideo
660 1213 755 1249 dicit
787 1214 1023 1261 Apostolus:
1059 1214 1156 1249 Dico
1188 1214 1284 1250 enim
1313 1226 1388 1262 per
1417 1214 1595 1263 graciam
1630 1225 1700 1261 que

128 1270 161 1293 Μ’
183 1268 349 1328 ³¹¹¹J¹¹J¹¹ff¹⁹d
392 1273 480 1306 data
515 1279 569 1307 est
602 1271 717 1307 michi
747 1272 920 1307 omnibus
951 1272 1015 1320 qui
1043 1279 1129 1307 suut
1161 1272 1260 1307 inter
1293 1284 1378 1307 vos:
1416 1284 1488 1307 non
1516 1272 1606 1320 plus
1637 1284 1697 1306 κα·

387 1342 482 1378 pere
497 1342 607 1378 quam
633 1337 781 1377 oportet
802 1330 870 1365 sed
891 1342 1028 1378 sapere
1049 1330 1100 1364 ad
1121 1330 1378 1376 sobrietatem,
1394 1329 1506 1377 quasi
1531 1328 1696 1365 diceret:

393 1396 432 1422 ut
466 1387 660 1422 instruam
695 1399 762 1422 vos
797 1386 1037 1423 auctoritate
1070 1387 1291 1435 apostolica
1315 1399 1391 1435 que
1414 1399 1494 1423 non
1518 1396 1574 1423 est
1607 1386 1697 1422 licta

392 1454 447 1480 ‹ut
481 1445 672 1492 prelatus)
706 1444 857 1480 cesaria
890 1446 957 1480 sed
992 1444 1125 1492 gracia
1159 1446 1251 1481 data
1290 1444 1424 1490 michi,
1465 1445 1554 1481 dico
1587 1444 1698 1481 vobis
1715 1458 1755 1480 20

393 1512 428 1538 et
463 1502 648 1538 omnibus
683 1502 864 1538 fidelibus
898 1511 938 1538 ut
971 1515 1050 1538 non
1083 1502 1202 1538 nimis
1236 1502 1391 1538 curiose
1426 1503 1486 1538 vel
1521 1501 1699 1550 imperti-

393 1569 530 1595 nentes
574 1561 623 1596 ad
664 1559 950 1596 beatitudinem
990 1559 1166 1607 sapiati8‚
1206 1561 1274 1596 sed
1313 1560 1351 1595 in
1389 1560 1568 1608 predicta
1608 1572 1699 1596 con-

393 1617 639 1653 sideracione
666 1617 874 1653 Trinitatis
908 1618 1040 1654 sobrie
1075 1617 1303 1666 quiescatis.
1342 1620 1390 1654 Et
1421 1627 1516 1654 nota
1549 1617 1701 1653 subtili-

394 1685 513 1711 tatem
540 1675 722 1722 Apostoli
755 1677 959 1722 quomodo
992 1677 1176 1712 obsecrat
1209 1675 1397 1712 temerius
1431 1675 1470 1711 in
1503 1675 1701 1723 principio

394 1747 511 1780 opem
553 1733 786 1769 instruendo
826 1733 1009 1769 affectum
1052 1742 1087 1769 et
1128 1742 1215 1780 post
1257 1733 1424 1780 precipit
1462 1733 1702 1769 auctoritate
1718 1737 1756 1768 25

397 1790 531 1833 oflicii,
567 1792 728 1838 quando
763 1791 920 1826 instruit
954 1790 1214 1827 intellectum.
1248 1791 1432 1826 Meritum
1468 1791 1572 1827 enim
1608 1803 1699 1827 con-

395 1848 496 1883 sistit
531 1847 805 1895 principaliter
845 1847 882 1883 in
923 1848 1086 1889 affectu;
1127 1848 1216 1884 ideo
1256 1848 1378 1884 levius
1421 1858 1457 1885 et
1496 1848 1702 1895 benignius

397 1906 658 1941 insistendum
700 1915 755 1941 est
801 1905 905 1942 circa
948 1906 1030 1942 eius
1078 1906 1424 1951 informacionem,
1470 1906 1701 1942 inclinando

396 1965 444 1999 ad
485 1976 606 2011 opera
652 1963 871 2009 meritoria,
911 1973 947 1999 et
986 1973 1274 2012 consequenter
1313 1963 1452 2000 instrui
1493 1965 1607 2000 debet
1646 1963 1702 1999 in-

395 2022 574 2057 tellectus
608 2020 844 2068 profundius
877 2023 948 2056 sub
983 2021 1234 2064 auctoritate,
1270 2031 1310 2057 ut
1343 2021 1443 2058 sicut
1467 2022 1569 2069 cepit
1591 2024 1702 2057 jesus
1719 2024 1762 2057 30

398 2079 524 2115 facere
559 2088 593 2114 et
618 2080 774 2121 docere,
809 2078 863 2115 sic
897 2092 1019 2127 opera
1054 2079 1256 2115 meritoria
1281 2079 1493 2127 disponant
1529 2079 1701 2115 intellec-

106 2178 113 2185 ,
397 2146 480 2172 tuin
514 2138 561 2172 ad
598 2136 833 2183 profundius
865 2136 1115 2184 sapiendum.

117 2202 302 2235 Knowlcdge
324 2206 374 2227 1101
456 2195 554 2229 Cum
595 2203 726 2230 autem
769 2195 807 2230 in
846 2194 1049 2242 sapiencia
1081 2195 1139 2230 vel
1173 2207 1412 2243 quocunque
1443 2193 1591 2230 noticia
1625 2207 1703 2230 non

125 2236 364 2297 alxivgyffilamifip
399 2265 467 2299 per
499 2266 538 2287 se
573 2252 754 2287 consistit
785 2252 919 2299 gracia
952 2252 1032 2288 sive
1065 2252 1199 2297 virtus,
1235 2262 1341 2300 patet
1371 2253 1476 2300 quod
1512 2251 1704 2299 contingit

399 2310 435 2344 in
470 2309 745 2357 adquisicione
779 2309 926 2346 noticie
959 2311 1090 2358 quoad
1124 2319 1339 2357 utrumque
1378 2319 1596 2346 extremum
1639 2311 1702 2345 de—
1721 2312 1760 2344 35

400 2367 528 2411 licere7
578 2376 616 2402 ut
657 2367 818 2414 quidam
864 2367 982 2403 nimis
1030 2380 1168 2415 parum
1215 2367 1374 2415 sapiunt
1412 2368 1470 2404 vel
1515 2367 1702 2403 deficiunt

400 2424 590 2471 sapiendo
625 2425 927 2472 impertinencia
972 2427 1020 2461 ad
1065 2426 1248 2471 salutem,
1289 2426 1348 2462 vel
1387 2425 1628 2473 quiescendo
1665 2425 1702 2460 in

402 2496 499 2529 pura
534 2483 805 2518 delectacione
838 2483 1063 2519 intellectus
1095 2496 1172 2519 non
1208 2482 1401 2519 inclinant
1435 2483 1619 2519 affectum
1655 2483 1703 2518 ad

401 2553 522 2587 opera
556 2540 744 2576 virtuosa.
791 2542 954 2576 Mandat
994 2550 1125 2576 autem
1166 2540 1280 2576 nobis
1313 2541 1530 2588 Apostolus
1567 2552 1705 2589 sapere

400 2598 450 2632 ad
482 2598 736 2633 sobrl'elalem.
773 2601 871 2634 Nam
909 2600 965 2644 (ut
1002 2607 1107 2645 patet
1133 2598 1296 2634 Mattbei
1326 2600 1411 2645 lvo)
1447 2598 1547 2634 sicut
1582 2599 1703 2634 homo
1719 2611 1762 2642 40

470 2760 511 2779 ¹22.
534 2754 629 2781 ‹3021st
652 2755 855 2781 bititudinem.
930 2762 974 2787 2¹!-
997 2754 1150 2781 teuit-rius.
1174 2755 1212 2780 ita
1233 2755 1319 2785 eorl:
1341 2755 1531 2787 tenerius(:).

469 2862 501 2890 9.
531 2849 618 2879 Vide
645 2859 721 2890 pag.
750 2852 802 2888 ὅδ’,
831 2849 850 2879 l.
881 2849 932 2889 34.
1034 2849 1082 2880 io.
1111 2850 1213 2882 Rom.
1241 2849 1314 2888 XII,
1345 2850 1371 2880 3.
