1944 3323
160 258 295 288 sERMo
313 246 482 304 xxxva]
654 260 826 293 TERTIA
854 261 980 293 PARS.

159 368 287 405 fidelis
327 368 466 405 famuli
506 381 663 405 summe
703 381 861 407 curans.
912 370 1005 405 Ideo
1045 368 1141 405 dicit
1182 377 1310 404 textus
1351 369 1475 405 Petri:

163 428 323 464 Omnem
351 427 647 463 sollicitudinem
673 435 841 463 vestram
861 427 1096 477 proicientes
1118 427 1154 462 in
1177 439 1276 474 eum,
1299 427 1477 476 quoniam

61 468 142 546 ἓξὲξ
157 485 232 535 ipsi
258 498 352 522 cura
376 493 432 522 est
455 486 502 522 de
526 485 641 522 vobis.
677 486 849 534 Oportet
879 485 984 523 enim
1014 485 1168 522 viantes
1197 497 1281 521 esse
1310 482 1474 537 sollici-l

86 532 97 557 s
156 552 236 590 tos;
261 545 330 580 sed
352 543 584 580 sollicitudo
600 543 831 581 huiusmodi
853 553 911 581 est
926 544 1076 593 partita
1098 543 1138 580 in
1161 543 1475 580 sollicitudinem

123 602 362 639 §celestium
403 611 439 638 et
478 601 793 639 sollicitudinem
835 611 1103 654 terrenorum,
1143 611 1180 639 et
1213 601 1405 638 dividitur
1437 601 1477 638 in

155 659 307 697 licitam
342 669 464 709 atque
496 659 693 697 illicitam.
730 660 859 698 Licita
891 674 985 698 vero
1020 670 1077 698 est
1111 660 1342 698 sollicitudo
1376 659 1473 697 acti-

154 731 295 755 vorum
328 718 506 755 virtuose
538 718 739 756 viancium
773 720 875 756 sicut
899 720 1068 757 Marthe.
1105 722 1182 757 Ista
1216 728 1350 756 autem
1384 718 1477 756 licet

156 776 206 813 sit
261 777 489 826 periculosa
538 786 659 826 atque
712 777 899 824 difficilis,
953 787 1011 815 est
1061 787 1199 815 tamen
1250 777 1477 814 necessaria

154 834 367 882 viantibus,
408 837 503 872 dum
543 845 680 873 tamen
721 837 952 874 sollicitudo
992 836 1033 873 in
1072 850 1197 873 unum
1232 835 1476 885 principium

100 904 140 928 10
156 894 330 931 finaliter
377 894 426 931 sit
471 894 643 941 directa;
696 896 801 932 unde
845 895 1076 932 sollicitudo
1124 894 1265 932 illicita
1308 903 1478 932 vocatur

153 952 384 989 sollicitudo
429 952 535 990 circa
579 953 834 1002 temporalia,
882 955 977 990 dum
1023 953 1152 990 caruit
1190 953 1268 990 isto
1309 953 1400 999 fine,
1441 961 1479 990 et

154 1010 265 1048 illam
314 1010 629 1048 sollicitudinem
675 1012 858 1049 Christus
908 1011 1097 1061 prohibet
1134 1011 1302 1048 Matthei
1334 1013 1406 1048 V10
1441 1020 1478 1048 et

153 1082 247 1118 sepe
286 1069 393 1106 alibi.
439 1071 488 1105 Et
520 1079 631 1118 patet
664 1071 770 1108 Petri
808 1070 1027 1116 sentencia,
1069 1083 1160 1107 cum
1203 1069 1336 1107 omnis
1369 1069 1478 1106 solli-

154 1127 290 1165 citudo
325 1128 431 1165 circa
454 1128 698 1176 temporalia
719 1130 780 1166 vel
815 1129 912 1166 fines
946 1129 1047 1166 alios
1081 1128 1181 1165 citra
1206 1131 1335 1165 Deum
1360 1129 1478 1165 debet

102 1188 135 1220 15
155 1186 327 1223 finaliter
356 1186 388 1223 si
417 1186 468 1223 sit
490 1186 601 1224 licita
630 1187 671 1224 in
701 1187 834 1236 ipsum
859 1187 1001 1236 proici.
1037 1189 1116 1224 Sed
1140 1188 1190 1224 ad
1213 1187 1474 1224 iudicandum

152 1245 435 1282 necessitatem
468 1245 751 1283 sollicitudinis
785 1245 893 1283 circa
915 1245 1160 1294 temporalia
1193 1245 1224 1282 si
1257 1245 1307 1282 sit
1340 1258 1478 1294 super-

153 1304 234 1340 flua
267 1313 428 1352 oportet
451 1304 578 1352 legem
605 1304 678 1341 Dei
712 1306 935 1351 consulere,
970 1304 1236 1342 discernendo
1271 1305 1478 1353 quomodo

154 1363 205 1398 ad
245 1362 535 1400 beatitudinem
574 1372 770 1411 provocat
810 1372 847 1400 et
885 1362 1103 1400 sollicitum
1148 1375 1230 1400 non
1277 1363 1477 1409 retardat3

156 1429 193 1457 et
236 1420 293 1458 sic
338 1421 469 1458 omnis
514 1421 705 1470 operacio
748 1421 952 1459 viancium
994 1423 1112 1458 debet
1153 1423 1203 1458 ad
1243 1421 1476 1458 oracionem

97 1491 202 1516 20ac
254 1479 573 1517 honoracionem
619 1480 692 1517 Dei
746 1480 921 1517 finaliter
971 1479 1216 1529 retorqueri3
1267 1493 1362 1516 nam
1411 1478 1478 1528 qui

156 1547 349 1586 operatur
388 1538 560 1575 fideliter
598 1539 698 1575 bene
740 1548 830 1575 orat
869 1548 906 1575 et
946 1538 1013 1588 qui
1052 1538 1148 1576 vivit
1188 1537 1397 1575 meritorie
1431 1539 1479 1574 de

159 1605 272 1634 tanto
308 1597 546 1645 magistrum
580 1598 768 1634 honorat.

215 1656 293 1692 Sed
333 1655 427 1705 quia
466 1655 724 1704 superfluitas
762 1655 803 1692 in
849 1655 1144 1704 temporalibus
1188 1654 1396 1692 usualibus
1441 1663 1479 1690 et

156 1713 410 1750 vescibilibus
450 1723 487 1750 et
526 1714 667 1751 ceteris
708 1714 987 1751 instrumentis
1020 1714 1175 1751 inducit
1207 1712 1479 1750 communiter

100 1773 139 1805 25
156 1772 470 1809 sollicitudinem
503 1772 710 1818 viciosam,
745 1772 835 1809 ideo
868 1772 995 1810 tercio
1029 1772 1127 1810 dicit
1159 1774 1317 1808 Petrus:
1352 1771 1483 1808 Sobrii

156 1838 274 1867 estote
297 1838 332 1867 et
354 1831 528 1882 vigilate,
551 1832 638 1880 quia
661 1831 916 1868 adversarius
946 1839 1072 1868 vester
1095 1831 1272 1867 diabolus
1294 1838 1476 1879 tanquam

156 1889 213 1926 leo
238 1890 398 1940 rugiens
420 1890 558 1926 circuit
580 1902 743 1939 querens
765 1902 873 1939 quenz
899 1891 1070 1927 devoret.
1105 1889 1310 1926 Sobrietas
1343 1897 1477 1924 autem

157 1947 249 1984 licet
287 1948 327 1984 in
360 1947 609 1985 vescibilium
643 1948 921 1997 temperancia
963 1947 1158 1993 consistit,
1200 1946 1480 1996 principaliter

157 2015 295 2042 tamen
327 2015 459 2054 potest
493 2006 651 2043 extendi
685 2008 735 2043 ad
769 2015 1040 2055 temperatum
1076 2005 1254 2042 medium
1279 2005 1387 2042 circa
1409 2004 1479 2041 ali-

100 2066 140 2098 30
159 2073 294 2102 menta
333 2074 371 2101 et
408 2074 640 2112 tegumenta
687 2077 1024 2114 quorumcunque
1069 2064 1286 2109 viancium,
1334 2063 1480 2100 intelli-

158 2124 289 2171 gendo
330 2136 401 2171 per
434 2123 627 2160 alimenta
667 2123 910 2171 generaliter
944 2124 1055 2160 cibos
1096 2132 1133 2159 et
1172 2131 1291 2171 potus
1333 2130 1370 2158 et
1409 2134 1479 2170 per

157 2190 389 2229 tegumenta
428 2194 583 2229 pannos
624 2194 714 2218 cum
754 2182 1004 2219 ornamentis
1044 2180 1187 2218 ceteris
1221 2189 1258 2217 et
1292 2179 1478 2216 domibus

158 2239 268 2286 regni
314 2240 540 2287 tegentibus
588 2252 762 2288 corpora
806 2240 1024 2277 viatorum.
1071 2242 1114 2276 In
1152 2247 1478 2287 temperamento

157 2306 290 2334 autem
332 2298 502 2334 istorum
542 2299 763 2334 secundum
806 2299 985 2335 medium
1024 2298 1248 2334 virtuosum
1295 2296 1478 2333 consistit

99 2358 139 2390 35
157 2368 302 2404 magna
336 2355 557 2404 prudencia
578 2356 743 2393 viatoris
777 2362 834 2401 (ut
867 2365 978 2405 patet
1010 2359 1044 2393 Ιἰι
1068 2356 1173 2392 Tim.
1197 2357 1282 2401 V10‚
1308 2356 1360 2400 8),
1385 2354 1479 2403 quia

157 2414 415 2462 superfluitas
445 2414 486 2450 in
510 2413 714 2451 esibilibus
745 2424 782 2451 et
811 2415 1052 2463 generaliter
1081 2414 1121 2450 in
1150 2412 1392 2461 tegumentis
1422 2412 1479 2448 in—

158 2472 266 2508 ducit
299 2473 448 2508 nedum
483 2485 700 2521 sompnum
726 2473 921 2521 corporis,
956 2475 1026 2509 sed
1049 2471 1321 2509 communiter
1344 2484 1479 2518 somp-

158 2543 253 2566 num
287 2530 421 2567 anime
454 2530 495 2566 in
527 2531 722 2579 peccatis;
758 2544 836 2567 non
872 2531 1022 2568 amittit
1058 2532 1198 2567 Petrus
1234 2529 1352 2575 (sicut
1385 2541 1478 2577 sepe

160 2590 325 2625 mandat
360 2588 576 2625 Dominus:
619 2590 799 2640 Vigilate,
850 2591 901 2626 ad
946 2588 1348 2638 expergefaciendum
1396 2599 1478 2623 non

227 2734 250 2762 5.
267 2734 362 2762 Cod.:
385 2739 413 2762 et
428 2735 522 2762 det-st.
586 2734 627 2762 16.
644 2735 739 2762 Cod.:
761 2735 945 2771 temporalia
961 2743 1002 2762 sc.
1066 2735 1113 2768 26,
1130 2742 1174 2770 27.
1192 2734 1288 2762 Cod.:
1309 2734 1406 2768 tangit
1420 2734 1477 2760 100.

157 2767 197 2796 31.
220 2769 315 2796 Cod.:
344 2778 440 2804 genus
460 2770 556 2797 aliter.
646 2769 690 2797 33.
712 2769 807 2797 Cod.:
837 2779 948 2805 regem.
1040 2768 1082 2798 35.
1104 2769 1199 2797 Cod.:
1227 2770 1249 2797 Ι.
1265 2769 1349 2797 Tim.
1372 2768 1478 2795 Lxlln.

157 2803 203 2832 38.
225 2804 321 2832 Cod.:
342 2805 475 2839 amictit;
496 2805 545 2832 hic
565 2804 651 2832 locus
672 2809 838 2840 corruptus
858 2810 913 2832 est.

231 2899 282 2932 25.
312 2901 334 2932 1.
364 2899 453 2932 Petri
485 2901 524 2940 V,
550 2900 581 2931 8.

1276 2963 1348 2987 20*

1688 254 1764 301 307

1534 666 1651 693 Lawful
1673 666 1731 693 and

1505 701 1651 728 unlawful
1674 709 1752 728 care.

1506 1670 1631 1699 &Vealth
1654 1670 1760 1706 brings

1592 1714 1670 1733 care.

1527 1904 1740 1941 Temperance

1511 1940 1586 1967 does
1607 1945 1661 1967 not
1681 1940 1754 1979 only

1500 1983 1633 2002 concern
1654 1980 1768 2009 eating.

1538 2428 1729 2463 Superfluity

1511 2463 1638 2490 induces
1661 2463 1750 2489 sloth.
