1944 3323
136 215 217 265 418

173 343 240 371 The
259 342 366 370 twelve

163 379 252 405 sruits
272 378 306 404 of
322 377 372 404 the

215 412 324 447 Spirit.

697 224 920 259 sommus
939 224 1119 258 wvcmF
1139 224 1395 258 sERMONUM
1422 208 1577 268 [SERMO
1597 218 1735 249 xrvm.

423 345 554 372 mente
591 347 711 384 quam
752 333 808 370 sic
847 334 1056 379 inhabitat,
1097 343 1133 370 et
1173 346 1262 370 cum
1303 332 1434 370 omnis
1481 344 1646 368 manens
1692 331 1732 367 in

421 394 587 431 caritate
620 393 658 428 in
682 395 765 428 Deo
799 401 933 428 manet
966 401 1003 428 et
1027 394 1131 428 Deus
1165 392 1204 428 in
1238 405 1296 435 eo,
1330 404 1411 426 non
1437 390 1582 426 mirum
1618 389 1649 425 si
1684 389 1732 425 sit

422 452 612 501 gaudium
638 452 684 486 de
708 459 820 486 tanto
845 449 1014 497 hospite.
1049 451 1141 486 Ideo
1168 450 1357 499 gandiznn
1382 448 1494 496 ponit
1516 447 1733 495 Apostolus

423 511 642 547 seeundum
674 508 847 544 fructum
881 507 1100 555 spiritualis
1134 506 1469 551 conversacionis,
1504 515 1541 541 et
1574 518 1616 541 ex
1650 504 1733 540 istis

423 568 602 617 sequitur
644 565 791 602 tercius
829 566 980 601 fructus
1019 565 1170 601 scilicet
1203 577 1302 614 pax,
1340 564 1446 613 quia,
1486 576 1575 600 cum
1621 561 1733 598 fortis

425 634 604 663 armatus
637 623 815 660 caritatis
849 622 1022 659 custodit
1055 622 1216 668 atrium,
1256 622 1296 658 in
1334 634 1433 671 pace
1473 630 1564 657 sunt
1597 620 1733 657 omnia

425 696 501 732 que
534 681 724 731 possidet.
760 683 936 727 Quartus
968 681 1120 716 fruetus
1144 680 1305 728 spiritus
1330 689 1387 716 est
1405 679 1615 729 paciencia,
1639 677 1733 726 quia

425 744 501 778 hoc
547 749 603 777 est
649 739 824 776 medium
869 739 984 775 valde
1027 738 1298 775 necessarium
1343 739 1393 774 ad
1437 737 1732 785 pacificandum

426 799 651 844 ecclesiam,
697 810 787 833 cum
825 796 955 833 viator
1000 797 1116 832 debet
1160 797 1333 844 gaudere
1379 796 1425 831 de
1470 807 1539 842 spe
1581 794 1733 830 fructus

426 856 574 894 maturi
612 856 652 892 in
684 854 828 903 patria,
868 863 977 902 patet
1019 856 1127 902 quod
1161 853 1453 890 considerando
1487 851 1633 889 Christi
1666 864 1734 899 pa-

428 914 620 952 cienciam
661 922 698 949 et
730 913 835 949 idem
871 924 1012 960 pacem
1047 911 1129 948 eius
1163 920 1200 948 et
1232 911 1423 959 gaudium
1457 911 1573 946 debet
1604 909 1735 946 viator

428 971 694 1021 equanimiter
716 970 799 1019 pati
823 969 1014 1019 quicquid
1040 969 1290 1006 adversitatis
1314 967 1539 1016 contigerit.
1565 967 1735 1013 Quintus

426 1032 578 1067 fruetus
617 1038 654 1065 et
693 1037 823 1064 sextus
862 1036 952 1063 sunt
990 1028 1205 1078 benignitas
1244 1036 1280 1063 et
1319 1027 1476 1063 bonitas.
1523 1027 1591 1061 Est
1631 1024 1734 1061 enim

428 1087 651 1136 benignitas
692 1085 900 1123 caritativa
938 1084 1082 1122 volicio
1122 1098 1201 1134 qua
1240 1084 1327 1133 quis
1367 1083 1558 1132 proponit
1597 1095 1736 1119 accen-

428 1148 521 1182 dere
573 1143 798 1193 proximum
853 1143 892 1179 in
937 1142 1104 1179 caritate
1147 1152 1229 1179 tam
1275 1141 1572 1190 exemplacione
1616 1153 1736 1189 quam

429 1203 626 1240 doctrina.
672 1204 721 1238 Et
761 1201 918 1237 bonitas
952 1210 1008 1237 est
1042 1200 1176 1237 radius
1210 1200 1387 1237 caritatis
1421 1213 1500 1248 quo
1531 1198 1619 1247 quis
1654 1211 1738 1234 mo-

427 1271 539 1299 vetur
568 1260 802 1297 benefacere
834 1258 1016 1307 proximo
1051 1259 1089 1294 in
1123 1259 1236 1296 bonis
1271 1257 1511 1294 extrinsecis.
1546 1258 1659 1293 Unde
1681 1259 1738 1301 (ut

429 1319 592 1368 quidam
643 1318 880 1366 interpretes
933 1318 1136 1362 locuntur)
1191 1316 1382 1363 benignus
1431 1315 1576 1351 dicitur
1623 1314 1736 1363 quasi

429 1380 556 1414 bonus
600 1375 713 1423 ignis,
760 1384 796 1411 et
842 1375 917 1411 hoc
957 1375 1171 1422 analogum
1218 1375 1336 1410 honus
1376 1373 1628 1410 contrahitur
1679 1384 1736 1408 se-

430 1437 604 1472 cundum
638 1433 890 1470 locucionem
924 1433 1141 1480 vulgarem,
1177 1441 1218 1468 ut
1243 1431 1486 1479 intelligatur
1519 1443 1601 1467 esse
1625 1429 1737 1466 boni-

430 1494 540 1529 ficus.
586 1494 634 1527 Et
674 1505 763 1528 cum
805 1490 977 1538 Spiritus
1018 1492 1188 1526 Sanctus
1234 1492 1350 1526 docet
1394 1487 1738 1537 perseveranciam

430 1564 513 1588 esse
546 1549 815 1586 necessarium
850 1549 1096 1593 coronand0‚
1137 1557 1245 1596 patet
1280 1549 1387 1596 quod
1421 1556 1579 1595 oportet
1603 1547 1737 1596 longa-

431 1609 638 1644 ninzilntenz
684 1617 893 1655 tamquam
939 1607 1112 1642 fructum
1157 1606 1372 1654 septimum
1420 1618 1462 1641 ex
1502 1605 1576 1641 hiis
1615 1603 1739 1651 sequi.

430 1670 498 1703 Est
553 1666 657 1702 enim
712 1664 996 1712 longanimitas
1050 1663 1283 1711 temporalis
1332 1663 1540 1710 longitudo
1584 1661 1740 1699 virtutis

431 1724 568 1761 animi.
615 1724 668 1759 Ex
708 1723 792 1759 istis
832 1722 999 1758 infertur
1038 1730 1201 1758 octavus
1242 1722 1392 1758 fructus
1433 1721 1497 1769 qui
1541 1730 1597 1756 est
1635 1732 1740 1755 ninn-

430 1783 590 1819 snetndo
632 1790 769 1817 nostra
803 1779 1002 1827 mitigans,
1043 1781 1091 1815 ad
1135 1793 1252 1828 quam
1298 1780 1465 1815 multum
1508 1779 1608 1815 valet
1649 1790 1742 1813 con-

433 1839 630 1876 sideraeio
677 1840 783 1887 quod
828 1841 933 1874 Deus
987 1837 1199 1874 necessitat
1247 1839 1296 1874 ad
1341 1850 1460 1884 opera
1508 1846 1588 1872 tam
1637 1837 1741 1871 bona

434 1911 552 1947 quam
591 1898 707 1938 mala,
743 1906 785 1932 ut
818 1897 1039 1944 procedant
1073 1895 1111 1931 in
1145 1908 1216 1931 suo
1250 1895 1390 1931 ordine
1424 1896 1473 1931 ad
1506 1895 1741 1942 prodessen-

434 1958 527 1992 dum
575 1954 758 1999 ecclesie3
803 1967 894 1990 nam
945 1962 1175 1989 mansuetus
1215 1966 1256 1989 se
1297 1952 1498 2000 mancipat
1540 1951 1742 1987 humiliter

433 2013 700 2061 omnipotenti
734 2025 855 2048 manu
889 2011 974 2056 Dei,
1008 2020 1044 2047 et
1083 2024 1131 2047 ne
1169 2011 1307 2046 fraude
1347 2011 1407 2046 vel
1447 2011 1539 2046 dolo
1573 2009 1774 2045 circum-7

433 2071 615 2108 veniatur
647 2070 864 2118 proximus,
899 2078 955 2104 est
987 2082 1115 2105 nonus
1149 2069 1301 2104 fructus
1322 2069 1531 2117 fidelitatis
1563 2080 1742 2103 necessa-

435 2129 527 2173 rius,
563 2128 655 2176 quia
694 2127 795 2163 sicut
821 2127 927 2176 sides
965 2126 1141 2174 disponit
1176 2126 1379 2162 hominem
1415 2127 1462 2162 ad
1498 2126 1740 2161 tendendum

435 2187 473 2223 in
509 2189 633 2222 Deum
669 2185 735 2233 qui
776 2193 833 2220 est
873 2197 991 2231 supra
1031 2198 1083 2230 se,
1132 2184 1187 2220 sic
1227 2185 1398 2220 secunda
1441 2184 1537 2219 fides
1571 2196 1646 2230 que
1687 2191 1743 2218 est

436 2244 605 2280 fidelitas
645 2243 821 2290 disponit
862 2242 1063 2277 hominem
1106 2251 1147 2278 ut
1187 2242 1325 2289 diligat
1366 2241 1590 2289 proximum
1637 2240 1743 2275 iuxta

436 2315 475 2338 se
509 2311 545 2338 et
579 2315 648 2349 per
683 2313 930 2348 consequens
965 2302 1170 2347 quomodo
1205 2301 1321 2336 debet
1347 2299 1509 2346 diligere
1533 2311 1573 2334 se
1598 2298 1741 2346 ipsum.

436 2359 511 2404 Qui
546 2360 651 2395 enim
686 2359 837 2395 videret
873 2371 1060 2405 magnum
1105 2357 1326 2405 periculum
1373 2356 1500 2405 patrie
1533 2369 1652 2404 quam
1688 2355 1745 2390 in-

436 2418 529 2453 colit
562 2417 773 2452 imminere
808 2425 843 2452 et
877 2416 1003 2451 sciens
1038 2415 1134 2451 illud
1170 2416 1292 2451 latere
1333 2415 1433 2451 alios
1474 2414 1746 2450 inhabitantes

507 2606 526 2626 1.
556 2598 586 2625 lu
609 2598 675 2624 end*
699 2597 851 2632 sequitur:
882 2595 916 2623 lit
947 2600 1024 2630 patet
1053 2594 1211 2630 quomodo
1237 2604 1269 2621 ex
1299 2595 1388 2621 sectis
1416 2594 1543 2621 uoxellis
1571 2593 1748 2629 refrigescit

437 2634 549 2660 caritas
580 2634 748 2659 multarum.
791 2632 844 2658 {wi
873 2632 953 2657 euim
982 2632 1133 2657 seculares
1161 2630 1303 2657 occidunt
1332 2638 1445 2664 corpus
1474 2629 1660 2658 humanitus,
1689 2629 1745 2663 ipsi

437 2668 569 2694 animani
604 2667 746 2693 occidnut
781 2667 939 2692 diabolice.
971 2666 1040 2699 quia
1075 2665 1243 2691 nmninciis
1278 2673 1331 2698 pei·
1365 2673 1422 2698 que
1455 2664 1509 2689 suit
1544 2664 1745 2689 homicidium

436 2704 547 2729 diaboli
571 2702 789 2728 iutrodm'tum.
863 2710 909 2734 ⁴:31.
932 2700 1024 2727 (Jodff
1054 2708 1112 2725 non
1137 2704 1323 2726 mansur-lusi
1398 2698 1442 2731 34.
1467 2698 1560 2725 emt:
1591 2698 1745 2724 hominem

438 2738 545 2770 diligit.

508 2845 523 2876 3
554 2853 584 2875 et
612 2855 698 2886 seqq
739 2845 813 2875 Oai.
843 2845 880 2883 V,
912 2855 962 2874 22.
1062 2853 1113 2884 29,
1143 2842 1194 2872 30.
1225 2843 1245 2872 1.
1276 2841 1361 2873 Petri
1392 2842 1434 2879 V,
1458 2841 1489 2871 ⁴3.

1755 867 1802 888 XO·

1758 1145 1793 1177 15

1755 1446 1796 1467 20

1759 1726 1797 1756 25

1762 2302 1800 2333 '35
