1944 3323
129 233 177 268 56
710 242 930 273 ,JOHANNIS
951 242 1130 274 wvciff
1149 243 1404 276 semonnia
1468 230 1619 287 [SERMO
1641 241 1722 268 vm.

414 357 619 395 tamquam
660 347 716 382 vir
756 347 837 383 sine
877 347 1080 382 timorosis
1120 357 1155 383 et
1196 348 1412 395 puerilibus
1452 348 1591 385 ritibus
1636 362 1721 397 per-

414 406 636 441 tractanda.
672 404 901 440 Similitudo
941 413 1074 440 autem
1109 405 1290 452 Apostoli
1324 414 1400 441 stat
1433 405 1472 441 in
1505 406 1580 442 isto
1613 408 1719 455 quod

414 464 630 499 secundum
672 463 775 509 leges
816 463 1011 498 humanas
1045 471 1080 498 et
1114 463 1420 499 consuetudines
1444 472 1592 511 quanto
1626 473 1723 500 tem-

415 533 511 568 pore
542 521 653 556 heres
685 520 873 567 parvulus
897 528 1092 556 tractatur
1116 520 1321 567 pueriliter
1344 530 1550 569 tamquam
1574 534 1721 567 servus,

414 578 469 614 sic
502 578 662 613 adultus
702 578 751 613 ad
791 590 957 625 regnum
998 577 1189 625 recipitur
1223 587 1259 614 et
1293 579 1501 624 honorem,
1542 579 1633 615 licet
1666 586 1754 617 se-5

415 637 588 671 cundum
636 634 945 682 disposicionem
993 635 1262 683 propinquam
1310 636 1465 672 differat
1510 649 1531 673 a
1574 637 1722 681 nativo,

416 706 505 729 cum
558 693 595 728 in
646 692 831 740 potencia
882 692 930 728 sit
976 693 1161 729 dominus
1212 693 1392 729 omnium
1438 695 1722 742 temporalium

416 750 538 798 patris
569 749 640 785 sui.
683 751 759 786 Sed
790 759 929 786 contra
959 750 1075 786 istam
1107 751 1350 788 sentenciam
1377 752 1524 788 instant
1548 752 1724 800 sophiste
1742 781 1800 812 FO!

194 815 329 859 Qarpjng
414 809 521 856 quod
563 809 674 843 heres
707 807 737 843 si
766 803 770 859 Ι
799 807 922 843 nichil
956 808 1087 844 differt
1126 821 1147 844 a
1186 821 1298 845 servo
1332 809 1455 846 etsie
1489 822 1578 846 cum
1613 823 1724 846 servo
1742 805 1822 868 2442·

170 851 349 881 ‘'b'⁸⁰¹¹‘'¹¹⁵'
414 874 470 902 est
493 877 639 910 servus,
675 874 710 901 et
733 877 803 913 per
837 877 1082 914 consequens
1114 879 1194 902 non
1227 876 1284 903 est
1308 879 1397 903 cum
1431 868 1507 904 hoc
1540 867 1725 903 dominus
1745 884 1782 904 ιο

416 922 610 959 omnium.
645 924 719 959 Sed
756 924 991 959 erubescant
1023 924 1177 971 parvuli
1211 937 1252 960 ex
1285 924 1516 972 ignorancia
1550 938 1627 973 qua
1659 938 1725 961 ne-

416 980 544 1017 sciunt
584 981 631 1016 de
671 980 815 1017 virtute
855 981 1048 1017 sermonis
1093 983 1212 1018 verba
1250 982 1432 1030 Apostoli
1477 982 1725 1031 impugnare.

417 1041 527 1075 Patet
572 1038 646 1074 sic:
693 1038 873 1074 Christus
914 1039 979 1087 qui
1027 1048 1083 1075 est
1122 1040 1233 1076 heres
1276 1040 1384 1087 regni
1429 1049 1464 1076 et
1504 1041 1574 1077 Dei
1624 1040 1726 1077 filius

417 1095 600 1132 amabilis
630 1108 703 1144 pro
734 1105 819 1132 toto
850 1105 1032 1144 tempore
1061 1110 1139 1145 quo
1168 1105 1223 1133 est
1241 1098 1433 1147 parvulus
1461 1099 1577 1134 nichil
1599 1099 1727 1147 dzffert

416 1167 436 1189 a
476 1166 602 1199 servo,
639 1166 723 1189 cum
756 1154 804 1190 sit
836 1155 1012 1191 dominus
1053 1155 1233 1201 onmium,
1267 1167 1360 1203 ergo
1391 1157 1511 1192 verba
1543 1156 1780 1204 Apostoli15

417 1220 506 1247 sunt
521 1212 640 1247 verba
659 1212 706 1248 de
724 1211 867 1248 virtute
891 1212 1086 1248 sermonis
1109 1214 1215 1261 apud
1235 1226 1514 1262 quemcunque
1537 1214 1724 1261 logicum.

127 1276 268 1304 Christis
282 1279 402 1313 sermm
476 1270 523 1305 Et
556 1271 795 1305 antecedens
828 1279 936 1317 patet
970 1283 1012 1306 ex
1047 1271 1121 1306 hoc
1155 1272 1261 1318 quod
1290 1271 1470 1307 Christus
1504 1280 1560 1308 est
1592 1284 1725 1308 servus

136 1310 393 1374 ,nassffig‘gdffhfffld
418 1328 638 1363 secundum
673 1327 963 1363 humanitatem
999 1337 1035 1364 et
1068 1328 1254 1364 dominus
1286 1328 1466 1365 omnium
1505 1331 1722 1366 secundum

187 1380 345 1450 ἓξὲῧρᾟὸ
419 1384 680 1429 divinitatem,
705 1385 806 1421 sicut
836 1394 892 1421 est
924 1385 1042 1421 simul
1066 1387 1170 1421 Deus
1204 1395 1240 1422 et
1271 1387 1404 1423 homo.
1440 1388 1557 1433 Quod
1591 1396 1723 1424 autem

418 1442 599 1479 Christus
637 1442 686 1479 sit
726 1455 860 1479 servus
894 1443 965 1479 Dei
1003 1443 1128 1491 patris
1168 1456 1210 1479 ex
1244 1445 1319 1480 hoc
1352 1444 1500 1487 evidet;
1541 1454 1577 1481 et
1610 1445 1724 1481 mini·
1741 1459 1782 1480 20

416 1509 515 1536 strat
554 1500 627 1536 toti
659 1500 847 1537 Trinitati
893 1510 1012 1549 atque
1057 1502 1234 1546 ecclesie,
1281 1511 1318 1538 et
1362 1514 1432 1550 per
1477 1515 1724 1551 consequens

416 1567 472 1594 est
510 1571 644 1594 servus
677 1571 698 1594 a
733 1558 969 1604 ministerio,
1003 1558 1094 1595 licet
1126 1559 1225 1595 liber
1257 1559 1373 1596 fuerit
1407 1573 1428 1596 a
1462 1569 1647 1608 peccat03
1689 1570 1725 1597 et

416 1616 455 1651 in
485 1616 559 1651 isto
589 1617 835 1652 concordant
858 1616 1093 1653 Ambrosius
1125 1626 1161 1653 et
1190 1617 1316 1653 sancti
1341 1617 1472 1654 ceteri.
1507 1621 1596 1654 Non
1620 1618 1724 1654 enim

417 1673 597 1710 Christus
622 1673 771 1710 diceret
795 1674 877 1710 eius
901 1674 1071 1721 digniori
1093 1675 1261 1711 vicario:
1296 1675 1533 1724 Quicunque
1556 1675 1725 1712 voluerit

416 1731 517 1767 inter
557 1744 625 1767 vos
670 1731 822 1779 primus
867 1744 949 1768 esse
993 1732 1066 1768 erit
1103 1741 1230 1768 vester
1269 1745 1402 1769 servus
1445 1733 1520 1769 nisi
1566 1733 1648 1782 ipse
1686 1734 1726 1769 in
1743 1738 1783 1769 25

417 1802 587 1837 persona
625 1802 696 1825 sua
734 1789 845 1837 prius
878 1789 1156 1837 exemplariter
1189 1790 1289 1826 foret
1322 1803 1468 1836 servus,
1502 1790 1592 1827 ideo
1625 1791 1726 1828 sicut

418 1847 536 1883 servit
580 1847 640 1883 vel
687 1846 885 1883 ministrat
931 1847 1108 1890 ecclesie,
1155 1847 1210 1884 sic
1254 1847 1415 1884 indubie
1460 1857 1517 1885 est
1561 1851 1644 1885 Deo
1690 1858 1726 1885 et

419 1904 583 1941 ecclesie
605 1917 785 1940 summus
801 1917 934 1941 servus
951 1905 1205 1952 dignissimus
1222 1914 1258 1942 et
1274 1906 1520 1942 utilissimus.
1546 1907 1726 1943 Christus

419 1971 551 1999 autern
591 1971 707 1998 vocat
747 1975 787 1998 se
826 1962 955 2010 ipsum
994 1964 1209 1999 ministrum
1251 1963 1395 2011 sepius,
1438 1964 1526 2000 ideo
1565 1964 1727 2001 indubie

419 2021 698 2057 concedendus
748 2030 805 2056 est
849 2022 897 2056 ad
942 2033 1100 2056 sensum
1155 2021 1403 2057 consimilem
1453 2034 1535 2058 esse
1579 2035 1724 2058 servus.
1742 2027 1784 2059 ΞΟ

420 2079 591 2123 Quando
643 2077 746 2114 enim
798 2077 995 2126 scriptura
1039 2088 1154 2115 vocat
1199 2080 1403 2126 apostolos
1451 2092 1597 2125 servos,
1647 2093 1727 2116 non

420 2135 603 2182 intelligit
642 2148 708 2171 eos
747 2148 878 2171 servos
917 2149 938 2172 a
978 2136 1213 2172 condicione
1252 2138 1319 2172 sed
1358 2150 1380 2173 a
1414 2137 1725 2174 ministracione.

132 2200 403 2239 &ffoenhoisin
478 2195 662 2229 Secundo
701 2206 793 2229 vero
835 2193 1061 2230 verificatur
1105 2194 1334 2242 proposicio
1367 2195 1548 2242 Apostoli
1594 2197 1725 2244 quoad

132 2239 405 2298 glaffibdsxscisiss'fd‘
420 2252 539 2287 verba
584 2252 631 2286 de
676 2263 914 2299 quocunque
959 2252 1103 2288 herede
1144 2252 1346 2300 baptizato
1386 2261 1422 2288 et
1461 2252 1649 2289 existente
1688 2253 1726 2289 in

159 2301 378 2339 osallihings.
421 2308 566 2356 gracia,
614 2309 706 2343 dum
754 2318 809 2344 est
850 2310 1048 2356 parvulus.
1096 2312 1180 2357 Ipse
1225 2309 1328 2345 enim
1374 2310 1495 2346 nichil
1537 2310 1666 2346 differt
1705 2314 1782 2347 a35

421 2379 546 2410 servo,
592 2379 681 2402 cum
727 2366 775 2402 sit
819 2379 953 2402 servus
993 2367 1063 2403 Dei
1109 2376 1145 2403 et
1189 2379 1278 2403 curn
1325 2368 1400 2404 hoc
1446 2377 1503 2404 est
1542 2368 1727 2404 dominus

421 2423 615 2464 omnium,
656 2423 748 2471 quia
787 2425 974 2460 iustorum
1013 2432 1099 2460 sunt
1139 2425 1286 2465 omnia,-
1324 2425 1413 2461 ideo
1446 2435 1633 2473 parcatur
1666 2439 1726 2461 so-

421 2481 574 2529 phistis,
608 2481 698 2517 licet
730 2481 908 2517 nesciant
940 2482 1150 2518 falsificare
1184 2483 1254 2518 hec
1284 2484 1404 2519 verba
1426 2483 1626 2531 Apostoli;
1660 2485 1727 2519 sed

423 2540 471 2575 ad
511 2551 667 2574 sensum
707 2552 821 2574 suum
862 2541 1038 2576 notanda
1077 2549 1166 2575 sunt
1198 2541 1317 2576 verba
1349 2541 1530 2588 Apostoli
1563 2541 1726 2577 ulterius

424 2597 530 2644 quod
574 2597 662 2632 talis
700 2597 810 2632 heres
844 2598 1035 2645 parvulus
1078 2599 1144 2633 sub
1189 2598 1378 2633 tutoribus
1421 2606 1475 2634 est
1519 2611 1634 2647 usque
1676 2600 1784 2642 ad4o

170 2661 236 2688 The
257 2661 321 2688 heir
340 2661 366 2688 is
419 2654 640 2703 prefinitum
680 2661 827 2702 tempus
865 2667 885 2689 α
921 2662 1047 2703 patre.
1089 2656 1249 2691 Tutores
1287 2664 1418 2691 autem
1454 2655 1638 2692 dicuntur
1670 2655 1726 2692 illi

167 2696 380 2729 ¹¹¹¹d⁰s³¹¹t⁰¹⁴⁵³
425 2711 491 2759 qui
531 2713 579 2747 ad
619 2712 783 2747 tutelam
823 2712 978 2759 parvuli
1018 2712 1242 2749 limitantur
1280 2725 1325 2750 ac
1364 2714 1486 2749 tutari
1522 2715 1628 2763 quod
1669 2723 1725 2749 est

493 2857 546 2888 40.
576 2847 650 2879 Gal.
677 2848 734 2887 1V,
762 2858 792 2882 2.
