1944 3323
1805 240 1825 265 t.)

1833 242 1855 265 0

1864 230 1880 265 ἑοὶ

277 243 414 273 SERMO
436 231 563 290 xxvi]
769 244 943 277 TERTIA
969 243 1096 276 PARS.

277 354 440 402 quidem
482 362 539 390 est
572 354 680 402 quod
719 361 857 389 exeant
897 353 946 388 ab
987 351 1149 388 homine
1189 351 1268 388 iam
1311 359 1472 386 mortuo
1512 358 1594 385 tam

277 413 448 460 sparsim
479 424 583 460 aqua
617 420 653 447 et
686 410 847 458 sanguis
881 419 963 446 tam
999 409 1166 446 mirifice
1200 408 1388 458 separati.
1424 408 1597 456 Spiritus

278 480 411 507 autem
448 482 657 506 assumens
690 468 763 505 sibi
799 481 945 517 corpus
979 468 1239 505 fantasticum
1274 476 1383 504 caret
1416 466 1597 503 totaliter

277 529 361 565 istis
394 528 528 576 signis,
562 528 652 564 ideo
686 527 890 575 signanter
925 526 1021 564 dicit
1043 528 1245 563 ,lohannes
1280 527 1387 574 quod
1413 524 1596 561 Christus

243 587 349 623 511011
384 587 483 623 venit
516 587 551 622 in
585 598 683 635 aqua
716 586 839 622 solum
874 587 943 622 sed
975 586 1011 621 in
1044 598 1143 634 aqua
1178 593 1213 621 et
1245 584 1446 634 sanguiue.
1481 584 1597 631 Aqua

276 645 382 681 enim
429 653 563 693 posset
608 643 795 680 illusione
842 644 990 680 diaboli
1038 644 1078 680 in
1124 643 1375 680 concavitate
1416 640 1597 689 corporis

276 703 510 751 instagnari‚
549 704 618 739 sed
657 702 817 750 sanguis
850 702 1078 739 necessario
1117 710 1330 750 generatur
1364 702 1413 737 ab
1447 699 1595 743 anima,
1619 702 1806 765 Tbll102033123
1821 704 1880 764 {¹134

277 770 313 798 et
343 761 485 810 spiritu
515 761 626 798 vitali
660 761 698 797 in
724 774 802 809 quo
832 760 937 809 viget
967 761 1050 797 eius
1081 760 1268 809 potencia
1302 759 1595 796 circumfertur.
1630 773 1686 800 His
1708 747 1876 807 bodyffifii

276 821 370 856 Ideo
403 819 478 856 ista
512 820 591 855 duo
625 819 681 856 sic
714 819 826 856 unita
859 819 899 855 in
923 819 1082 856 Christo
1114 831 1205 855 vere
1238 818 1417 855 indicant
1452 829 1598 865 corpus
1713 810 1790 836 ³0⁸¹·

221 887 261 908 10
277 879 499 914 humanum
535 891 580 914 ac
615 878 698 914 eius
732 878 924 915 animam.
960 879 1037 914 Sed
1071 877 1164 926 quia
1198 877 1400 913 efficacius
1425 877 1598 924 probant

276 936 354 973 vivi
389 949 511 985 quam
548 936 710 981 mortui,
748 936 838 972 ideo
874 936 1000 972 tercio
1036 935 1314 984 principaliter
1348 934 1512 972 adducit
1535 935 1598 970 Jo—

277 995 429 1031 hannes
464 994 743 1031 testimonium
774 994 985 1030 Trinitatis
1016 996 1065 1030 ad
1096 995 1353 1042 probandum
1383 1002 1598 1040 utramque

275 1062 464 1090 naturam
496 1053 721 1101 ypostatice
754 1053 1004 1101 copulatam:
1051 1053 1103 1088 Et
1136 1052 1319 1101 Spiritus,
1359 1051 1502 1100 inquit,
1543 1058 1599 1086 est

276 1112 341 1160 qui
361 1112 590 1162 testificatur
612 1112 789 1160 quoniam
815 1111 994 1147 Christus
1016 1119 1070 1147 est
1101 1111 1256 1147 veritas.
1290 1113 1393 1147 Nam
1418 1108 1597 1146 essencia
1619 1111 1760 1159 {Vitiiess
1781 1113 1880 1151 ort-110

221 1169 411 1206 15divina
465 1182 540 1218 que
587 1178 643 1206 est
688 1178 773 1206 tota
819 1169 996 1206 Trinitas
1050 1178 1107 1205 est
1160 1169 1337 1217 spiritus,
1394 1177 1436 1204 ut
1489 1175 1599 1216 patet
1627 1148 1876 1218 *fff1¹e¹t²Tlfi¹{{¹i¹ty¹J·

274 1229 362 1264 Joh.
388 1229 473 1274 lV0‚
499 1238 571 1274 24:
606 1229 727 1274 Deus,
760 1227 904 1276 inquit⁷
938 1228 1099 1277 spiritus
1131 1235 1207 1272 θεῖς
1239 1237 1276 1264 et
1309 1228 1394 1276 ipsa
1429 1235 1598 1263 testatur

277 1286 481 1322 Christum
516 1299 599 1322 esse
632 1299 769 1322 verum
803 1286 874 1322 Dei
908 1286 1033 1322 filium
1068 1287 1296 1322 naturalem
1333 1295 1369 1322 et
1402 1298 1472 1334 per
1506 1297 1598 1321 con-

275 1357 446 1393 sequens
485 1344 695 1381 veritatem
735 1342 855 1393 (sicut
894 1345 1062 1393 ipsemet
1108 1344 1204 1381 dicit
1235 1344 1429 1381 Johannis
1462 1345 1597 1387 XIVO).

275 1405 487 1451 Approbat
528 1403 631 1440 enim
665 1403 844 1440 Trinitas
889 1403 1166 1452 frequentibus
1208 1403 1414 1439 miraculis
1448 1401 1599 1439 Christi

219 1470 260 1491 20
276 1461 393 1498 facta.
429 1463 529 1499 Cum
554 1474 649 1510 ergo
674 1462 855 1498 Christus
886 1462 1105 1498 arbitratur
1136 1474 1175 1498 se
1201 1474 1283 1498 esse
1307 1474 1444 1498 verum
1470 1463 1597 1496 Deum

277 1528 314 1556 et
348 1520 568 1565 hominem,
604 1529 645 1556 ut
678 1528 788 1568 patet
821 1520 967 1556 veritas
1002 1520 1118 1556 huius
1148 1519 1318 1565 arbitrii,
1353 1520 1468 1556 aliter
1493 1518 1596 1555 enim

277 1587 381 1614 esset
405 1578 587 1614 Christus
620 1578 879 1626 blasphemus
914 1587 950 1614 et
985 1578 1184 1615 hereticus
1220 1578 1467 1623 manifestus,
1502 1586 1598 1613 tunc

277 1645 411 1672 autem
457 1636 622 1685 spiritus
667 1636 869 1673 increatus
914 1649 995 1673 non
1041 1649 1130 1673 eum
1184 1646 1266 1673 tam
1322 1635 1599 1684 multipliciter

277 1696 537 1742 approbaret.
584 1696 662 1731 Sed
702 1704 787 1731 tota
826 1695 900 1731 ista
939 1695 1178 1732 testificacio
1218 1704 1328 1743 patet
1374 1693 1598 1742 expressius

218 1753 258 1784 25
279 1765 321 1789 ex
354 1752 588 1790 testimonio
621 1753 844 1790 Trinitatis.
880 1755 973 1790 Ideo
1008 1753 1103 1790 dicit
1136 1755 1338 1790 Johannes
1371 1766 1444 1801 pro
1479 1764 1598 1789 causa

278 1810 372 1859 quia
395 1819 476 1848 tres
497 1819 585 1847 sunt
608 1812 673 1860 qui
693 1812 950 1848 testimonium
977 1813 1069 1847 daut
1093 1812 1129 1847 in
1153 1813 1254 1848 celo:
1277 1812 1409 1855 Pater,
1433 1811 1597 1847 Verbum

278 1877 313 1906 et
346 1870 516 1919 Spiritus
549 1871 726 1913 Sanctus,
765 1878 799 1906 et
832 1871 886 1906 lzii
917 1878 996 1906 tres
1036 1883 1150 1906 unum
1189 1878 1288 1907 sunt.
1334 1872 1453 1906 Pater
1492 1869 1597 1905 enim

278 1936 448 1964 testatur
468 1930 602 1965 Jesum
637 1941 721 1964 esse
755 1928 880 1964 filium
915 1942 1030 1965 suum
1066 1928 1256 1965 dilectum
1290 1928 1473 1967 (Matthei
1497 1930 1596 1971 1110).

188 2021 250 2052 FO!
278 1987 455 2022 Verbum
491 1986 617 2023 eciam
651 1995 822 2023 testatur
855 1988 903 2023 de
937 2000 976 2023 se
1010 1987 1097 2035 ipso
1132 1989 1239 2035 quod
1263 1986 1313 2023 sit
1336 1987 1442 2023 idem
1469 1998 1600 2022 essen—

185 2045 266 2100 2603
281 2043 435 2081 cialiter
467 2047 551 2081 Deo
585 2045 703 2093 patri.
737 2045 842 2095 Ego,
875 2045 1004 2094 inquit
1033 2043 1037 2097 Ι
1068 2075 1076 2085 ,
1110 2053 1145 2082 et
1169 2046 1287 2082 Pater
1319 2058 1433 2081 uuum
1467 2057 1600 2081 sumus

278 2103 459 2147 (Joh.110
494 2112 531 2139 et
561 2104 649 2139 Joh.
674 2105 811 2147 XV10).
846 2105 965 2149 Quod
987 2105 1164 2140 Verbum
1198 2104 1247 2140 sit
1281 2105 1419 2140 eadem
1453 2111 1598 2139 natura

280 2173 369 2197 cum
410 2160 562 2209 Spiritu
606 2163 754 2198 Sancto
797 2163 865 2197 sed
910 2162 1020 2210 prius
1064 2161 1231 2210 origine,
1277 2171 1387 2210 patet
1426 2174 1469 2198 ex
1503 2163 1597 2198 hoc:

279 2219 334 2265 Si,
366 2218 510 2268 inquit,
544 2220 689 2265 abiero,
729 2221 877 2256 mittam
911 2233 995 2256 eum
1029 2222 1080 2256 ad
1114 2233 1192 2256 vos.
1239 2221 1317 2257 Sed
1350 2220 1476 2257 tercio
1510 2220 1598 2267 spi-

280 2277 379 2313 ritus
402 2277 572 2314 Sanctus
605 2287 775 2314 testatur
807 2278 847 2314 in
881 2279 1067 2315 columbe
1100 2279 1232 2326 specie
1265 2283 1322 2323 (ut
1356 2288 1465 2327 patet
1498 2281 1599 2315 Mat-

223 2336 262 2369 35
280 2335 361 2371 thei
386 2337 472 2380 1110)
506 2344 633 2372 totam
659 2336 807 2372 Christi
842 2336 1197 2373 conversacionem
1233 2346 1270 2373 et
1303 2337 1394 2373 bine
1428 2350 1598 2385 persone

280 2392 426 2441 prioris
459 2393 812 2439 testificacionem3
860 2404 896 2431 et
935 2394 1010 2431 ista
1050 2403 1107 2431 est
1149 2408 1307 2432 summa
1346 2396 1598 2432 auctoritatis

281 2451 512 2497 concordia,
533 2464 621 2488 cum
642 2452 695 2488 hii
719 2461 799 2489 tres
822 2462 913 2489 sunt
937 2453 1207 2490 essencialiter
1231 2467 1354 2489 unum
1379 2467 1596 2490 summum.

338 2512 387 2546 Et
411 2511 545 2558 quoad
569 2510 652 2546 eius
685 2511 979 2548 humanitatem
1013 2519 1094 2548 tres
1125 2519 1213 2548 suut
1245 2513 1310 2561 qui
1339 2513 1595 2548 testimoniium

281 2569 374 2604 dant
406 2568 442 2604 in
476 2575 606 2604 terra:
638 2569 821 2618 Spiritus,
844 2582 942 2619 aqua
966 2577 1002 2606 et
1024 2570 1198 2621 sanguis,
1221 2578 1257 2607 et
1284 2571 1338 2607 hii
1369 2578 1449 2607 tres
1481 2583 1595 2607 unum

351 2700 370 2730 ¹.-
391 2690 487 2730 βοὰς
509 2691 620 2718 exiam.
724 2699 747 2718 2.
771 2692 866 2720 Cod.:
888 2693 1006 2721 nnifice.
1112 2693 1136 2721 5.
1158 2693 1254 2721 Cod.:
1276 2694 1327 2721 sed
1350 2695 1379 2722 in
1402 2703 1480 2730 aqua
1502 2695 1594 2722 deest.

279 2726 408 2754 Addldl.
542 2734 568 2761 7.
600 2726 695 2753 Cod.:
727 2727 896 2761 sanguinis.
1025 2736 1058 2755 11.
1090 2728 1185 2755 Cod.:
1218 2729 1275 2755 vivi
1307 2729 1407 2757 deest:
1440 2730 1479 2756 ib.
1510 2730 1595 2757 coda

280 2761 352 2788 dicit
382 2761 487 2788 tercio.
560 2760 599 2788 31.
621 2761 725 2788 Recte:
747 2762 814 2790 Joh.
836 2763 888 2797 X0,
908 2761 954 2790 30.
1029 2764 1073 2791 38.
1097 2763 1191 2791 Cod.:
1216 2764 1425 2791 humanitatis.

355 2833 403 2864 13.
433 2834 456 2864 I.
482 2833 558 2866 Joh.
580 2834 620 2871 V,
647 2833 677 2865 6.
804 2833 857 2866 26.
886 2836 907 2867 Ι.
935 2834 1013 2867 Joh.
1036 2835 1076 2876 V,
1102 2846 1133 2878 7.
1262 2836 1314 2869 33.
1340 2836 1419 2868 Joh.
1447 2837 1537 2878 XVI,
1564 2848 1593 2879 7.

282 2878 334 2912 38.
362 2880 386 2911 1.
411 2879 490 2912 Joh.
515 2880 556 2921 V,
583 2880 614 2912 8.
