1944 3323
115 938 152 959 lo

118 1218 153 1250 15

113 1520 156 1541 20

119 2090 162 2122 '50

123 2379 163 2414 35

165 292 300 321 semro
322 280 404 338 ΧΠ]
652 292 824 324 TERTIA
851 291 977 322 PARS.
1723 294 1767 327 9¹

225 403 526 448 consequenter
567 400 743 435 declarat
780 398 995 445 Apostolus
1049 397 1192 445 quilius
1238 396 1484 432 vestimenti:
1574 403 1704 429 Twenrv

165 458 441 507 spiritualibus
491 458 552 494 vel
606 456 720 492 donis
781 455 946 504 predicti
1001 464 1152 503 septem
1207 453 1390 490 officiarii
1450 463 1485 489 ct
1536 443 1744 505 ggi'i'iff'liisinq

166 530 303 554 eorum
347 515 516 552 ministri
558 516 702 551 debent
743 514 866 550 indui.
914 516 961 549 Et
997 513 1128 561 primo
1169 512 1349 547 omnium
1393 511 1487 547 dicit
1541 507 1751 568 “J''J‘le'ld''¹122ssss

166 576 273 624 quod
306 573 533 611 necessaria
573 582 630 610 est
664 572 741 608 illis
775 573 932 609 dilect-i«,
965 572 1045 607 sine
1077 570 1336 606 .x·1'mulaci‹›ne.
1385 569 1487 615 Quid
1541 563 1652 616 iiidq‘ed
1678 564 1747 603 xxii«,

166 637 294 681 (rogo)
345 641 403 669 est
454 630 700 668 necessarius
756 630 948 666 membris
1000 628 1168 665 ecclesie
1220 641 1340 677 quam
1398 641 1490 664 vera
1555 612 1734 673 ¹¹¹JJJ⁴JQ¹JC

167 691 335 728 caritas?
369 693 469 727 Nam
504 689 587 726 sine
621 689 688 726 illa
719 702 798 725 non
832 697 922 724 sunt
948 689 1128 724 membra
1154 686 1320 724 ecclesie
1353 688 1419 722 sed
1455 680 1781 744 in¹·dilg‘s'i‘nss]¹¹*sij'¹i¹'¹)''·''f¹

167 762 206 786 se
267 748 380 785 divisi
442 757 479 784 et
531 761 601 796 per
654 759 902 796 consequens
966 746 1072 782 iuxta
1125 746 1289 781 verbum
1345 743 1489 781 Christi

170 809 273 844 Luce
307 808 391 853 X10,
424 819 467 854 17
490 807 672 856 finaliter
704 806 968 842 desolandum.
1022 804 1153 840 Nichil
1193 803 1299 840 enim
1340 802 1492 840 cercius

168 878 288 914 quam
324 866 431 914 quod
467 864 633 901 ecclesia
667 873 703 900 et
737 876 855 900 omne
895 872 1025 899 totum
1061 863 1179 898 habet
1213 862 1336 897 robur
1359 874 1380 898 a
1413 860 1494 897 suis

168 923 349 973 partibus
395 922 631 959 coniunctis.
685 922 724 959 Si
764 934 857 969 ergo
896 934 975 957 una
1015 933 1106 968 pars
1146 928 1341 968 repugnat
1380 918 1493 956 alteri

169 982 297 1030 ipsam
332 979 570 1030 impediens,
603 992 764 1017 necesse
799 989 856 1016 est
880 980 987 1028 quod
1012 980 1134 1015 robur
1157 977 1286 1014 tocius
1312 979 1358 1014 de
1382 986 1494 1014 tanto

169 1039 417 1076 diminuatur
458 1048 494 1076 et
536 1038 707 1075 finaliter
741 1038 995 1074 dissolvatur.
1048 1038 1219 1085 Oportet
1252 1048 1346 1084 ergo
1386 1037 1493 1084 quod

169 1097 218 1134 sit
241 1110 334 1134 vera
358 1097 526 1134 dileccio
551 1098 764 1134 excludens
788 1095 1093 1132 simulacionem
1119 1104 1239 1143 atque
1263 1093 1493 1143 ypocrisim.

171 1165 208 1193 et
254 1169 323 1204 per
368 1168 618 1204 consequens
668 1163 828 1203 oportet
880 1155 987 1203 quod
1033 1153 1100 1190 illa
1146 1152 1314 1189 dileccio
1360 1152 1409 1189 sit
1456 1151 1493 1188 in

172 1214 345 1255 Christo,
386 1215 560 1251 amando
594 1214 797 1250 Christum
841 1211 1096 1249 concorditer
1135 1224 1180 1247 ac
1220 1210 1496 1260 principaliter

172 1281 209 1309 et
249 1272 385 1309 onmia
418 1272 501 1308 eius
544 1272 725 1308 membra
764 1272 986 1308 secundum
1027 1269 1231 1306 racionem
1266 1282 1345 1318 qua
1378 1268 1495 1305 affec-

172 1330 334 1367 tualiter
372 1330 503 1379 ipsum
537 1338 687 1366 amant.
737 1329 777 1366 Si
811 1328 916 1366 enirn
951 1328 1081 1377 ipsum
1116 1340 1300 1365 amamus
1335 1336 1373 1364 et
1406 1340 1495 1375 pro-

172 1388 299 1425 ximos
340 1390 559 1425 secundum
601 1388 803 1425 racionem
839 1400 917 1436 qua
957 1386 1109 1423 faciunt
1141 1385 1256 1422 nobis
1296 1385 1495 1434 privatum

172 1448 446 1493 commodum,
491 1459 652 1483 necesse
701 1455 758 1483 est
804 1447 911 1495 quod
956 1457 1114 1482 amores
1167 1444 1245 1481 sint
1291 1442 1495 1481 contrarii.

172 1505 273 1542 sicut
312 1505 611 1542 contrariantur
652 1504 807 1553 privata
853 1505 1068 1541 commoda
1108 1503 1307 1548 affectata,
1351 1510 1388 1539 et
1428 1514 1497 1550 per

173 1576 421 1612 consequens
472 1563 682 1600 deficiente
726 1576 820 1599 vero
874 1563 1137 1598 fundamento
1183 1569 1344 1609 oportet
1390 1561 1495 1608 quod

173 1622 221 1657 sit
260 1622 359 1658 falsa
399 1621 567 1658 dileccio
607 1622 822 1669 superlata.
870 1622 917 1656 Et
963 1633 1052 1656 cum
1096 1622 1201 1656 Deus
1241 1618 1387 1656 caritas
1427 1627 1496 1655 est.

175 1679 266 1717 talis
302 1681 513 1728 (quantum
540 1679 579 1715 in
605 1680 690 1728 ipso
716 1681 788 1726 est)
814 1678 1000 1715 falsificat
1022 1677 1250 1726 ymaginem
1273 1676 1498 1713 Trinitatis.

174 1737 409 1774 Aristoteles
443 1747 579 1774 tamen
612 1737 877 1785 philosophus
911 1736 1094 1773 ethnicus
1128 1735 1224 1772 dicit
1247 1737 1354 1772 VIII0
1388 1734 1499 1770 Ethi-

175 1809 314 1832 corum
369 1797 474 1845 quod
529 1796 726 1832 scelestius
770 1803 824 1832 est
858 1795 1083 1845 falsificare
1125 1794 1338 1830 amiciciam
1386 1806 1498 1842 quam

176 1863 379 1890 monetam.
421 1854 617 1890 Simulata
647 1866 822 1902 namque
853 1852 1021 1889 dileccio
1047 1865 1122 1901 que
1145 1865 1226 1889 non
1251 1861 1307 1888 est
1330 1850 1499 1888 dileccio

176 1912 385 1949 confundit
414 1912 624 1949 ecclesiam
656 1921 692 1948 et
717 1921 774 1948 est
805 1910 1129 1959 inseparabiliter
1152 1910 1191 1946 in
1220 1909 1305 1947 istis
1335 1909 1500 1958 privatis

176 1970 386 2007 ordinibus
426 1979 545 2019 atque
584 1970 714 2015 sectis,
755 1969 847 2019 quia
891 1969 1059 2006 caritate
1103 1982 1175 2004 non
1214 1976 1395 2017 querente
1432 1980 1502 2016 que

176 2042 243 2066 sua
285 2037 371 2064 sunt
410 2028 701 2066 necessitantur
741 2027 937 2076 privatam
980 2027 1269 2076 proprietatem
1311 2034 1501 2075 appetere

178 2096 214 2124 et
248 2099 317 2135 per
351 2100 600 2135 consequens
634 2099 718 2123 esse
752 2086 943 2123 contrarii
979 2085 1149 2122 caritati.

235 2146 313 2181 Sed
359 2147 535 2182 secundo
581 2154 741 2193 oportet
787 2157 899 2181 arma
945 2144 1123 2180 fidelium
1166 2142 1336 2179 discrete
1376 2142 1500 2178 indui.
1533 2156 1557 2176 2.
1580 2148 1779 2186 A1³11‹·13rence

178 2206 279 2240 Nam
320 2217 393 2252 pro
434 2213 615 2252 tempore
654 2202 845 2239 x·iacionis
886 2203 1066 2238 membra
1101 2200 1250 2238 diaboli
1291 2213 1381 2237 cum
1423 2200 1502 2237 suis
1598 2184 1716 2212 osmi.

177 2261 352 2298 vestibus
386 2275 475 2298 curn
511 2261 678 2298 ecelesia
711 2270 801 2297 sunt
826 2260 1056 2297 commixta.
1093 2261 1185 2296 Ideo
1209 2268 1369 2307 oportet
1394 2260 1501 2307 quod

180 2319 317 2356 fideles
357 2320 496 2356 odiant
535 2321 678 2355 malum
717 2320 841 2369 culpe,
879 2319 987 2367 quod
1027 2327 1083 2355 est
1122 2317 1240 2354 vestis
1287 2317 1503 2354 commixta

180 2379 456 2414 membrorum
496 2377 658 2418 diaboli,
707 2387 743 2414 et
789 2390 877 2414 cum
925 2377 1000 2413 hoc
1046 2377 1197 2412 malum
1236 2389 1316 2412 non
1355 2375 1503 2424 poterit

180 2448 251 2485 per
282 2448 321 2472 se
355 2448 438 2472 esse
471 2437 538 2472 sed
572 2435 739 2485 requirit
771 2434 1056 2472 fundacionem
1098 2434 1136 2470 in
1177 2435 1283 2470 bono
1317 2433 1502 2482 positivo.

180 2506 341 2530 necesse
375 2503 432 2530 est
456 2495 563 2542 quod
595 2503 741 2530 natura
764 2493 833 2530 tali
860 2492 1017 2529 malicie
1051 2493 1231 2528 subiecta
1264 2492 1303 2528 in
1328 2491 1502 2529 Domino

182 2551 385 2600 diligatur,
427 2551 482 2588 sic
523 2553 629 2600 quod
665 2551 735 2588 Dei
778 2551 881 2588 filius
922 2552 1065 2587 habeat
1105 2550 1145 2587 in
1184 2563 1264 2599 quo
1298 2550 1500 2586 Christum

183 2610 322 2658 diligat
356 2619 392 2646 et
425 2610 520 2647 satis
553 2610 710 2658 spissim
747 2610 785 2646 in
819 2624 898 2659 quo
932 2618 1140 2658 peccatum
1176 2608 1299 2645 odiat.

255 2757 296 2784 iij.
319 2756 413 2783 Cod.:
436 2765 539 2791 quani.
655 2765 701 2790 24-
723 2757 754 2783 lu
778 2764 891 2790 marg:
914 2755 1108 2783 Aristoteles.
1227 2753 1265 2781 31.
1287 2755 1319 2781 Iu
1342 2762 1454 2787 marg..¹
1479 2762 1502 2780 2,

184 2791 231 2826 ὃς).
253 2791 349 2819 Cod.:
371 2790 498 2827 peccati.

212 2920 233 2953 8
256 2875 417 2956 4131?qu
435 2875 508 2914 XII,
528 2885 558 2918 9.
650 2884 702 2914 24.
721 2874 929 2908 Aristoteles
948 2873 1028 2906 Eth.
1049 2873 1182 2906 Nicom.
1206 2872 1289 2905 1165
1303 2873 1335 2915 b,
1358 2883 1503 2905 10—12.

192 2933 207 2956 2
237 2948 244 2955 .
328 2932 363 2954 1.
421 2947 428 2962 ‚
458 2932 511 2955 21.
