1944 3323
91 256 165 290 140
667 254 890 286 JOHANNIS
911 255 1090 286 WYCLIF
1110 254 1367 287 sERMoNUM
1399 241 1549 299 [sermo
1570 253 1680 280 xvim.

431 363 645 407 Quomodo
691 374 785 409 ergo
831 363 1054 398 absolveret
1099 362 1187 410 quis
1235 364 1450 398 asserendo
1498 375 1538 399 se
1586 365 1679 400 dare

371 419 546 466 graciam
589 420 857 467 presumendo
897 432 937 455 se
976 432 1216 467 cognoscere
1257 430 1293 457 et
1334 422 1521 468 ponendo
1561 434 1600 457 se
1640 421 1680 458 in

373 477 508 513 multis
541 478 709 514 statibus
742 487 861 525 atque
895 477 1038 514 officiis
1077 480 1126 514 ad
1166 492 1242 526 que
1281 480 1398 514 debet
1437 491 1679 526 cognoscere

371 535 580 572 caritatem
616 549 698 572 esse
731 535 862 583 primo
896 535 1142 584 requisitam.
1177 539 1217 572 ln
1251 536 1325 573 ista
1359 536 1526 573 materia
1560 539 1679 574 credo

372 593 565 629 maiorem
607 604 761 642 partem
799 602 939 630 vocate
981 593 1145 630 ecclesie
1191 607 1273 631 esse
1318 597 1540 642 deceptam,
1588 596 1712 631 cum5

83 659 214 686 prelates
235 664 346 686 cannot
372 653 649 688 descendendo
689 665 710 688 a
751 664 867 700 papa,
915 651 1184 688 cardinalibus
1224 662 1343 700 atque
1382 652 1580 701 episcopis
1619 653 1679 689 vix

82 695 350 756 clitaer'iiiliffgffi„
372 723 472 745 unus
531 723 669 746 eorum
723 709 928 757 cognoscit
979 709 1180 746 evidenter
1231 712 1393 758 quando
1445 710 1590 747 caritas
1640 725 1679 748 se

88 761 350 826 ¹¹¹{ffll{t‡]lg{,¹i¹tc⁵³
371 767 501 815 ipsum
546 767 737 804 informat
782 776 818 803 et
864 768 991 803 multo
1038 767 1167 803 minus
1218 770 1379 816 quando
1428 768 1528 804 alius
1573 771 1679 806 dona

83 832 214 861 informs
235 834 348 861 others.
370 825 593 873 spiritualia
626 827 675 862 ab
708 825 803 874 ipsis
836 825 997 873 recipit3
1032 835 1068 862 et
1101 838 1191 862 cum
1221 835 1300 863 tam
1333 826 1509 863 frontose
1533 826 1571 863 in
1596 841 1677 864 ma-

370 883 469 919 teria
502 883 577 920 ista
601 883 814 929 diffiniunt,
839 893 949 931 patet
972 896 1092 932 quam
1127 896 1217 920 cece
1249 885 1445 920 seducunt
1469 887 1677 933 populum.
1700 899 1738 919 10

370 941 587 989 Supposita
627 955 720 990 ergo
760 941 1022 978 distinccione
1061 941 1209 978 noticie
1247 951 1357 990 patet
1395 944 1503 991 quod
1548 944 1679 979 nullus

369 1009 552 1036 nostrum
591 999 654 1036 hic
694 999 901 1048 cognoscit
938 999 1133 1045 intuitive‚
1174 1000 1485 1037 demonstrative
1525 1002 1585 1037 vel
1624 1001 1680 1037 in-

372 1057 591 1094 fallibiliter
615 1060 722 1106 quod
755 1058 890 1106 gracia
912 1058 973 1094 vel
1006 1057 1151 1094 caritas
1185 1058 1259 1094 sibi
1292 1057 1407 1104 inest,
1441 1060 1509 1094 sed
1532 1059 1681 1095 noticia

370 1115 569 1163 probabili
609 1126 775 1164 possunt
814 1128 857 1153 ex
895 1125 986 1152 actu
1020 1115 1254 1152 dileccionis
1292 1129 1534 1164 cognoscere
1568 1126 1605 1153 et
1638 1130 1681 1153 ex

371 1173 603 1211 infirmitate
663 1174 901 1211 intencionis
956 1173 1237 1222 perseverandi
1289 1174 1486 1211 conformi
1535 1177 1735 1223 proba-15

370 1231 523 1268 bilitate
567 1232 804 1269 convincere
848 1233 956 1280 quod
1004 1231 1053 1268 sit
1093 1232 1388 1280 predestinatus
1434 1242 1470 1269 et
1517 1246 1679 1281 sperare

370 1291 477 1338 quod
523 1290 596 1326 erit
640 1290 902 1327 beatificatus.
948 1289 1062 1326 Multi
1108 1299 1241 1326 autem
1288 1290 1560 1338 multiplicant
1605 1290 1678 1326 sibi

369 1349 480 1396 signa
521 1358 557 1384 et
596 1349 765 1396 palliant
799 1350 905 1397 quod
945 1347 1013 1384 illa
1053 1348 1230 1384 relucent
1275 1348 1314 1384 in
1357 1348 1465 1396 ipsis.
1514 1349 1681 1385 Videtur

369 1417 503 1443 tamen
538 1406 658 1442 michi
691 1409 798 1454 quod
822 1406 1050 1454 quicunque
1083 1407 1171 1453 plus
1204 1405 1384 1442 dilexerit
1413 1406 1564 1455 aliquid
1599 1420 1680 1443 ere-

369 1475 477 1500 atum
518 1478 638 1513 quam
680 1464 887 1500 dominum
920 1466 1053 1500 Jesum
1088 1464 1290 1500 Christum
1331 1474 1388 1500 est
1421 1477 1557 1512 expers
1590 1465 1680 1501 talis
1697 1479 1738 1500 20

368 1522 501 1570 gracie
540 1533 576 1559 et
616 1532 791 1559 econtra.
837 1525 885 1558 Et
919 1534 1008 1558 cum
1051 1521 1155 1558 idem
1196 1522 1245 1557 sit
1279 1522 1480 1558 Christum
1516 1522 1679 1570 diligere

369 1591 405 1616 et
438 1582 563 1627 legem
599 1590 666 1617 aut
689 1580 991 1617 ordinacionem
1026 1592 1152 1623 suam,
1189 1590 1295 1627 patet
1322 1582 1429 1628 quod
1452 1580 1679 1629 quicunque

369 1639 478 1675 illam
519 1640 844 1687 contempnendo
882 1637 1156 1686 postposuerit
1197 1638 1325 1674 maius
1365 1633 1514 1674 bonum
1550 1648 1590 1674 ut
1625 1639 1679 1675 sic

370 1706 510 1745 peccat
544 1706 684 1733 contra
717 1696 962 1744 sapienciam
998 1695 1231 1732 increatam.

79 1759 125 1786 He
146 1760 216 1798 who
239 1759 355 1794 prefers
428 1757 482 1790 Ex
505 1755 649 1802 quibus
673 1754 853 1802 sequitur
875 1756 982 1801 quod
1006 1753 1234 1802 quicunque
1258 1755 1446 1802 prelatus.
1472 1754 1679 1802 religiosus
1697 1761 1736 1792 25

110 1795 319 1856 ffissffissssssflhffi
369 1815 429 1849 vel
469 1812 522 1849 cis
562 1812 820 1849 consenciens
860 1813 948 1860 plus
988 1811 1161 1847 aflicitur
1202 1811 1415 1848 tradicioni
1450 1811 1680 1847 humanitus

99 1865 180 1891 ¹⁶0¹*
202 1864 328 1900 cmm-*²
370 1871 581 1907 adim-eme
615 1884 735 1919 quam
770 1870 844 1917 legi
879 1879 914 1906 et
945 1868 1196 1906 ordinacioni
1231 1870 1383 1906 domini
1405 1872 1495 1906 „lesu
1520 1869 1679 1910 Christi,

369 1928 445 1964 nisi
479 1928 689 1976 resipuerit
714 1937 771 1964 est
804 1941 941 1975 expers
975 1926 1153 1964 caritatis
1186 1937 1222 1964 et
1245 1927 1376 1975 gracie
1406 1937 1447 1963 ut
1473 1927 1679 1975 prescitus.

368 1988 555 2034 Temptet
596 1999 688 2033 ergo
722 1999 762 2022 se
795 1986 924 2034 ipsum
960 1984 1099 2030 tidelis,
1133 1985 1164 2021 si
1197 1986 1393 2021 novitates
1426 1985 1679 2033 dignitatum,

370 2044 606 2091 religionum
640 2045 700 2080 vel
732 2053 907 2080 statuum
942 2044 1190 2079 novellorum
1224 2044 1312 2091 plus
1344 2043 1537 2079 amaverit
1559 2056 1678 2091 quam
1697 2049 1738 2080 30

370 2102 535 2150 antiqua
568 2116 643 2150 que
669 2102 850 2138 Christus
883 2115 951 2138 sue
986 2101 1151 2138 ecclesie
1175 2101 1375 2138 ordinarit
1399 2111 1434 2137 et
1459 2102 1678 2137 secundum

371 2162 445 2196 hoc
486 2160 633 2196 iudicet
673 2159 704 2195 si
746 2159 929 2196 habuerit
969 2159 1191 2196 caritatem.
1240 2159 1297 2195 Illi
1331 2168 1465 2195 autem
1499 2159 1565 2207 qui
1599 2172 1679 2195 non

370 2217 626 2254 considerant
671 2228 751 2254 tam
797 2217 997 2253 subtiliter
1036 2227 1073 2253 et
1113 2217 1309 2265 profunde
1349 2216 1601 2253 considerent
1648 2216 1679 2251 si

371 2275 495 2322 magis
535 2275 765 2312 afficiuntur
802 2275 921 2311 alicui
962 2276 1069 2310 bono
1112 2274 1325 2322 temporali
1359 2288 1478 2322 quani
1513 2275 1678 2310 domino

368 2335 459 2369 Jesu
504 2333 664 2370 Christo
709 2343 777 2369 aut
821 2334 910 2381 plus
954 2332 1102 2369 instant
1148 2346 1220 2379 pro
1265 2333 1335 2368 tali
1381 2332 1515 2380 aliquo
1557 2345 1676 2380 quam
1695 2338 1735 2370 35

369 2404 441 2439 pro
475 2391 545 2427 Dei
586 2391 792 2439 obsequio.
845 2393 893 2426 Et
934 2391 1009 2427 hoc
1048 2390 1096 2426 sit
1130 2390 1206 2426 illis
1245 2403 1318 2438 pro
1352 2391 1489 2438 regula
1531 2399 1677 2426 statum

369 2462 485 2485 suuni
520 2449 651 2485 anime
684 2448 948 2485 discernendi.

143 2512 230 2553 Thus
251 2514 290 2540 do
428 2508 482 2542 Ex
515 2506 599 2542 istis
633 2507 795 2554 quidam
832 2506 994 2543 eliciunt
1028 2507 1134 2554 quod
1167 2519 1306 2542 omnes
1339 2505 1481 2553 prelati
1515 2505 1676 2545 cesarei.

112 2548 321 2620 pfigffisss-“ffld
370 2578 508 2600 omncs
548 2564 721 2612 religiosi
761 2564 904 2613 privati
946 2573 982 2600 et
1023 2563 1265 2612 quicumque
1306 2563 1360 2600 eis
1405 2563 1678 2600 consenserint

142 2622 285 2687 151ζῖΙὲξῇ
369 2622 444 2658 nisi
484 2621 723 2670 resipuerint
762 2631 852 2658 sunt
893 2622 1153 2670 dampnandi,
1196 2630 1233 2658 et
1271 2623 1444 2669 probant
1487 2634 1558 2669 per
1602 2623 1736 2667 hoc4o

440 2790 468 2813 4,
491 2780 592 2814 primo
613 2779 808 2814 requisitam:
830 2779 925 2807 Cod.:
947 2779 1198 2814 p'm’equisitani.
1337 2787 1377 2806 10.
1399 2778 1493 2805 Cod.:
1515 2778 1675 2805 ceducunt.

373 2824 405 2841 11.
427 2816 460 2841 ln
483 2823 596 2848 marg:
617 2814 707 2840 Nota.
795 2814 836 2841 10.
859 2814 953 2840 Cod.:
976 2814 1145 2841 convicere.
1231 2814 1272 2841 25.
1294 2815 1326 2841 In
1348 2814 1433 2840 cod.:
1453 2813 1535 2840 Nota
1554 2813 1677 2839 conclu-

372 2851 499 2876 sionem.
586 2856 633 2883 29.
654 2849 686 2875 In
708 2849 793 2886 cod:
818 2848 1032 2876 nominatates.
1119 2848 1163 2876 3s.
1186 2848 1281 2875 Cod.:
1305 2848 1428 2881 cesarii3
1451 2848 1490 2874 ib.
1511 2848 1541 2874 in
1563 2856 1676 2881 marg.:

372 2884 451 2911 Nota
471 2884 577 2910 intime
597 2884 826 2910 conclusionem
848 2892 882 2910 ex
903 2891 1004 2910 causa.
