1944 3323
146 254 224 288 260
711 263 934 295 JOHANNIS
953 263 1136 295 wvciff
1155 263 1414 295 SERMONUM
1448 249 1599 306 [SERMO
1615 259 1736 288 xxxn.

432 377 469 404 et
502 368 695 417 Proselyti
734 368 791 405 illi
831 369 897 417 qui
937 370 984 406 de
1022 369 1243 417 gentilitate
1281 370 1331 406 ad
1362 368 1613 406 Judaismurn
1648 377 1738 405 sunt

432 427 625 473 conversi,
659 436 701 463 ut
735 426 1003 464 communiter
1036 427 1135 463 fiunt
1167 427 1319 464 fratres.

490 485 577 521 Fuit
621 494 753 522 autem
799 486 943 533 duplex
992 497 1112 521 causa
1163 485 1278 522 huius
1326 484 1485 522 auditus
1531 483 1738 530 mirabilis,
1756 510 1818 542 FO!

432 543 564 591 primo
609 543 702 591 quia
747 552 828 579 tam
860 538 1137 596 {miraculose
1182 552 1219 580 et
1263 552 1346 580 tarn
1392 541 1605 591 dispariter
1649 550 1740 578 sunt
1757 534 1838 588 2663

162 606 319 655 ’soline'os
338 606 403 653 the*
432 600 554 637 locuti
588 600 628 637 in
660 600 806 648 linguis
828 610 910 637 tam
934 600 1065 647 variis,
1099 603 1275 638 secundo
1298 600 1391 650 quia
1423 610 1505 638 tam
1539 599 1772 648 sapienter5

158 641 398 702 {fgfffssss‘afltgffssff‘dss'j
432 668 468 695 et
522 659 719 707 profunde
773 660 820 696 de
871 658 1068 707 scripture
1118 659 1406 696 subtilitatibus
1457 667 1548 695 sunt
1596 657 1740 703 locuti;

147 709 409 779 ξζῗῑρῑέζέἒςξζῗᾞῇῗ
430 726 736 765 verumptamen
767 717 869 753 inter
892 717 1098 754 audientes
1131 717 1253 765 aliqui
1285 717 1442 754 sinistre
1475 724 1742 764 conceperant

211 780 345 807 mii-acle.
432 784 473 811 ut
506 774 618 811 Judei
664 775 820 823 perfidi,
866 775 1083 812 incolentes
1120 775 1353 811 Jerusalem.
1404 774 1469 810 Hii
1520 774 1625 811 enirn
1670 786 1742 810 nec

431 846 590 869 sensum
631 842 899 881 conceperant
931 845 1060 882 neque
1100 832 1352 879 miraculum,
1391 833 1460 869 sed
1492 830 1742 880 interpretati

432 900 522 927 sunt
567 891 659 927 istos
691 890 839 927 Christi
880 891 1098 939 discipulos
1147 903 1198 927 ex
1240 891 1422 927 ebrietate
1464 890 1563 927 meri
1603 889 1799 926 stolideio

431 949 632 985 balbutire.
679 950 757 985 Sed
791 951 929 985 Petrus
968 958 1177 997 tamquam
1215 948 1273 985 vir
1311 947 1562 985 auctoritatis
1605 956 1643 984 et
1675 946 1742 983 alii

432 1006 580 1043 Christi
613 1006 787 1055 apostoli
820 1008 1077 1044 declararunt
1109 1006 1400 1054 Jerosolymitis
1433 1019 1477 1043 ex
1509 1006 1585 1042 fide
1617 1005 1741 1053 scrip-

431 1074 518 1101 ture
551 1065 785 1113 prophetice
818 1066 926 1114 quod
958 1064 1014 1101 sic
1048 1077 1091 1101 ex
1124 1064 1269 1112 spiritu
1298 1064 1460 1101 Domini
1494 1064 1572 1100 sint
1605 1063 1741 1099 locuti.

434 1126 474 1159 In
512 1124 733 1160 Jerusalem
784 1123 945 1171 quidem
1000 1122 1123 1170 viguit
1175 1131 1462 1159 testamentum
1505 1130 1616 1158 vetus
1660 1130 1741 1157 tam

432 1183 652 1218 secundum
702 1181 830 1228 legem
883 1183 1113 1228 Mosaycam
1166 1193 1287 1229 quam
1339 1181 1561 1218 secundum
1609 1181 1798 1227 partes15

432 1239 625 1287 ystoricas
659 1252 778 1287 quam
814 1239 940 1275 eciam
974 1240 1279 1287 prophetarum.
1319 1241 1367 1275 Et
1399 1247 1494 1275 nota
1525 1238 1633 1286 quod
1667 1236 1742 1273 evi-

433 1297 575 1334 dencia
621 1297 727 1333 Petri
772 1310 852 1333 non
898 1306 954 1333 est
1002 1297 1298 1333 demonstracio
1344 1296 1507 1341 infideli,
1559 1295 1650 1331 licet
1694 1294 1743 1330 sit

434 1355 616 1391 fidelibus
655 1354 750 1391 satis
789 1364 916 1400 certa,
962 1363 998 1390 et
1038 1354 1237 1391 consimili
1276 1354 1480 1391 evidencia
1519 1352 1743 1390 ostenditur

433 1426 475 1449 ex
508 1412 712 1460 evangelio
746 1412 870 1449 Marci
904 1412 1045 1448 ultimo
1079 1425 1169 1448 cum
1201 1412 1306 1449 facto
1339 1411 1512 1448 notorio.
1547 1413 1595 1447 Et
1629 1410 1742 1446 multi

433 1471 575 1519 prelati
614 1479 705 1507 sunt
745 1470 1013 1506 communiter
1051 1470 1244 1507 infideles.
1291 1473 1392 1506 Nam
1428 1469 1608 1506 Christus
1648 1467 1743 1504 dicit
1760 1482 1800 1503 20

433 1531 540 1578 quod
577 1530 691 1579 signa
733 1541 796 1564 eos
840 1529 904 1577 qui
945 1528 1183 1564 crediderint
1221 1529 1256 1564 in
1296 1528 1539 1578 evangelium
1580 1527 1648 1563 hec
1685 1538 1741 1562 se-

432 1595 615 1636 quentur:
654 1588 695 1622 In
729 1587 878 1622 nomine
910 1599 1006 1633 meo,
1044 1585 1187 1634 inquit,
1222 1586 1397 1622 demonia
1429 1585 1581 1630 eicient;
1619 1592 1655 1620 et
1688 1583 1743 1620 sic

434 1647 481 1682 de
515 1654 689 1693 quatuor
722 1644 809 1681 aliis
843 1644 964 1691 signis
997 1644 1269 1692 sequentibus.

146 1715 277 1741 1>rclates
299 1713 407 1751 should
491 1705 538 1739 Et
562 1716 651 1739 cum
686 1711 845 1750 oportet
867 1701 934 1738 illa
967 1701 1078 1750 signa
1110 1702 1269 1750 impleri
1302 1703 1351 1738 ad
1384 1713 1543 1737 sensum
1568 1700 1742 1748 aliquem

146 1748 472 1797 cas1011tdev1ls‚in
506 1762 873 1809 quomodocunque
907 1759 1106 1796 conversis
1139 1762 1188 1796 ad
1226 1759 1454 1804 Dominum,
1495 1767 1604 1807 patet
1636 1758 1743 1806 quod
1761 1761 1800 1792 25

181 1784 233 1810 but
253 1787 375 1813 cannot,

191 1818 365 1845 ovensi-om
433 1828 592 1867 oportet
643 1818 682 1855 in
726 1818 840 1854 factis
888 1818 1064 1865 prelatis,
1113 1818 1144 1853 si
1188 1818 1361 1866 perfecte
1413 1815 1654 1853 crediderint
1705 1815 1745 1850 in

181 1853 376 1880 memoli&
434 1876 681 1924 evangelium
716 1885 751 1912 et
784 1875 959 1923 legitime
997 1875 1075 1911 sint
1107 1875 1301 1920 conversi,
1335 1874 1409 1911 ista
1442 1874 1553 1922 signa
1584 1872 1743 1921 impleri

436 1944 471 1971 et
499 1933 726 1982 specialiter
748 1933 903 1981 signum
937 1933 1125 1981 primum.
1160 1935 1237 1970 Sed
1260 1932 1316 1968 illi
1339 1945 1413 1969 nec
1436 1931 1743 1979 evangelizando

435 1992 583 2029 eiciunt
622 1991 810 2028 demonia
850 2004 871 2028 a
908 1991 988 2028 suis
1026 1991 1214 2027 fratribus
1247 2003 1319 2027 nec
1353 1990 1477 2027 eciam
1514 2002 1536 2026 a
1569 2002 1609 2026 se
1644 1988 1741 2037 ipsis

436 2052 543 2099 quod
576 2050 707 2098 primo
741 2059 778 2086 et
812 2049 1086 2097 principaliter
1120 2049 1308 2086 facerent.
1761 2049 1801 2081 30

196 2117 262 2145 The
285 2117 363 2144 devii
492 2109 569 2145 Sed
614 2109 833 2144 secundum
880 2107 1130 2155 evangelium
1175 2107 1254 2143 sint
1299 2107 1454 2142 fideles:
1500 2118 1590 2142 cum
1637 2103 1741 2141 enim

146 2160 512 2221 ps,g¹}¹g}¹}{3¹}¹{³1¹,¹em·sint
551 2175 703 2213 septem
746 2165 944 2202 maneries
978 2167 1196 2201 demonum
1231 2164 1443 2201 incitantes
1476 2163 1661 2200 homines
1694 2163 1743 2199 ad

434 2234 587 2273 septem
628 2232 793 2272 peccata
834 2222 1033 2268 mortalia,
1069 2231 1110 2258 ut
1143 2222 1306 2270 spiritus
1344 2221 1542 2270 superbie,
1581 2219 1744 2269 spiritus

435 2281 605 2319 avaricie
635 2290 754 2329 atque
780 2280 931 2317 luxurie
961 2289 997 2317 et
1021 2281 1077 2316 sic
1100 2282 1148 2316 de
1171 2280 1258 2317 aliis
1281 2279 1539 2316 incitantibus
1563 2278 1744 2315 homines

435 2342 483 2377 ad
508 2348 673 2388 peccata
706 2340 757 2375 ad
791 2351 867 2387 que
899 2338 1008 2386 ipsos
1042 2338 1273 2386 concipiunt
1307 2338 1395 2386 plus
1428 2337 1640 2386 proclivos,
1674 2348 1743 2371 no-
1762 2337 1799 2370 35

436 2407 563 2434 temus
601 2397 633 2433 si
671 2396 834 2444 spiritus
868 2396 1039 2433 avaricie
1072 2408 1147 2444 que
1181 2408 1390 2432 mammon
1423 2394 1569 2431 dicitur
1601 2407 1623 2431 a
1657 2405 1743 2441 pre-

436 2456 524 2492 latis
563 2454 709 2491 nostris
752 2463 872 2502 atque
910 2453 1104 2502 religiosis
1136 2453 1274 2490 exhinc
1308 2452 1528 2501 expellitur.
1573 2454 1620 2488 Et
1653 2463 1741 2487 curn

435 2513 555 2560 signis
588 2512 839 2548 sensibilibus
872 2525 918 2548 ac
952 2512 1040 2548 fidei
1075 2511 1272 2559 scripture
1305 2511 1413 2547 credi
1446 2512 1600 2556 debeat,
1636 2517 1743 2557 patet

437 2584 479 2607 ex
513 2570 740 2607 maioritate
779 2582 847 2606 sue
880 2569 1052 2606 avaricie
1085 2571 1192 2618 quod
1230 2582 1311 2606 non
1344 2577 1435 2605 sunt
1468 2567 1661 2605 conversi.
1695 2568 1742 2602 Et

437 2629 587 2665 utinam
629 2627 910 2664 convincentes
949 2628 987 2663 in
1028 2628 1114 2664 foro
1154 2627 1317 2664 humani
1358 2626 1493 2662 iudicii
1534 2633 1800 2666 accusatos40

507 2794 526 2813 1.
549 2784 643 2813 Cod.:
665 2785 802 2812 Proselti.
875 2794 903 2818 4.
926 2784 1019 2812 Cod.:
1041 2784 1193 2819 dispariti.
1265 2791 1308 2811 22.
1326 2783 1419 2811 Cod.:
1443 2783 1485 2810 sic
1506 2783 1598 2810 deest.

513 2891 562 2913 10.
589 2882 662 2913 Act.
690 2881 728 2922 II,
754 2881 802 2912 13.
900 2890 953 2912 21.
981 2879 1084 2912 Marci
1112 2880 1205 2920 XVI,
1229 2890 1278 2923 ¹7·
