1944 3323
166 213 243 249 326

186 392 245 419 We
266 392 359 427 ought
380 396 410 419 to

172 427 239 453 love
260 427 340 453 them
363 426 421 453 and

164 461 231 488 hate
251 461 329 488 their
349 461 424 488 sins.

205 796 308 823 Friars
329 795 387 822 and

181 831 410 866 possessionem

237 874 286 892 are
308 865 356 892 the

189 900 355 935 daughters
376 900 409 926 of

169 935 218 962 the
239 935 425 962 horseleech.

180 1430 206 1458 3.
228 1431 414 1459 Pitifulness.

193 1615 220 1639 4.
243 1606 405 1642 Courtesy.

193 1722 216 1750 5.
238 1722 399 1758 Humility.

729 220 954 252 JOHANle
972 219 1155 251 WYCLIF
1173 219 1428 251 SERMONUM
1453 204 1604 262 [SERMO
1620 215 1757 243 XXXIX-

453 327 623 372 mittere,
657 327 724 362 sed
757 325 922 361 omnino
956 325 1174 361 homicidia
1207 324 1431 373 spiritualia
1454 337 1523 372 per
1548 324 1757 361 mendacia

451 397 521 421 sua
574 392 610 420 et
654 384 843 420 scandala
894 383 933 418 in
983 383 1194 420 ecclesiam
1249 382 1503 419 militantem.
1557 383 1756 418 Debemus

451 452 587 479 tamen
627 441 734 490 ipsos
775 440 981 477 caritative
1015 440 1179 488 diligere
1212 441 1385 477 odiendo
1419 453 1489 476 sua
1522 449 1687 488 peccata
1720 449 1757 476 et

452 501 694 536 destruendo
746 511 837 535 suas
890 497 1071 534 malicias
1120 508 1314 547 quantum
1374 497 1608 543 sufficimus,
1666 510 1755 534 cum

450 557 715 606 supponimus
766 558 873 605 quod
933 555 1034 592 sicut
1085 556 1358 593 Nichodemus
1409 555 1616 604 phariseus
1666 558 1790 592 sunt5

451 628 587 652 eorum
632 614 777 662 singuli
816 613 1004 650 indurati.
1051 616 1169 650 Istam
1203 623 1336 651 autem
1372 615 1569 650 cautelam
1602 613 1757 650 videtur

448 674 619 710 famulos
655 671 803 709 Christi
838 673 982 708 debere
1015 684 1172 708 servare
1208 680 1347 708 contra
1382 671 1593 719 religiones
1627 673 1756 719 priva-

450 741 523 776 tas,
569 740 623 770 ut,
675 730 706 766 si
751 730 1007 777 sanguissuge
1053 731 1128 765 due
1174 729 1253 766 filie
1300 738 1461 766 cantant
1500 730 1620 778 Affer,
1659 730 1757 778 affer
1773 752 1848 785 Fol-

451 791 564 825 Prov.
597 789 736 833 XXXO,
768 789 828 831 15,
863 787 998 824 fideles
1032 787 1178 824 Christi
1212 800 1252 823 re
1280 783 1285 839 Ι
1314 796 1473 824 cantent
1507 796 1645 823 contra
1685 787 1755 823 has
1774 803 1851 841 274⁶

452 846 571 882 filias:
624 847 762 894 Auser,
814 846 940 894 aufer.
1001 848 1120 881 Istam
1174 845 1477 892 sanguissugam
1529 845 1813 892 intelliguntro

451 904 614 952 quidam
648 903 938 940 Antichristum
978 903 1059 939 sive
1098 903 1317 948 diabolum,
1358 902 1440 939 eius
1479 911 1610 938 autem
1659 904 1756 939 duas

452 962 553 998 filias
576 962 802 1009 intelligunt
819 962 916 997 duas
940 961 1152 1009 religiones
1175 960 1350 1009 privatas
1366 960 1756 1008 possessionatorum

452 1029 488 1056 et
523 1019 865 1064 mendicancium;
899 1027 1039 1055 contra
1073 1019 1248 1067 priorem
1283 1018 1407 1055 filiam
1443 1020 1586 1054 debent
1618 1027 1757 1066 poten-

451 1086 556 1114 tatus
596 1077 761 1114 ecclesie
799 1089 870 1125 per
908 1077 1228 1113 subtraccionem
1269 1076 1444 1113 validam
1491 1089 1559 1112 sue
1605 1076 1757 1112 diutine

451 1135 669 1172 elemosine
706 1144 915 1172 recantare
954 1144 990 1171 et
1036 1143 1175 1171 contra
1214 1136 1429 1171 secundam
1477 1134 1599 1170 filiam
1642 1133 1812 1170 debet15

451 1195 590 1231 eadem
614 1193 781 1230 ecclesia
804 1195 871 1229 sed
893 1194 1109 1241 populares
1132 1193 1320 1241 precipue
1343 1205 1413 1240 per
1435 1191 1756 1228 subtraccionem

450 1253 688 1301 prudentem
728 1263 796 1287 sue
829 1252 920 1287 date
960 1250 1176 1288 elemosine
1209 1259 1429 1287 recantare.
1477 1252 1558 1286 Nec
1591 1249 1756 1286 dubium

451 1310 547 1359 quin
587 1309 878 1357 exequitatores
917 1308 1062 1357 prioris
1101 1308 1179 1345 filie
1218 1317 1255 1345 et
1298 1308 1537 1344 limitatores
1581 1308 1753 1344 secunde

452 1367 531 1404 filie
564 1366 826 1415 principalius
860 1367 1113 1403 dediscerant
1146 1367 1266 1415 Affer,
1298 1367 1407 1415 affer.

507 1425 651 1462 Tercia
684 1434 832 1470 autem,
872 1433 1016 1473 quarta
1050 1433 1086 1460 et
1119 1424 1256 1472 quinta
1289 1423 1505 1472 disposicio
1544 1422 1753 1460 hominum
1770 1433 1812 1455 20

453 1485 502 1520 ad
535 1484 733 1520 orandum
767 1492 837 1528 est,
870 1492 913 1518 ut
945 1482 1023 1518 sint
1055 1483 1338 1527 misericordes,
1373 1482 1547 1527 modesti,
1581 1481 1752 1517 humiles.

452 1542 743 1586 Misericordes,
775 1553 856 1577 non
888 1541 1016 1577 solum
1049 1539 1348 1588 compacientes
1382 1539 1552 1576 miseriis
1584 1539 1752 1575 fratrum

451 1600 491 1635 in
523 1600 659 1636 animo
691 1600 759 1635 sed
793 1598 920 1635 eciam
952 1599 1162 1646 corporale
1195 1597 1426 1645 suffragium
1460 1610 1550 1634 cum
1585 1597 1755 1633 circum-

451 1657 613 1694 stanciis
637 1656 779 1693 debitis
811 1656 1037 1692 tribuendo.
1072 1658 1119 1692 Et
1143 1655 1235 1692 hinc
1267 1655 1499 1692 immediate
1532 1654 1757 1692 annectitur

453 1717 559 1763 quod
606 1715 645 1751 in
682 1714 766 1751 istis
805 1715 1024 1751 relevantes
1069 1714 1168 1750 alios
1212 1713 1290 1750 sint
1333 1714 1506 1757 modesti,
1554 1721 1755 1749 servantes
1775 1712 1812 1745 25

453 1775 618 1810 modum
658 1781 694 1808 et
726 1772 909 1809 ordinem
950 1781 986 1808 et
1023 1785 1104 1808 non
1142 1771 1250 1819 ipsos
1290 1772 1408 1808 stulte
1447 1784 1493 1808 ac
1532 1771 1755 1819 improvide

453 1831 760 1879 disrumpentes,
806 1830 907 1867 sicut
946 1829 1095 1866 faciunt
1140 1829 1196 1865 illi
1243 1829 1309 1877 qui
1356 1828 1581 1877 improvide
1628 1828 1756 1865 ditant

453 1891 523 1926 has
574 1890 671 1925 duas
722 1888 823 1924 filias
874 1887 1151 1935 sanguissuge3
1202 1889 1269 1923 sed
1321 1887 1486 1923 omnino
1537 1886 1756 1935 spiritualis

453 1947 731 1983 misericordia
769 1955 825 1982 est
864 1947 1054 1991 notanda,
1096 1958 1185 1982 cum
1220 1946 1522 1993 quodammodo
1556 1944 1755 1981 infinitum

452 2007 539 2054 plus
573 2004 621 2041 sit
654 2005 829 2041 relevare
861 2012 1027 2052 peccato
1062 2002 1250 2039 miserum
1284 2016 1306 2039 a
1338 2016 1409 2039 sua
1443 2002 1603 2039 miseria
1635 2015 1756 2051 quam
1774 2002 1814 2034 30

454 2063 643 2099 miserum
684 2074 865 2110 corpore,
905 2071 947 2098 ut
980 2069 1088 2110 patet
1122 2062 1168 2097 de
1202 2061 1361 2098 Christo
1395 2070 1431 2097 et
1464 2060 1656 2109 apostolis
1689 2060 1757 2108 qui

453 2123 501 2158 ad
542 2122 643 2157 hanc
682 2119 1001 2157 misericordiam
1048 2118 1325 2168 principaliter
1364 2118 1635 2155 intendebant.
1682 2120 1757 2154 Iste

453 2188 586 2215 autem
638 2178 815 2214 binarius
866 2177 1039 2214 filiarum
1090 2176 1347 2225 sanguissuge
1399 2178 1515 2212 debet
1560 2178 1630 2213 has
1679 2185 1757 2212 tres

453 2236 603 2284 species
644 2235 918 2272 misericordie
960 2244 1166 2280 annotare,
1213 2247 1303 2271 cum
1350 2235 1495 2271 debent
1538 2234 1577 2270 in
1622 2233 1756 2270 animo

453 2294 631 2330 misereri
647 2293 859 2342 dupliciter
882 2292 1087 2341 egentibus
1112 2301 1148 2329 et
1174 2292 1339 2328 omnino
1363 2291 1566 2340 egentibus
1590 2291 1757 2328 terrenis
1774 2291 1813 2324 35

456 2351 608 2388 diviciis
648 2364 747 2400 quos
786 2352 840 2387 ita
878 2350 1071 2399 spoliant;
1110 2352 1177 2386 sed
1217 2351 1350 2398 quoad
1389 2349 1554 2386 terciam
1600 2358 1755 2398 partem

455 2409 726 2446 misericordie
750 2410 893 2445 debent
926 2408 1100 2456 incipere
1133 2409 1182 2444 ab
1215 2407 1348 2444 anima
1381 2407 1545 2456 propria
1579 2407 1757 2444 misereri

454 2476 491 2503 et
541 2467 596 2503 sic
646 2466 832 2515 progredi
883 2466 1108 2509 tribuendo,
1159 2466 1431 2502 subtrahendo
1485 2465 1689 2502 illusiones
1735 2478 1756 2502 a

453 2526 603 2573 populo
648 2537 765 2574 quem
811 2525 1019 2561 seducunt.
1067 2524 1246 2559 Humiles
1280 2546 1335 2549 —
1375 2522 1578 2560 humilitas
1622 2532 1754 2560 autem

453 2584 569 2620 debet
593 2595 675 2619 esse
699 2582 810 2631 quasi
826 2582 999 2630 sigillum
1021 2583 1070 2619 ad
1086 2593 1225 2619 omnes
1242 2580 1530 2629 disposiciones
1546 2581 1754 2617 hominum
1769 2590 1813 2621 40

521 2705 547 2733 8.
565 2704 658 2732 Cod.:
679 2710 711 2731 ut
730 2705 799 2731 sibi.
862 2704 1013 2738 1.1.Cod.:
1037 2714 1088 2732 sue
1109 2705 1217 2732 diucie.
1280 2713 1318 2739 17.
1336 2704 1430 2732 Cod.:
1451 2704 1550 2732 dante.
1607 2711 1644 2732 21.
1661 2704 1756 2732 Cod.:

453 2740 595 2768 adorans.
619 2739 664 2767 Cf.
688 2748 754 2774 pag.
777 2738 835 2773 325,
857 2741 874 2767 1.
897 2738 934 2767 13.
1020 2739 1066 2767 26.
1089 2738 1181 2767 Cod.:
1210 2739 1337 2766 modum
1359 2739 1509 2766 ordinem.
1593 2737 1638 2766 30.
1660 2738 1754 2766 Cod.:

453 2776 522 2810 plus
542 2775 620 2809 plus.
693 2773 734 2801 35.
756 2774 850 2801 Cod.:
871 2782 973 2809 egens.

525 2845 575 2867 21.
603 2834 625 2867 I.
652 2833 742 2866 Petri
769 2834 827 2875 111,
852 2832 883 2866 8.
