1944 3323
750 204 995 239 GENERAL
1020 210 1193 248 INDEX.

107 305 242 335 Mundus
263 309 336 344 quid
357 315 403 338 cst
422 319 488 347 297.

106 340 238 370 Vincere
258 345 408 373 mundum
431 346 494 382 198,
516 356 579 385 ¹99-

106 375 176 403 Noii
198 385 431 408 murmuremus
451 387 557 411 contra
576 384 675 413 Deum
696 385 765 415 366.

489 467 539 500 N.

103 525 225 556 Nomen
247 531 409 567 proprium
430 533 594 570 dupliciter
614 542 714 572 potest
735 541 815 568 sumi
835 543 908 578 496.

495 620 539 655 O.

100 679 142 708 De
162 681 322 710 oblacione
342 683 405 711 sive
426 685 526 714 liostia
547 693 652 716 nostra
673 698 720 726 79,
742 692 790 720 80.

99 715 215 744 Odium
237 718 344 746 mundi
365 720 653 756 parvipendendum
675 732 743 762 299,
765 726 831 755 300.

98 751 202 779 status
223 752 365 781 ot'tlcialis
385 752 441 782 313.

98 784 248 814 officiarii
270 795 330 815 non
352 788 535 825 pigritentur
555 792 601 828 93.

97 820 201 858 Opera
221 821 290 849 viva
312 823 364 851 155.

96 853 179 882 Licet
199 856 368 918 habgamus
388 859 489 896 fidem,
511 861 648 890 defectus
668 873 797 900 operum
820 869 927 896 morti-

130 890 199 917 ficat
218 898 253 923 20
278 913 284 919 .

95 923 139 951 De
159 923 304 954 oracione
325 935 375 963 94,
397 936 465 965 249,
486 929 641 966 324—327.

93 958 184 987 Nulla
205 961 308 989 oracio
336 964 463 998 prodest
492 966 621 1004 homini,
656 969 714 997 nisi
745 971 781 998 de
810 977 924 1008 quanto

128 995 209 1022 Deus
230 1002 365 1032 acceptet
385 1007 451 1026 eam
474 999 564 1029 38011.

95 1028 210 1057 Oracio
230 1039 288 1069 pro
309 1032 462 1061 defunctis
481 1035 542 1069 413,
563 1045 628 1071 414.

90 1062 135 1126 De
155 1066 354 1128 oracggnibus
374 1069 537 1104 applicatis
559 1072 610 1100 uni
631 1081 762 1109 persone
782 1084 836 1112 per
856 1085 923 1112 pre-

135 1103 202 1127 atos
260 1109 287 1128 o.

88 1132 308 1169 Blasphemum
343 1142 389 1164 est
417 1139 578 1168 oraciones
606 1142 739 1171 vendere
770 1153 826 1179 pro
855 1153 922 1174 cor-

123 1169 221 1203 porali
241 1171 344 1205 precio
364 1170 427 1200 382.

87 1201 151 1230 Νο0
166 1203 196 1230 10
212 1205 480 1240 genuflexionibus
497 1217 551 1237 nec
565 1210 595 1238 in
611 1212 711 1247 longis
727 1213 918 1243 ethnicorum

121 1238 321 1267 oracionibus
342 1246 402 1269 stat
423 1244 529 1279 religio
549 1245 717 1274 christiana
739 1247 803 1276 236.

89 1271 158 1307 Que
180 1274 380 1310 requiruntur
399 1277 436 1304 ad
459 1279 592 1313 speciem
614 1281 760 1310 ordinum
780 1284 842 1312 261.

90 1306 226 1336 Ordines
269 1311 372 1338 uando
392 1312 574 1348 inceperunt
593 1317 654 1351 261,
675 1318 738 1345 262.

84 1341 221 1370 Medium
233 1352 249 1370 a
286 1345 472 1375 vincendum
487 1357 600 1378 vanum
619 1351 760 1380 ordinem
773 1351 837 1389 303,
848 1353 915 1390 304.

84 1375 201 1404 Contra
221 1379 346 1407 ordines
366 1379 411 1416 37,
433 1381 478 1417 38,
500 1388 568 1418 290.

84 1410 176 1439 Pauci
197 1413 234 1440 de
255 1414 420 1443 ordinibus
441 1423 512 1446 sunt
533 1419 609 1447 beati
630 1419 693 1449 238.

84 1445 188 1507 guare
209 1448 335 1477 ordines
356 1456 427 1479 sunt
446 1453 557 1488 privati
579 1462 644 1490 247.

119 1482 222 1510 rdines
243 1491 300 1511 nos
322 1486 475 1514 seculares
495 1496 556 1516 non
578 1490 709 1527 diligunt
735 1493 787 1520 sed
809 1500 914 1523 nostra

119 1518 301 1552 temporalia
321 1520 389 1548 266.

82 1550 218 1580 Ordines
238 1553 381 1582 laborant

116 1586 164 1613 dis
184 1586 240 1622 298
256 1595 284 1623 9.

79 1619 191 1656 Regule
212 1622 404 1657 privatorum
425 1626 572 1656 ordinum
593 1637 654 1658 non
682 1637 753 1660 sunt
780 1634 911 1663 stabilite

114 1664 208 1692 super
227 1659 419 1694 evangelium
440 1660 500 1695 314.

78 1690 176 1718 Stulte
209 1692 335 1720 ordines
368 1699 506 1724 statuunt
538 1703 569 1725 iit
607 1700 741 1735 quelibet
777 1711 910 1738 persona

113 1726 234 1754 ordinis
255 1735 351 1755 novas
372 1730 615 1761 adinvenciones
636 1736 779 1765 observet
798 1738 856 1766 253.

409 1565 466 1591 pro
496 1560 720 1595 temporalibus
746 1562 912 1600 impetrari-

76 1759 187 1788 Melius
214 1762 294 1790 foret
321 1764 484 1793 ordinibus
512 1776 634 1796 servare
654 1770 824 1800 libertatem
848 1774 909 1809 pri·
943 1778 945 1805 l

112 1795 225 1823 stinam
247 1804 312 1836 247.
393 1834 399 1838 ι
428 1834 433 1838 ¹
543 1837 550 1840 -
623 1839 632 1842 -

78 1829 261 1859 Differencie
280 1841 311 1860 in
333 1833 496 1862 ordinibus
515 1840 575 1872 201,
596 1845 661 1866 202.

76 1864 256 1894 Rivalitates
276 1867 355 1896 inter
374 1869 500 1897 ordines
521 1870 573 1907 311,
595 1872 651 1901 312.

463 1957 509 1988 P.

70 2015 114 2043 De
135 2018 293 2052 paciencia
314 2020 370 2053 116,
392 2019 450 2060 317,
472 2021 533 2058 318,
554 2033 626 2058 440.

67 2051 111 2078 110
132 2053 327 2089 quadruplici
347 2055 485 2084 faccione
505 2059 594 2094 panis
615 2061 706 2090 azimi
729 2072 785 2100 191,
803 2073 862 2102 192.

69 2086 172 2121 Quare
210 2093 332 2124 oportet
368 2099 434 2118 esse
470 2101 584 2129 papam
619 2097 743 2126 unicum
777 2105 807 2128 et
839 2110 899 2131 non

105 2122 218 2149 multos
238 2123 388 2161 275—277.

66 2155 149 2191 Papa
171 2162 216 2184 est
234 2166 369 2192 persona
389 2162 555 2196 peccabilis
575 2164 636 2193 505.

66 2190 262 2220 Detestamur
282 2202 378 2229 papas
398 2197 464 2230 270.

65 2225 147 2261 Papa
167 2226 314 2255 dominus
337 2229 488 2259 bonorum
510 2232 639 2262 fratrum
662 2237 724 2270 164.

63 2260 146 2294 Papa
166 2261 218 2289 dat
237 2262 426 2293 inhabilibus
447 2267 654 2297 ecclesiastica
677 2271 821 2302 beneficia
838 2275 895 2310 154.

64 2294 146 2329 Papa
160 2295 239 2323 inter
253 2305 362 2326 omnes
376 2300 493 2328 viantes
501 2303 570 2337 plus
580 2304 824 2337 debetfratribus
834 2319 894 2346 147.

63 2328 144 2365 Pape
156 2331 328 2360 cardinales
336 2338 391 2361 etc.
403 2341 472 2363 sunt
481 2336 517 2363 ad
531 2345 610 2365 onus
619 2341 745 2369 ecclesie
752 2343 816 2379 453,
826 2346 883 2379 482

62 2363 143 2399 Pape
164 2373 223 2393 non
246 2366 315 2394 licet
334 2377 471 2404 pugnare
493 2380 555 2407 100,
578 2381 634 2401 101.

63 2398 106 2425 Ue
127 2400 328 2434 passionibus
348 2410 468 2440 24—29‚
489 2405 545 2434 315.

62 2433 168 2461 Patres
188 2436 300 2463 veteris
319 2440 492 2468 testamenti
513 2440 577 2474 354.

60 2468 93 2495 S.
115 2468 226 2496 Paulus
247 2470 427 2501 Corinthios
447 2474 595 2513 increpat,
617 2486 711 2514 quare
731 2488 791 2517 129.

57 2517 91 2521 —
111 2502 217 2531 habuit
237 2505 405 2535 laureolam
427 2508 482 2544 132,
505 2510 560 2539 133.

58 2537 119 2564 Pax
139 2537 264 2567 Domini
285 2539 324 2576 31,
345 2540 388 2578 32,
411 2551 467 2579 119,
488 2544 552 2580 320,
573 2546 638 2575 330.

58 2572 203 2600 Peccator
235 2582 296 2602 non
330 2576 418 2605 debet
456 2582 613 2615 peccando
653 2585 802 2619 prodesse
840 2596 887 2615 ec-

91 2607 183 2634 clesie
205 2606 266 2643 337.

54 2642 163 2676 Iugum
186 2648 382 2678 peccatorum
403 2656 488 2683 4—9.

55 2676 233 2705 Peccatores
254 2680 353 2715 magis
365 2683 499 2716 gaudent
520 2685 556 2712 de
576 2686 788 2724 adquisicione
810 2696 884 2720 tem-

89 2711 242 2746 poralium
280 2722 373 2750 quam

88 2746 222 2777 §traciam
244 2747 290 2781 28,
311 2757 357 2785 29.

53 2779 198 2808 Peccator
217 2788 306 2811 nocet
326 2785 383 2812 sibi
405 2786 464 2822 ipsi
485 2786 525 2816 35.

45 2814 212 2844 Peccatum
233 2818 394 2854 tripliciter
415 2822 546 2852 sumitur
565 2824 644 2854 5—8.

413 2717 450 2745 de
487 2721 697 2755 acquisicione
734 2725 789 2754 Dei
829 2736 884 2763 pei·

1756 220 1825 257 531

1008 324 1168 354 Peccatum
1185 329 1301 358 veniale
1316 336 1343 359 et
1356 335 1494 368 mortale,
1511 337 1675 366 distiiiccio
1688 342 1839 376 170—184.

1008 359 1116 388 Utrum
1138 371 1195 397 pro
1216 366 1300 393 omni
1323 373 1448 402 peccato
1479 373 1600 400 mortali
1633 381 1774 409 peccator
1803 379 1841 406 sit

1041 395 1250 432 dampnabilis
1271 400 1359 429 iSosi.

1006 431 1183 460 Humanum
1204 442 1301 469 genus
1321 436 1526 468 deformatum
1550 450 1604 477 per
1619 449 1777 478 peccatum
1796 446 1836 475 81.

1006 464 1138 501 Surgere
1159 476 1174 494 a
1195 475 1320 504 peccato
1342 472 1390 499 66.

1006 499 1075 527 Bias
1102 501 1201 530 hemia
1234 512 1293 540 qua
1326 506 1438 535 dicitur
1468 510 1549 544 quod
1585 519 1741 547 peccatum
1773 524 1832 544 non

1039 536 1078 563 tol
1095 535 1164 571 itur,
1181 538 1239 566 nisi
1253 539 1340 568 Rom.
1355 543 1491 577 pontifex
1507 553 1590 573 reum
1608 548 1772 578 absolverit
1785 552 1832 580 08.

1004 568 1079 597 Esse
1100 573 1214 606 peccati
1237 575 1370 609 primum
1392 582 1419 604 et
1440 580 1608 609 secundum
1631 582 1780 613 335-336.

1003 603 1121 644 Utrum
1135 607 1246 643 aliquis
1275 618 1400 649 peccare
1428 613 1535 642 debeat
1564 618 1727 654 supposito
1747 621 1829 655 quod

1037 648 1229 703 οἑ15101333000
1256 651 1394 674 evenient
1425 647 1461 675 de
1491 656 1670 679 necessitate
1691 655 1829 683 evenient

1036 683 1051 702 3
1155 681 1181 704 0.

1003 697 1165 738 licus-’non
1188 713 1251 741 vult
1271 720 1428 749 peccatum
1450 718 1512 745 fieri
1533 717 1594 755 337.

1003 743 1114 772 Omnis
1129 746 1179 781 qui
1195 747 1267 775 facit
1282 755 1440 784 peccatum
1457 760 1564 781 servus
1579 759 1625 782 est
1639 758 1752 791 peccati
1766 757 1828 786 338.

1001 778 1101 821 Media
1121 788 1176 843 pfer
1197 790 1255 818 que
1277 790 1398 819 peccata
1418 788 1552 816 carnalia
1573 789 1704 818 debeant
1723 793 1828 822 evitari

1035 822 1049 840 ,τ
1074 823 1133 843 1-,,
1156 823 1180 843 2.

1001 824 1161 885 Pelaigiana
1190 857 1270 880 secta
1300 854 1374 882 dicit
1406 857 1488 891 quod
1523 858 1622 886 honor
1643 859 1706 888 sine
1726 862 1828 897 gracia

1034 890 1134 919 potest
1154 888 1263 915 mereri
1287 888 1503 920 beatitudinem
1525 893 1586 920 225.

998 918 1178 955 Pelagianus
1210 921 1286 950 dixit
1317 932 1408 952 omne
1440 927 1582 955 accidens
1614 936 1680 956 esse
1710 938 1763 965 pei·
1795 942 1826 959 se

1032 955 1180 989 possibile
1200 957 1259 985 225.

997 988 1185 1025 Pentecoste,
1207 991 1363 1021 derivacio
1384 996 1519 1023 nominis
1540 997 1600 1033 257.

997 1022 1115 1059 Duplex
1144 1033 1235 1053 causa
1265 1028 1388 1056 auditus
1414 1030 1564 1060 mirabilis
1593 1033 1622 1061 in
1650 1034 1698 1062 die
1719 1035 1824 1064 Pente-

1030 1064 1130 1087 costes
1150 1061 1215 1095 258,
1237 1063 1303 1090 260.

996 1093 1167 1123 Periculum
1187 1096 1218 1124 in
1239 1097 1375 1126 vindicta
1395 1106 1446 1134 99.
1801 1124 1808 1126 ff

995 1127 1199 1159 Personarum
1221 1133 1362 1168 accepcio
1389 1136 1547 1169 quomodo
1577 1146 1638 1166 000
1667 1144 1712 1166 est
1740 1142 1820 1176 apud

1028 1163 1187 1193 Christum
1210 1166 1247 1194 13.

993 1196 1079 1226 Sicut
1099 1207 1159 1227 una
1179 1206 1287 1229 natura
1309 1203 1413 1231 divina
1434 1211 1479 1233 est
1499 1208 1593 1235 multe
1614 1217 1755 1244 persone.
1778 1211 1821 1238 sic

1027 1233 1127 1261 media
1148 1243 1282 1270 persona
1303 1238 1407 1267 divina
1427 1245 1473 1268 est
1492 1243 1586 1269 multe
1607 1248 1713 1271 nature
1732 1245 1772 1274 55.

991 1267 1101 1296 Utrum
1123 1272 1288 1309 populares
1316 1280 1448 1308 possunt
1473 1276 1619 1305 dominos
1641 1279 1820 1316 delinquen-

1024 1306 1069 1330 tes
1089 1312 1242 1341 corrigere
1262 1306 1319 1342 371.

990 1337 1214 1368 Possessionati
1234 1342 1334 1370 clerici
1355 1344 1401 1372 26.

991 1371 1130 1435 Potzefint'es
1151 1375 1290 1437 igituntur
1309 1379 1429 1407 trahere
1449 1381 1577 1409 clericos
1604 1382 1640 1410 ad
1662 1384 1818 1412 mundana

1022 1415 1039 1434 0
1076 1416 1153 1438 0131
1180 1432 1185 1437 .

989 1441 1129 1471 Potentes
1167 1446 1259 1473 seculi
1299 1455 1360 1475 non
1398 1448 1510 1478 debent
1547 1451 1658 1480 fratres
1695 1453 1815 1481 validos

1022 1477 1179 1514 hospitare
1198 1482 1353 1517 497-501.

987 1510 1099 1540 Gracia
1119 1516 1395 1550 predestinacionis
1415 1517 1458 1546 32.

986 1545 1107 1575 Caritas
1142 1551 1422 1585 predestinacionis
1454 1563 1515 1583 non
1550 1561 1651 1592 potest
1678 1558 1818 1586 excidere

1020 1580 1079 1617 139,
1102 1592 1160 1617 142.

946 1623 948 1642 i
986 1631 1013 1634 —
1036 1632 1067 1636 —
1088 1623 1135 1646 est
1153 1619 1306 1649 infinitum
1328 1624 1436 1651 melior
1456 1633 1548 1660 quam
1575 1627 1678 1661 gracia
1705 1636 1811 1655 secun-

1018 1651 1091 1679 dum
1112 1660 1286 1689 presentem
1307 1657 1461 1687 iusticiam
1484 1668 1542 1694 142.
1732 1697 1738 1702 ,
1788 1696 1801 1705 η

984 1685 1091 1715 Prelati
1107 1689 1219 1717 debent
1232 1699 1298 1718 esse
1313 1693 1502 1722 eminencioi-
1512 1696 1620 1723 oculus
1632 1696 1757 1724 00010510
1769 1705 1811 1725 25.

982 1720 1026 1747 De
1046 1723 1260 1757 predicacione
1281 1735 1320 1761 17,
1343 1730 1463 1764 74-78.
1790 1768 1795 1772 ἱ

983 1755 1152 1817 Quom03do
1171 1760 1337 1821 {piscopus
1363 1764 1407 1791 vel
1436 1765 1580 1793 sacerdos
1601 1766 1690 1794 debet
1710 1768 1811 1802 predi-

1015 1799 1083 1819 care
1102 1799 1137 1821 ,0
1189 1803 1214 1821 7.

980 1824 1100 1854 Fideles
1120 1810 1371 1865 a’prsedicacione
1392 1834 1598 1868 prohibentur
1618 1844 1663 1872 77,
1686 1836 1730 1872 78.

979 1859 1028 1887 Nil
1049 1862 1177 1896 prodest
1196 1865 1354 1900 predicare
1384 1868 1451 1896 rudi
1481 1871 1598 1906 populo
1625 1871 1808 1900 subtilitates

1013 1894 1176 1926 Trinitatis
1196 1899 1256 1934 341.

979 1928 1080 1958 Labor
1099 1932 1216 1962 inutilis
1236 1935 1266 1962 in
1289 1937 1503 1971 predicacione
1523 1938 1589 1970 386.

977 1963 1336 2029 11Ιοῖ1010338151011103010
1365 1980 1457 2001 causa
1486 1976 1733 2010 perturbacionis
1759 1986 1806 2005 cc—

1010 2007 1025 2026 c
1039 2009 1099 2028 esie
1158 2009 1186 2031 0.

975 2033 1086 2063 Utilius
1107 2043 1187 2066 esset
1206 2040 1301 2075 legem
1324 2041 1439 2070 Christi
1461 2044 1623 2073 efficaciter
1645 2046 1803 2082 predicare

1009 2078 1100 2105 quam
1122 2073 1308 2102 tradiciones
1329 2078 1464 2106 novellas
1484 2087 1552 2111 420.
1695 2116 1700 2120 ¹
1737 2116 1742 2121 ‚

973 2103 1113 2133 Illicitum
1130 2113 1176 2135 est
1191 2117 1377 2146 quemquam
1388 2113 1626 2148 apredicacione
1636 2116 1803 2145 christiane

1007 2139 1075 2167 fidei
1098 2143 1261 2176 prohibere
1282 2146 1326 2181 75.

972 2173 1053 2202 Falsi
1074 2177 1284 2211 predicatores
1306 2180 1364 2208 130.

972 2207 1142 2243 Quomodo
1170 2215 1277 2248 prelati
1305 2216 1334 2244 iri
1362 2216 1459 2252 signis
1487 2227 1517 2245 se
1538 2219 1650 2247 habere
1670 2219 1798 2248 debeam

1003 2244 1040 2271 ad
1063 2254 1135 2273 suos
1156 2248 1298 2277 subditos
1316 2250 1475 2287 483—491.

968 2278 1078 2307 Utrum
1100 2283 1208 2316 prelati
1229 2284 1360 2314 debeant
1381 2288 1476 2315 amari
1497 2288 1549 2322 481
1757 2325 1762 2329 .

970 2330 997 2333 —
1022 2330 1049 2334 —-
1072 2317 1168 2344 nostri
1190 2318 1296 2347 vivunt
1315 2320 1440 2349 Christo
1461 2322 1593 2351 similius
1619 2332 1712 2359 quam
1733 2324 1797 2352 dia-

1003 2349 1072 2376 bolo
1092 2350 1159 2384 482.

967 2383 1075 2411 Prelati
1096 2391 1207 2414 vocant
1227 2396 1258 2415 se
1278 2393 1381 2424 patres
1403 2391 1598 2421 beatissimos
1618 2394 1673 2422 251.

963 2433 997 2437 —
1016 2427 1032 2445 a
1053 2420 1179 2448 veritate
1199 2422 1268 2450 fidei
1289 2430 1391 2452 errant
1411 2427 1481 2460 448.

964 2452 1042 2481 Sunt
1070 2455 1121 2490 qui
1152 2456 1258 2484 dicunt
1286 2459 1368 2494 quod
1397 2469 1456 2488 000
1478 2462 1546 2490 licet
1566 2470 1792 2493 sacramentum

997 2488 1177 2523 dispensare
1208 2492 1265 2520 nisi
1293 2495 1427 2528 prelatus
1454 2503 1636 2532 potestatem
1666 2508 1682 2526 a
1713 2508 1792 2536 papa

997 2523 1136 2552 habuerit
1158 2525 1199 2554 18.

961 2555 1055 2592 Signa
1075 2559 1106 2587 S.
1122 2559 1258 2595 Spiritus
1278 2562 1308 2590 in
1326 2564 1449 2599 prelatis
1471 2574 1531 2593 000
1553 2573 1702 2605 apparent
1724 2570 1790 2608 200.

961 2592 1097 2621 Prelatus
1117 2596 1161 2622 vel
1184 2596 1346 2632 religiosus
1373 2600 1423 2634 qui
1453 2601 1521 2635 plus
1547 2602 1678 2630 atticitur
1698 2604 1791 2643 trad17

992 2627 1071 2654 cioni
1095 2628 1273 2659 humanitus
1294 2633 1456 2662 adini-ente
1477 2643 1571 2671 quam
1593 2637 1650 2672 legi
1673 2637 1787 2666 Cliristi

992 2666 1037 2689 est
1057 2671 1167 2699 expers
1189 2667 1289 2700 gracie
1312 2668 1374 2701 146.

958 2696 1065 2724 l'relati
1089 2705 1316 2735 persequuntur
1337 2702 1497 2732 Cliristum
1520 2705 1576 2733 158.

957 2746 985 2750 —
1007 2738 1114 2760 curent
1136 2742 1172 2761 iie
1200 2736 1334 2770 populus
1363 2739 1564 2768 necessitetur
1589 2741 1787 2778 pseudoapo-

990 2766 1086 2793 stolos
1107 2774 1265 2804 acceptare
1287 2770 1338 2798 131.

952 2815 985 2819 —
1005 2805 1033 2828 et
1060 2802 1191 2841 religiosi
1224 2805 1334 2840 privati
1365 2814 1595 2844 persequuntur
1626 2811 1786 2840 veritatem

987 2836 1144 2871 religionis
1165 2838 1281 2882 Christi
1304 2841 1359 2869 158.

1573 2905 1640 2947 34*
