<?xml version="1.0" encoding="UTF-8"?>
<!DOCTYPE html PUBLIC "-//W3C//DTD XHTML 1.0 Transitional//EN"
    "http://www.w3.org/TR/xhtml1/DTD/xhtml1-transitional.dtd">
<html xmlns="http://www.w3.org/1999/xhtml" xml:lang="en" lang="en">
 <head>
  <title>
</title>
<meta http-equiv="Content-Type" content="text/html;charset=utf-8" />
  <meta name='ocr-system' content='tesseract 3.04.00' />
  <meta name='ocr-capabilities' content='ocr_page ocr_carea ocr_par ocr_line ocrx_word'/>
</head>
<body>
  <div class='ocr_page' id='page_1' title='image "./iohanniswyclifse0703wycl_0116.png"; bbox 0 0 1944 3323; ppageno 0'>
   <div class='ocr_carea' id='block_1_1' title="bbox 87 276 137 309">
    <p class='ocr_par' dir='ltr' id='par_1_1' title="bbox 87 276 137 309">
     <span class='ocr_line' id='line_1_1' title="bbox 87 276 137 309; baseline -0.02 0"><span class='ocrx_word' id='word_1_1' title='bbox 87 276 137 309; x_wconf 80' lang='lat'>94</span> 
     </span>
    </p>
   </div>
   <div class='ocr_carea' id='block_1_2' title="bbox 121 615 320 685">
    <p class='ocr_par' dir='ltr' id='par_1_2' title="bbox 121 615 320 685">
     <span class='ocr_line' id='line_1_2' title="bbox 121 615 320 642; baseline 0 -1"><span class='ocrx_word' id='word_1_2' title='bbox 121 615 250 642; x_wconf 47' lang='lat' dir='ltr'>kirolum</span> <span class='ocrx_word' id='word_1_3' title='bbox 274 616 320 642; x_wconf 71' lang='lat' dir='ltr'>tor</span> 
     </span>
     <span class='ocr_line' id='line_1_3' title="bbox 147 649 303 685; baseline 0.006 -10"><span class='ocrx_word' id='word_1_4' title='bbox 147 651 220 676; x_wconf 62' lang='lat' dir='ltr'>such</span> <span class='ocrx_word' id='word_1_5' title='bbox 242 649 303 685; x_wconf 57' lang='lat' dir='ltr'>joy-</span> 
     </span>
    </p>
   </div>
   <div class='ocr_carea' id='block_1_3' title="bbox 99 1251 349 1314">
    <p class='ocr_par' dir='ltr' id='par_1_3' title="bbox 99 1251 349 1314">
     <span class='ocr_line' id='line_1_4' title="bbox 99 1251 349 1279; baseline -0.008 0"><span class='ocrx_word' id='word_1_6' title='bbox 99 1261 138 1279; x_wconf 69' lang='grc' dir='ltr'>ιι),</span> <span class='ocrx_word' id='word_1_7' title='bbox 163 1252 300 1279; x_wconf 75' lang='lat' dir='ltr'>I&#39;atiencc</span> <span class='ocrx_word' id='word_1_8' title='bbox 321 1251 349 1278; x_wconf 83' lang='lat' dir='ltr'>in</span> 
     </span>
     <span class='ocr_line' id='line_1_5' title="bbox 132 1287 319 1314; baseline 0 0"><span class='ocrx_word' id='word_1_9' title='bbox 132 1287 319 1314; x_wconf 68' lang='lat' dir='ltr'>tribulationi.</span> 
     </span>
    </p>
   </div>
   <div class='ocr_carea' id='block_1_4' title="bbox 113 1885 334 1956">
    <p class='ocr_par' dir='ltr' id='par_1_4' title="bbox 113 1885 334 1956">
     <span class='ocr_line' id='line_1_6' title="bbox 113 1885 334 1913; baseline -0.009 0"><span class='ocrx_word' id='word_1_10' title='bbox 113 1894 149 1913; x_wconf 82' lang='lat'>11.</span> <span class='ocrx_word' id='word_1_11' title='bbox 170 1885 334 1913; x_wconf 66' lang='lat' dir='ltr'>(Loutinual</span> 
     </span>
     <span class='ocr_line' id='line_1_7' title="bbox 168 1929 285 1956; baseline 0 -9"><span class='ocrx_word' id='word_1_12' title='bbox 168 1929 285 1956; x_wconf 58' lang='lat' dir='ltr'>prayer.</span> 
     </span>
    </p>
   </div>
   <div class='ocr_carea' id='block_1_5' title="bbox 669 257 1683 314">
    <p class='ocr_par' dir='ltr' id='par_1_5' title="bbox 669 257 1683 314">
     <span class='ocr_line' id='line_1_8' title="bbox 669 257 1683 314; baseline -0.001 -12"><span class='ocrx_word' id='word_1_13' title='bbox 669 271 890 303; x_wconf 78' lang='lat' dir='ltr'>JOHANNIS</span> <span class='ocrx_word' id='word_1_14' title='bbox 910 272 1093 304; x_wconf 82' lang='lat' dir='ltr'>WYCLIF</span> <span class='ocrx_word' id='word_1_15' title='bbox 1112 272 1366 304; x_wconf 73' lang='lat' dir='ltr'>SERMONUM</span> <span class='ocrx_word' id='word_1_16' title='bbox 1446 257 1596 314; x_wconf 71' lang='lat' dir='ltr'>[SERMO</span> <span class='ocrx_word' id='word_1_17' title='bbox 1619 268 1683 295; x_wconf 79' lang='grc' dir='ltr'>ΧΠ-</span> 
     </span>
    </p>
   </div>
   <div class='ocr_carea' id='block_1_6' title="bbox 371 376 1749 2619">
    <p class='ocr_par' dir='ltr' id='par_1_6' title="bbox 371 376 1747 1233">
     <span class='ocr_line' id='line_1_9' title="bbox 374 376 1684 422; baseline 0 -10"><span class='ocrx_word' id='word_1_18' title='bbox 374 376 587 413; x_wconf 84' lang='lat' dir='ltr'>servientes</span> <span class='ocrx_word' id='word_1_19' title='bbox 638 378 787 413; x_wconf 88' lang='lat' dir='ltr'>mundo</span> <span class='ocrx_word' id='word_1_20' title='bbox 835 376 914 413; x_wconf 80' lang='lat' dir='ltr'>sive</span> <span class='ocrx_word' id='word_1_21' title='bbox 962 376 1137 422; x_wconf 80' lang='lat' dir='ltr'>diabolo,</span> <span class='ocrx_word' id='word_1_22' title='bbox 1185 376 1349 413; x_wconf 85' lang='lat' dir='ltr'>dimisso</span> <span class='ocrx_word' id='word_1_23' title='bbox 1394 376 1560 413; x_wconf 80' lang='lat' dir='ltr'>servicio</span> <span class='ocrx_word' id='word_1_24' title='bbox 1600 376 1684 418; x_wconf 63' lang='lat' dir='ltr'>liei,</span> 
     </span>
     <span class='ocr_line' id='line_1_10' title="bbox 374 433 1686 483; baseline -0.001 -12"><span class='ocrx_word' id='word_1_25' title='bbox 374 444 539 483; x_wconf 88' lang='lat' dir='ltr'>possunt</span> <span class='ocrx_word' id='word_1_26' title='bbox 585 447 668 470; x_wconf 91' lang='lat' dir='ltr'>esse</span> <span class='ocrx_word' id='word_1_27' title='bbox 713 434 998 482; x_wconf 86' lang='lat' dir='ltr'>desperacione</span> <span class='ocrx_word' id='word_1_28' title='bbox 1047 435 1225 470; x_wconf 81' lang='lat' dir='ltr'>dolentes</span> <span class='ocrx_word' id='word_1_29' title='bbox 1271 447 1360 470; x_wconf 88' lang='lat' dir='ltr'>cum</span> <span class='ocrx_word' id='word_1_30' title='bbox 1406 433 1686 471; x_wconf 88' lang='lat' dir='ltr'>inevitabilite1</span> 
     </span>
     <span class='ocr_line' id='line_1_11' title="bbox 375 491 1686 540; baseline 0 -13"><span class='ocrx_word' id='word_1_31' title='bbox 375 492 591 529; x_wconf 35' lang='lat' dir='ltr'>1NJet1ibueio</span> <span class='ocrx_word' id='word_1_32' title='bbox 632 505 768 528; x_wconf 87' lang='lat' dir='ltr'>eorum</span> <span class='ocrx_word' id='word_1_33' title='bbox 812 491 939 528; x_wconf 80' lang='lat' dir='ltr'>finalis</span> <span class='ocrx_word' id='word_1_34' title='bbox 978 491 1027 527; x_wconf 84' lang='lat' dir='ltr'>sit</span> <span class='ocrx_word' id='word_1_35' title='bbox 1067 491 1262 540; x_wconf 84' lang='lat' dir='ltr'>penalitas</span> <span class='ocrx_word' id='word_1_36' title='bbox 1300 501 1419 540; x_wconf 86' lang='lat' dir='ltr'>atque</span> <span class='ocrx_word' id='word_1_37' title='bbox 1459 493 1584 529; x_wconf 87' lang='lat' dir='ltr'>dolor.</span> <span class='ocrx_word' id='word_1_38' title='bbox 1632 492 1686 527; x_wconf 81' lang='lat' dir='ltr'>sic</span> 
     </span>
     <span class='ocr_line' id='line_1_12' title="bbox 374 549 1684 597; baseline -0.001 -10.999"><span class='ocrx_word' id='word_1_39' title='bbox 374 550 587 586; x_wconf 81' lang='lat' dir='ltr'>servientes</span> <span class='ocrx_word' id='word_1_40' title='bbox 627 553 710 586; x_wconf 94' lang='lat' dir='ltr'>Deo</span> <span class='ocrx_word' id='word_1_41' title='bbox 751 551 894 585; x_wconf 90' lang='lat' dir='ltr'>debent</span> <span class='ocrx_word' id='word_1_42' title='bbox 936 562 1017 585; x_wconf 89' lang='lat' dir='ltr'>esse</span> <span class='ocrx_word' id='word_1_43' title='bbox 1064 551 1110 585; x_wconf 91' lang='lat' dir='ltr'>de</span> <span class='ocrx_word' id='word_1_44' title='bbox 1154 562 1222 597; x_wconf 87' lang='lat' dir='ltr'>spe</span> <span class='ocrx_word' id='word_1_45' title='bbox 1267 549 1325 585; x_wconf 91' lang='lat' dir='ltr'>sui</span> <span class='ocrx_word' id='word_1_46' title='bbox 1372 549 1499 585; x_wconf 84' lang='lat' dir='ltr'>finalis</span> <span class='ocrx_word' id='word_1_47' title='bbox 1546 549 1684 597; x_wconf 66' lang='lat' dir='ltr'>premii</span> 
     </span>
     <span class='ocr_line' id='line_1_13' title="bbox 375 607 1720 655; baseline 0.001 -12"><span class='ocrx_word' id='word_1_48' title='bbox 375 607 622 644; x_wconf 86' lang='lat' dir='ltr'>condicionis</span> <span class='ocrx_word' id='word_1_49' title='bbox 656 607 840 655; x_wconf 83' lang='lat' dir='ltr'>opposite</span> <span class='ocrx_word' id='word_1_50' title='bbox 871 608 1180 654; x_wconf 78' lang='lat' dir='ltr'>congaudentes.</span> <span class='ocrx_word' id='word_1_51' title='bbox 1214 607 1324 643; x_wconf 84' lang='lat' dir='ltr'>Sicut</span> <span class='ocrx_word' id='word_1_52' title='bbox 1348 607 1452 643; x_wconf 90' lang='lat' dir='ltr'>enim</span> <span class='ocrx_word' id='word_1_53' title='bbox 1476 607 1720 644; x_wconf 63' lang='lat' dir='ltr'>serviciumss</span> 
     </span>
     <span class='ocr_line' id='line_1_14' title="bbox 376 664 1686 713; baseline -0.002 -11"><span class='ocrx_word' id='word_1_54' title='bbox 376 666 520 702; x_wconf 80' lang='lat' dir='ltr'>sactum</span> <span class='ocrx_word' id='word_1_55' title='bbox 563 666 711 701; x_wconf 92' lang='lat' dir='ltr'>mundo</span> <span class='ocrx_word' id='word_1_56' title='bbox 752 664 831 702; x_wconf 83' lang='lat' dir='ltr'>sive</span> <span class='ocrx_word' id='word_1_57' title='bbox 871 664 1032 702; x_wconf 88' lang='lat' dir='ltr'>diabolo</span> <span class='ocrx_word' id='word_1_58' title='bbox 1072 666 1189 701; x_wconf 86' lang='lat' dir='ltr'>habet</span> <span class='ocrx_word' id='word_1_59' title='bbox 1222 664 1452 701; x_wconf 79' lang='lat' dir='ltr'>dileccionis</span> <span class='ocrx_word' id='word_1_60' title='bbox 1485 666 1686 713; x_wconf 83' lang='lat' dir='ltr'>quandam</span> 
     </span>
     <span class='ocr_line' id='line_1_15' title="bbox 375 722 1686 772; baseline -0.001 -13"><span class='ocrx_word' id='word_1_61' title='bbox 375 723 620 772; x_wconf 76' lang='lat' dir='ltr'>pruriginem</span> <span class='ocrx_word' id='word_1_62' title='bbox 663 722 922 759; x_wconf 78' lang='lat' dir='ltr'>comitantem</span> <span class='ocrx_word' id='word_1_63' title='bbox 963 732 998 759; x_wconf 89' lang='lat' dir='ltr'>et</span> <span class='ocrx_word' id='word_1_64' title='bbox 1039 723 1155 759; x_wconf 87' lang='lat' dir='ltr'>finem</span> <span class='ocrx_word' id='word_1_65' title='bbox 1203 722 1450 759; x_wconf 87' lang='lat' dir='ltr'>condicionis</span> <span class='ocrx_word' id='word_1_66' title='bbox 1490 723 1686 770; x_wconf 75' lang='lat' dir='ltr'>opposite,</span> 
     </span>
     <span class='ocr_line' id='line_1_16' title="bbox 376 780 1687 829; baseline -0.002 -12"><span class='ocrx_word' id='word_1_67' title='bbox 376 781 431 817; x_wconf 87' lang='lat' dir='ltr'>sic</span> <span class='ocrx_word' id='word_1_68' title='bbox 464 780 674 817; x_wconf 78' lang='lat' dir='ltr'>servicium</span> <span class='ocrx_word' id='word_1_69' title='bbox 709 781 856 817; x_wconf 86' lang='lat' dir='ltr'>factum</span> <span class='ocrx_word' id='word_1_70' title='bbox 892 783 975 817; x_wconf 79' lang='lat' dir='ltr'>Deo</span> <span class='ocrx_word' id='word_1_71' title='bbox 1008 782 1126 817; x_wconf 88' lang='lat' dir='ltr'>habet</span> <span class='ocrx_word' id='word_1_72' title='bbox 1161 790 1299 817; x_wconf 88' lang='lat' dir='ltr'>contra</span> <span class='ocrx_word' id='word_1_73' title='bbox 1333 782 1533 829; x_wconf 82' lang='lat' dir='ltr'>quendam</span> <span class='ocrx_word' id='word_1_74' title='bbox 1567 780 1687 817; x_wconf 86' lang='lat' dir='ltr'>animi</span> 
     </span>
     <span class='ocr_line' id='line_1_17' title="bbox 376 837 1689 885; baseline -0.001 -11"><span class='ocrx_word' id='word_1_75' title='bbox 376 839 568 885; x_wconf 67' lang='lat' dir='ltr'>gemitum</span> <span class='ocrx_word' id='word_1_76' title='bbox 620 838 879 875; x_wconf 78' lang='lat' dir='ltr'>comitantem</span> <span class='ocrx_word' id='word_1_77' title='bbox 932 848 968 874; x_wconf 91' lang='lat' dir='ltr'>et</span> <span class='ocrx_word' id='word_1_78' title='bbox 1018 838 1057 874; x_wconf 89' lang='lat' dir='ltr'>in</span> <span class='ocrx_word' id='word_1_79' title='bbox 1113 839 1189 875; x_wconf 80' lang='lat' dir='ltr'>fine</span> <span class='ocrx_word' id='word_1_80' title='bbox 1241 838 1500 875; x_wconf 90' lang='lat' dir='ltr'>dileccionem</span> <span class='ocrx_word' id='word_1_81' title='bbox 1560 837 1689 874; x_wconf 80' lang='lat' dir='ltr'>finalis</span> 
     </span>
     <span class='ocr_line' id='line_1_18' title="bbox 375 896 1747 945; baseline -0.001 -13"><span class='ocrx_word' id='word_1_82' title='bbox 375 896 509 943; x_wconf 67' lang='lat' dir='ltr'>gaudii</span> <span class='ocrx_word' id='word_1_83' title='bbox 554 906 879 945; x_wconf 85' lang='lat' dir='ltr'>consequentem.</span> <span class='ocrx_word' id='word_1_84' title='bbox 928 898 1042 933; x_wconf 90' lang='lat' dir='ltr'>Unde</span> <span class='ocrx_word' id='word_1_85' title='bbox 1085 897 1334 944; x_wconf 88' lang='lat' dir='ltr'>Apostolus.</span> <span class='ocrx_word' id='word_1_86' title='bbox 1361 925 1368 933; x_wconf 95' lang='lat'><strong><em>.</em></strong></span> <span class='ocrx_word' id='word_1_87' title='bbox 1394 925 1436 932; x_wconf 92' lang='lat'>..</span> <span class='ocrx_word' id='word_1_88' title='bbox 1490 897 1571 932; x_wconf 77' lang='lat' dir='ltr'>Nos</span> <span class='ocrx_word' id='word_1_89' title='bbox 1618 896 1747 945; x_wconf 62' lang='lat' dir='ltr'>ips-im</span> 
     </span>
     <span class='ocr_line' id='line_1_19' title="bbox 371 955 1688 1005; baseline 0 -15"><span class='ocrx_word' id='word_1_90' title='bbox 371 955 572 1003; x_wconf 76' lang='lat' dir='ltr'>primicias</span> <span class='ocrx_word' id='word_1_91' title='bbox 586 955 745 1003; x_wconf 75' lang='lat' dir='ltr'>spiritns</span> <span class='ocrx_word' id='word_1_92' title='bbox 760 956 938 990; x_wconf 76' lang='lat' dir='ltr'>habentes</span> <span class='ocrx_word' id='word_1_93' title='bbox 960 955 1061 990; x_wconf 79' lang='lat' dir='ltr'>intra</span> <span class='ocrx_word' id='word_1_94' title='bbox 1077 968 1144 990; x_wconf 75' lang='lat' dir='ltr'>nos</span> <span class='ocrx_word' id='word_1_95' title='bbox 1156 955 1361 1005; x_wconf 76' lang='lat' dir='ltr'>gemimus,</span> <span class='ocrx_word' id='word_1_96' title='bbox 1379 963 1414 990; x_wconf 90' lang='lat' dir='ltr'>et</span> <span class='ocrx_word' id='word_1_97' title='bbox 1432 955 1589 991; x_wconf 78' lang='lat' dir='ltr'>Psalmo</span> <span class='ocrx_word' id='word_1_98' title='bbox 1606 984 1613 992; x_wconf 95' lang='lat'><strong>.</strong></span> <span class='ocrx_word' id='word_1_99' title='bbox 1630 983 1636 990; x_wconf 96' lang='lat'>.</span> <span class='ocrx_word' id='word_1_100' title='bbox 1681 983 1688 990; x_wconf 89' lang='lat'><strong><em>.</em></strong></span> 
     </span>
     <span class='ocr_line' id='line_1_20' title="bbox 377 1012 1691 1063; baseline -0.002 -16"><span class='ocrx_word' id='word_1_101' title='bbox 377 1013 522 1048; x_wconf 65' lang='lat' dir='ltr'>Iz&#39;nntes</span> <span class='ocrx_word' id='word_1_102' title='bbox 561 1013 663 1048; x_wconf 80' lang='lat' dir='ltr'>ibant</span> <span class='ocrx_word' id='word_1_103' title='bbox 702 1021 735 1049; x_wconf 87' lang='lat' dir='ltr'>et</span> <span class='ocrx_word' id='word_1_104' title='bbox 765 1013 914 1063; x_wconf 81' lang='lat' dir='ltr'>flebant</span> <span class='ocrx_word' id='word_1_105' title='bbox 954 1013 1142 1049; x_wconf 79' lang='lat' dir='ltr'>mittentes</span> <span class='ocrx_word' id='word_1_106' title='bbox 1179 1013 1322 1048; x_wconf 80' lang='lat' dir='ltr'>semina</span> <span class='ocrx_word' id='word_1_107' title='bbox 1361 1026 1441 1048; x_wconf 68' lang='lat' dir='ltr'>sua.</span> <span class='ocrx_word' id='word_1_108' title='bbox 1496 1012 1691 1048; x_wconf 72' lang='lat' dir='ltr'>Venientes</span> 
     </span>
     <span class='ocr_line' id='line_1_21' title="bbox 376 1071 1691 1119; baseline -0.002 -13"><span class='ocrx_word' id='word_1_109' title='bbox 376 1079 500 1106; x_wconf 80' lang='lat' dir='ltr'>antem</span> <span class='ocrx_word' id='word_1_110' title='bbox 536 1071 683 1107; x_wconf 80' lang='lat' dir='ltr'>venient</span> <span class='ocrx_word' id='word_1_111' title='bbox 715 1083 798 1106; x_wconf 80' lang='lat' dir='ltr'>cnm</span> <span class='ocrx_word' id='word_1_112' title='bbox 833 1071 1074 1106; x_wconf 51' lang='lat' dir='ltr'>&amp;vastacione</span> <span class='ocrx_word' id='word_1_113' title='bbox 1100 1078 1304 1119; x_wconf 72' lang='lat' dir='ltr'>portantes</span> <span class='ocrx_word' id='word_1_114' title='bbox 1337 1071 1553 1119; x_wconf 76' lang='lat' dir='ltr'>manipulos</span> <span class='ocrx_word' id='word_1_115' title='bbox 1581 1082 1691 1108; x_wconf 77' lang='lat' dir='ltr'>snos:</span> 
     </span>
     <span class='ocr_line' id='line_1_22' title="bbox 378 1127 1690 1176; baseline -0.001 -12"><span class='ocrx_word' id='word_1_116' title='bbox 378 1138 413 1165; x_wconf 89' lang='lat' dir='ltr'>et</span> <span class='ocrx_word' id='word_1_117' title='bbox 446 1128 501 1165; x_wconf 91' lang='lat' dir='ltr'>sic</span> <span class='ocrx_word' id='word_1_118' title='bbox 535 1141 577 1164; x_wconf 86' lang='lat' dir='ltr'>ex</span> <span class='ocrx_word' id='word_1_119' title='bbox 611 1129 688 1165; x_wconf 80' lang='lat' dir='ltr'>fide</span> <span class='ocrx_word' id='word_1_120' title='bbox 720 1128 916 1176; x_wconf 85' lang='lat' dir='ltr'>scripture</span> <span class='ocrx_word' id='word_1_121' title='bbox 950 1129 1140 1165; x_wconf 84' lang='lat' dir='ltr'>debemus</span> <span class='ocrx_word' id='word_1_122' title='bbox 1173 1128 1380 1165; x_wconf 89' lang='lat' dir='ltr'>serviendo</span> <span class='ocrx_word' id='word_1_123' title='bbox 1414 1127 1588 1164; x_wconf 86' lang='lat' dir='ltr'>Domino</span> <span class='ocrx_word' id='word_1_124' title='bbox 1621 1140 1690 1175; x_wconf 82' lang='lat' dir='ltr'>spe</span> 
     </span>
     <span class='ocr_line' id='line_1_23' title="bbox 376 1188 1746 1233; baseline -0.001 -11"><span class='ocrx_word' id='word_1_125' title='bbox 376 1188 563 1233; x_wconf 71' lang='lat' dir='ltr'>gaudere.</span> <span class='ocrx_word' id='word_1_126' title='bbox 1712 1188 1746 1220; x_wconf 74' lang='lat'>15</span> 
     </span>
    </p>

    <p class='ocr_par' dir='ltr' id='par_1_7' title="bbox 376 1242 1749 1871">
     <span class='ocr_line' id='line_1_24' title="bbox 434 1242 1688 1292; baseline -0.002 -12"><span class='ocrx_word' id='word_1_127' title='bbox 434 1247 482 1280; x_wconf 86' lang='lat' dir='ltr'>Et</span> <span class='ocrx_word' id='word_1_128' title='bbox 515 1257 557 1280; x_wconf 82' lang='lat' dir='ltr'>ex</span> <span class='ocrx_word' id='word_1_129' title='bbox 591 1243 674 1280; x_wconf 91' lang='lat' dir='ltr'>istis</span> <span class='ocrx_word' id='word_1_130' title='bbox 707 1244 885 1292; x_wconf 87' lang='lat' dir='ltr'>sequitur</span> <span class='ocrx_word' id='word_1_131' title='bbox 909 1243 1062 1280; x_wconf 87' lang='lat' dir='ltr'>decima</span> <span class='ocrx_word' id='word_1_132' title='bbox 1088 1243 1204 1280; x_wconf 74' lang='lat' dir='ltr'>vestis</span> <span class='ocrx_word' id='word_1_133' title='bbox 1229 1245 1335 1292; x_wconf 91' lang='lat' dir='ltr'>quod</span> <span class='ocrx_word' id='word_1_134' title='bbox 1371 1243 1504 1279; x_wconf 83' lang='lat' dir='ltr'>fideles</span> <span class='ocrx_word' id='word_1_135' title='bbox 1537 1242 1688 1279; x_wconf 83' lang='lat' dir='ltr'>viantes</span> 
     </span>
     <span class='ocr_line' id='line_1_25' title="bbox 377 1300 1688 1351; baseline -0.002 -13"><span class='ocrx_word' id='word_1_136' title='bbox 377 1303 521 1338; x_wconf 86' lang='lat' dir='ltr'>debent</span> <span class='ocrx_word' id='word_1_137' title='bbox 571 1315 653 1338; x_wconf 89' lang='lat' dir='ltr'>esse</span> <span class='ocrx_word' id='word_1_138' title='bbox 706 1303 741 1337; x_wconf 92' lang='lat' dir='ltr'>in</span> <span class='ocrx_word' id='word_1_139' title='bbox 791 1302 1042 1338; x_wconf 79' lang='lat' dir='ltr'>tribulacione</span> <span class='ocrx_word' id='word_1_140' title='bbox 1080 1302 1285 1351; x_wconf 72' lang='lat' dir='ltr'>pacientes.</span> <span class='ocrx_word' id='word_1_141' title='bbox 1343 1302 1442 1337; x_wconf 90' lang='lat' dir='ltr'>Cum</span> <span class='ocrx_word' id='word_1_142' title='bbox 1494 1300 1598 1337; x_wconf 89' lang='lat' dir='ltr'>enim</span> <span class='ocrx_word' id='word_1_143' title='bbox 1648 1313 1688 1336; x_wconf 72' lang='lat' dir='ltr'>ex</span> 
     </span>
     <span class='ocr_line' id='line_1_26' title="bbox 378 1359 1687 1408; baseline -0.002 -12"><span class='ocrx_word' id='word_1_144' title='bbox 378 1360 493 1396; x_wconf 87' lang='lat' dir='ltr'>dictis</span> <span class='ocrx_word' id='word_1_145' title='bbox 538 1361 683 1396; x_wconf 91' lang='lat' dir='ltr'>debent</span> <span class='ocrx_word' id='word_1_146' title='bbox 728 1361 900 1407; x_wconf 78' lang='lat' dir='ltr'>gaudere</span> <span class='ocrx_word' id='word_1_147' title='bbox 946 1361 993 1396; x_wconf 91' lang='lat' dir='ltr'>de</span> <span class='ocrx_word' id='word_1_148' title='bbox 1036 1359 1190 1408; x_wconf 88' lang='lat' dir='ltr'>premio</span> <span class='ocrx_word' id='word_1_149' title='bbox 1236 1369 1271 1395; x_wconf 91' lang='lat' dir='ltr'>et</span> <span class='ocrx_word' id='word_1_150' title='bbox 1318 1359 1446 1396; x_wconf 90' lang='lat' dir='ltr'>maior</span> <span class='ocrx_word' id='word_1_151' title='bbox 1484 1359 1687 1395; x_wconf 83' lang='lat' dir='ltr'>fructuosa</span> 
     </span>
     <span class='ocr_line' id='line_1_27' title="bbox 376 1417 1688 1465; baseline -0.002 -11"><span class='ocrx_word' id='word_1_152' title='bbox 376 1417 589 1454; x_wconf 81' lang='lat' dir='ltr'>tribulacio</span> <span class='ocrx_word' id='word_1_153' title='bbox 627 1417 744 1453; x_wconf 87' lang='lat' dir='ltr'>infert</span> <span class='ocrx_word' id='word_1_154' title='bbox 784 1418 911 1454; x_wconf 88' lang='lat' dir='ltr'>maius</span> <span class='ocrx_word' id='word_1_155' title='bbox 951 1418 1162 1465; x_wconf 82' lang='lat' dir='ltr'>premium,</span> <span class='ocrx_word' id='word_1_156' title='bbox 1204 1418 1347 1453; x_wconf 88' lang='lat' dir='ltr'>debent</span> <span class='ocrx_word' id='word_1_157' title='bbox 1387 1429 1469 1453; x_wconf 87' lang='lat' dir='ltr'>esse</span> <span class='ocrx_word' id='word_1_158' title='bbox 1502 1417 1536 1452; x_wconf 88' lang='lat' dir='ltr'>in</span> <span class='ocrx_word' id='word_1_159' title='bbox 1570 1417 1688 1451; x_wconf 82' lang='lat' dir='ltr'>tribn-</span> 
     </span>
     <span class='ocr_line' id='line_1_28' title="bbox 378 1475 1749 1524; baseline -0.002 -12"><span class='ocrx_word' id='word_1_160' title='bbox 378 1476 587 1512; x_wconf 75' lang='lat' dir='ltr'>lacionibns</span> <span class='ocrx_word' id='word_1_161' title='bbox 610 1475 735 1512; x_wconf 84' lang='lat' dir='ltr'>eciam</span> <span class='ocrx_word' id='word_1_162' title='bbox 761 1476 888 1512; x_wconf 89' lang='lat' dir='ltr'>auctis</span> <span class='ocrx_word' id='word_1_163' title='bbox 913 1488 1001 1512; x_wconf 88' lang='lat' dir='ltr'>cum</span> <span class='ocrx_word' id='word_1_164' title='bbox 1026 1475 1173 1523; x_wconf 79' lang='lat' dir='ltr'>gaudio</span> <span class='ocrx_word' id='word_1_165' title='bbox 1195 1475 1398 1524; x_wconf 71' lang='lat' dir='ltr'>pacientes.</span> <span class='ocrx_word' id='word_1_166' title='bbox 1430 1476 1506 1511; x_wconf 81' lang='lat' dir='ltr'>Sed</span> <span class='ocrx_word' id='word_1_167' title='bbox 1530 1483 1689 1522; x_wconf 86' lang='lat' dir='ltr'>oportet</span> <span class='ocrx_word' id='word_1_168' title='bbox 1707 1486 1749 1507; x_wconf 84' lang='lat'>20</span> 
     </span>
     <span class='ocr_line' id='line_1_29' title="bbox 378 1532 1691 1582; baseline -0.002 -13"><span class='ocrx_word' id='word_1_169' title='bbox 378 1533 416 1569; x_wconf 90' lang='lat' dir='ltr'>in</span> <span class='ocrx_word' id='word_1_170' title='bbox 455 1533 660 1582; x_wconf 84' lang='lat' dir='ltr'>paciencia</span> <span class='ocrx_word' id='word_1_171' title='bbox 700 1533 773 1570; x_wconf 87' lang='lat' dir='ltr'>ista</span> <span class='ocrx_word' id='word_1_172' title='bbox 813 1535 1017 1570; x_wconf 88' lang='lat' dir='ltr'>attendere</span> <span class='ocrx_word' id='word_1_173' title='bbox 1051 1535 1158 1582; x_wconf 89' lang='lat' dir='ltr'>quod</span> <span class='ocrx_word' id='word_1_174' title='bbox 1189 1546 1268 1569; x_wconf 90' lang='lat' dir='ltr'>non</span> <span class='ocrx_word' id='word_1_175' title='bbox 1302 1532 1495 1569; x_wconf 86' lang='lat' dir='ltr'>inferatur</span> <span class='ocrx_word' id='word_1_176' title='bbox 1527 1540 1691 1580; x_wconf 84' lang='lat' dir='ltr'>propter</span> 
     </span>
     <span class='ocr_line' id='line_1_30' title="bbox 378 1589 1685 1639; baseline -0.002 -11"><span class='ocrx_word' id='word_1_177' title='bbox 378 1592 522 1628; x_wconf 76' lang='lat' dir='ltr'>factam</span> <span class='ocrx_word' id='word_1_178' title='bbox 557 1590 745 1627; x_wconf 89' lang='lat' dir='ltr'>iniuriam</span> <span class='ocrx_word' id='word_1_179' title='bbox 779 1593 839 1628; x_wconf 85' lang='lat' dir='ltr'>vel</span> <span class='ocrx_word' id='word_1_180' title='bbox 873 1600 1081 1639; x_wconf 88' lang='lat' dir='ltr'>peccatum</span> <span class='ocrx_word' id='word_1_181' title='bbox 1117 1592 1184 1627; x_wconf 89' lang='lat' dir='ltr'>sed</span> <span class='ocrx_word' id='word_1_182' title='bbox 1218 1600 1382 1638; x_wconf 88' lang='lat' dir='ltr'>propter</span> <span class='ocrx_word' id='word_1_183' title='bbox 1416 1589 1685 1626; x_wconf 87' lang='lat' dir='ltr'>defensionem</span> 
     </span>
     <span class='ocr_line' id='line_1_31' title="bbox 377 1648 1688 1697; baseline -0.001 -13"><span class='ocrx_word' id='word_1_184' title='bbox 377 1649 531 1686; x_wconf 88' lang='lat' dir='ltr'>iusticie</span> <span class='ocrx_word' id='word_1_185' title='bbox 583 1648 622 1686; x_wconf 91' lang='lat' dir='ltr'>in</span> <span class='ocrx_word' id='word_1_186' title='bbox 673 1662 792 1686; x_wconf 87' lang='lat' dir='ltr'>causa</span> <span class='ocrx_word' id='word_1_187' title='bbox 837 1649 928 1695; x_wconf 83' lang='lat' dir='ltr'>I)ei;</span> <span class='ocrx_word' id='word_1_188' title='bbox 981 1651 1087 1697; x_wconf 91' lang='lat' dir='ltr'>quod</span> <span class='ocrx_word' id='word_1_189' title='bbox 1133 1648 1162 1684; x_wconf 90' lang='lat' dir='ltr'>si</span> <span class='ocrx_word' id='word_1_190' title='bbox 1209 1658 1372 1697; x_wconf 89' lang='lat' dir='ltr'>propter</span> <span class='ocrx_word' id='word_1_191' title='bbox 1415 1656 1688 1697; x_wconf 86' lang='lat' dir='ltr'>perpetratum</span> 
     </span>
     <span class='ocr_line' id='line_1_32' title="bbox 378 1705 1689 1757; baseline -0.001 -15"><span class='ocrx_word' id='word_1_192' title='bbox 378 1707 529 1744; x_wconf 76' lang='lat' dir='ltr'>facinus</span> <span class='ocrx_word' id='word_1_193' title='bbox 563 1707 776 1743; x_wconf 81' lang='lat' dir='ltr'>tribulacio</span> <span class='ocrx_word' id='word_1_194' title='bbox 810 1707 1016 1757; x_wconf 79' lang='lat' dir='ltr'>inferatur⁷</span> <span class='ocrx_word' id='word_1_195' title='bbox 1055 1708 1185 1743; x_wconf 87' lang='lat' dir='ltr'>adhuc</span> <span class='ocrx_word' id='word_1_196' title='bbox 1219 1708 1323 1742; x_wconf 91' lang='lat' dir='ltr'>Deus</span> <span class='ocrx_word' id='word_1_197' title='bbox 1356 1719 1398 1743; x_wconf 88' lang='lat' dir='ltr'>ex</span> <span class='ocrx_word' id='word_1_198' title='bbox 1433 1719 1502 1742; x_wconf 87' lang='lat' dir='ltr'>sua</span> <span class='ocrx_word' id='word_1_199' title='bbox 1538 1705 1689 1742; x_wconf 89' lang='lat' dir='ltr'>miseri-</span> 
     </span>
     <span class='ocr_line' id='line_1_33' title="bbox 378 1763 1746 1813; baseline -0.003 -12"><span class='ocrx_word' id='word_1_200' title='bbox 378 1765 515 1801; x_wconf 82' lang='lat' dir='ltr'>cordia</span> <span class='ocrx_word' id='word_1_201' title='bbox 567 1765 791 1813; x_wconf 85' lang='lat' dir='ltr'>pacientem</span> <span class='ocrx_word' id='word_1_202' title='bbox 843 1765 1047 1801; x_wconf 90' lang='lat' dir='ltr'>humiliter</span> <span class='ocrx_word' id='word_1_203' title='bbox 1104 1765 1304 1801; x_wconf 87' lang='lat' dir='ltr'>condonat</span> <span class='ocrx_word' id='word_1_204' title='bbox 1355 1773 1391 1800; x_wconf 90' lang='lat' dir='ltr'>et</span> <span class='ocrx_word' id='word_1_205' title='bbox 1436 1763 1606 1812; x_wconf 82' lang='lat' dir='ltr'>premiat</span> <span class='ocrx_word' id='word_1_206' title='bbox 1652 1763 1689 1798; x_wconf 95' lang='lat' dir='ltr'>in</span> <span class='ocrx_word' id='word_1_207' title='bbox 1709 1765 1746 1797; x_wconf 69' lang='lat'>25</span> 
     </span>
     <span class='ocr_line' id='line_1_34' title="bbox 378 1820 1688 1871; baseline -0.001 -13"><span class='ocrx_word' id='word_1_208' title='bbox 378 1823 624 1860; x_wconf 82' lang='lat' dir='ltr'>beatitudine</span> <span class='ocrx_word' id='word_1_209' title='bbox 652 1832 860 1871; x_wconf 85' lang='lat' dir='ltr'>tamquam</span> <span class='ocrx_word' id='word_1_210' title='bbox 894 1832 1095 1870; x_wconf 88' lang='lat' dir='ltr'>repertum</span> <span class='ocrx_word' id='word_1_211' title='bbox 1131 1822 1301 1858; x_wconf 88' lang='lat' dir='ltr'>finaliter</span> <span class='ocrx_word' id='word_1_212' title='bbox 1334 1821 1372 1857; x_wconf 91' lang='lat' dir='ltr'>in</span> <span class='ocrx_word' id='word_1_213' title='bbox 1406 1835 1477 1858; x_wconf 89' lang='lat' dir='ltr'>suo</span> <span class='ocrx_word' id='word_1_214' title='bbox 1510 1820 1688 1857; x_wconf 70' lang='lat' dir='ltr'>servicio.</span> 
     </span>
    </p>

    <p class='ocr_par' dir='ltr' id='par_1_8' title="bbox 378 1879 1747 2437">
     <span class='ocr_line' id='line_1_35' title="bbox 436 1879 1688 1917; baseline -0.002 -1"><span class='ocrx_word' id='word_1_215' title='bbox 436 1880 658 1917; x_wconf 89' lang='lat' dir='ltr'>Undecima</span> <span class='ocrx_word' id='word_1_216' title='bbox 689 1880 808 1917; x_wconf 79' lang='lat' dir='ltr'>vestis</span> <span class='ocrx_word' id='word_1_217' title='bbox 842 1890 898 1917; x_wconf 89' lang='lat' dir='ltr'>est</span> <span class='ocrx_word' id='word_1_218' title='bbox 930 1881 1105 1917; x_wconf 79' lang='lat' dir='ltr'>continua</span> <span class='ocrx_word' id='word_1_219' title='bbox 1139 1881 1279 1916; x_wconf 76' lang='lat' dir='ltr'>oracio.</span> <span class='ocrx_word' id='word_1_220' title='bbox 1327 1881 1428 1916; x_wconf 90' lang='lat' dir='ltr'>Cum</span> <span class='ocrx_word' id='word_1_221' title='bbox 1471 1879 1575 1915; x_wconf 91' lang='lat' dir='ltr'>enim</span> <span class='ocrx_word' id='word_1_222' title='bbox 1610 1892 1688 1914; x_wconf 89' lang='lat' dir='ltr'>non</span> 
     </span>
     <span class='ocr_line' id='line_1_36' title="bbox 380 1936 1687 1987; baseline -0.002 -13"><span class='ocrx_word' id='word_1_223' title='bbox 380 1952 591 1987; x_wconf 85' lang='lat' dir='ltr'>possumus</span> <span class='ocrx_word' id='word_1_224' title='bbox 643 1939 825 1975; x_wconf 86' lang='lat' dir='ltr'>ordinate</span> <span class='ocrx_word' id='word_1_225' title='bbox 874 1939 968 1975; x_wconf 87' lang='lat' dir='ltr'>istas</span> <span class='ocrx_word' id='word_1_226' title='bbox 1014 1947 1140 1975; x_wconf 73' lang='lat' dir='ltr'>restes</span> <span class='ocrx_word' id='word_1_227' title='bbox 1186 1937 1348 1974; x_wconf 89' lang='lat' dir='ltr'>induere</span> <span class='ocrx_word' id='word_1_228' title='bbox 1398 1938 1482 1973; x_wconf 91' lang='lat' dir='ltr'>sine</span> <span class='ocrx_word' id='word_1_229' title='bbox 1526 1936 1687 1984; x_wconf 86' lang='lat' dir='ltr'>speciali</span> 
     </span>
     <span class='ocr_line' id='line_1_37' title="bbox 380 1994 1690 2044; baseline -0.002 -12"><span class='ocrx_word' id='word_1_230' title='bbox 380 1996 450 2033; x_wconf 76' lang='lat' dir='ltr'>Dei</span> <span class='ocrx_word' id='word_1_231' title='bbox 482 1996 785 2043; x_wconf 87' lang='lat' dir='ltr'>informacione,</span> <span class='ocrx_word' id='word_1_232' title='bbox 829 2005 938 2044; x_wconf 90' lang='lat' dir='ltr'>patet</span> <span class='ocrx_word' id='word_1_233' title='bbox 971 1998 1077 2044; x_wconf 86' lang='lat' dir='ltr'>quod</span> <span class='ocrx_word' id='word_1_234' title='bbox 1110 1996 1379 2032; x_wconf 85' lang='lat' dir='ltr'>necessarium</span> <span class='ocrx_word' id='word_1_235' title='bbox 1413 2005 1469 2031; x_wconf 91' lang='lat' dir='ltr'>est</span> <span class='ocrx_word' id='word_1_236' title='bbox 1503 1994 1690 2031; x_wconf 82' lang='lat' dir='ltr'>continue</span> 
     </span>
     <span class='ocr_line' id='line_1_38' title="bbox 380 2053 1747 2102; baseline -0.002 -12"><span class='ocrx_word' id='word_1_237' title='bbox 380 2064 513 2102; x_wconf 88' lang='lat' dir='ltr'>petere</span> <span class='ocrx_word' id='word_1_238' title='bbox 553 2054 730 2090; x_wconf 83' lang='lat' dir='ltr'>divinum</span> <span class='ocrx_word' id='word_1_239' title='bbox 770 2054 1017 2102; x_wconf 76' lang='lat' dir='ltr'>suffragium.</span> <span class='ocrx_word' id='word_1_240' title='bbox 1068 2055 1158 2090; x_wconf 91' lang='lat' dir='ltr'>Ideo</span> <span class='ocrx_word' id='word_1_241' title='bbox 1200 2053 1293 2090; x_wconf 92' lang='lat' dir='ltr'>dicit</span> <span class='ocrx_word' id='word_1_242' title='bbox 1326 2054 1542 2101; x_wconf 83' lang='lat' dir='ltr'>Apostolus</span> <span class='ocrx_word' id='word_1_243' title='bbox 1581 2053 1687 2100; x_wconf 86' lang='lat' dir='ltr'>quod</span> <span class='ocrx_word' id='word_1_244' title='bbox 1705 2056 1747 2088; x_wconf 78' lang='lat'>30</span> 
     </span>
     <span class='ocr_line' id='line_1_39' title="bbox 380 2110 1689 2159; baseline -0.002 -11"><span class='ocrx_word' id='word_1_245' title='bbox 380 2114 558 2148; x_wconf 73' lang='lat' dir='ltr'>dehemus</span> <span class='ocrx_word' id='word_1_246' title='bbox 601 2125 718 2148; x_wconf 80' lang='lat' dir='ltr'>orare</span> <span class='ocrx_word' id='word_1_247' title='bbox 759 2113 838 2148; x_wconf 71' lang='lat' dir='ltr'>sine</span> <span class='ocrx_word' id='word_1_248' title='bbox 881 2112 1170 2148; x_wconf 79' lang='lat' dir='ltr'>intermissione.</span> <span class='ocrx_word' id='word_1_249' title='bbox 1217 2111 1454 2159; x_wconf 83' lang='lat' dir='ltr'>Quicunque</span> <span class='ocrx_word' id='word_1_250' title='bbox 1501 2110 1602 2146; x_wconf 85' lang='lat' dir='ltr'>enim</span> <span class='ocrx_word' id='word_1_251' title='bbox 1650 2110 1689 2146; x_wconf 90' lang='lat' dir='ltr'>in</span> 
     </span>
     <span class='ocr_line' id='line_1_40' title="bbox 379 2169 1688 2219; baseline -0.002 -13"><span class='ocrx_word' id='word_1_252' title='bbox 379 2182 618 2219; x_wconf 85' lang='lat' dir='ltr'>quocunque</span> <span class='ocrx_word' id='word_1_253' title='bbox 653 2170 875 2207; x_wconf 87' lang='lat' dir='ltr'>ministerio</span> <span class='ocrx_word' id='word_1_254' title='bbox 899 2172 982 2206; x_wconf 80' lang='lat' dir='ltr'>Deo</span> <span class='ocrx_word' id='word_1_255' title='bbox 1016 2169 1199 2206; x_wconf 83' lang='lat' dir='ltr'>ordinate</span> <span class='ocrx_word' id='word_1_256' title='bbox 1233 2169 1435 2206; x_wconf 72' lang='lat' dir='ltr'>serviverit</span> <span class='ocrx_word' id='word_1_257' title='bbox 1459 2170 1557 2205; x_wconf 87' lang='lat' dir='ltr'>bene</span> <span class='ocrx_word' id='word_1_258' title='bbox 1580 2177 1688 2213; x_wconf 72' lang='lat' dir='ltr'>orat·,</span> 
     </span>
     <span class='ocr_line' id='line_1_41' title="bbox 378 2225 1688 2274; baseline -0.002 -10"><span class='ocrx_word' id='word_1_259' title='bbox 378 2241 449 2264; x_wconf 90' lang='lat' dir='ltr'>nec</span> <span class='ocrx_word' id='word_1_260' title='bbox 489 2227 633 2263; x_wconf 89' lang='lat' dir='ltr'>mirum</span> <span class='ocrx_word' id='word_1_261' title='bbox 668 2229 714 2264; x_wconf 90' lang='lat' dir='ltr'>de</span> <span class='ocrx_word' id='word_1_262' title='bbox 753 2237 938 2264; x_wconf 86' lang='lat' dir='ltr'>contextu</span> <span class='ocrx_word' id='word_1_263' title='bbox 977 2227 1208 2264; x_wconf 82' lang='lat' dir='ltr'>subtilitatis</span> <span class='ocrx_word' id='word_1_264' title='bbox 1246 2228 1457 2263; x_wconf 80' lang='lat' dir='ltr'>verborum</span> <span class='ocrx_word' id='word_1_265' title='bbox 1492 2225 1688 2274; x_wconf 82' lang='lat' dir='ltr'>Apostoli,</span> 
     </span>
     <span class='ocr_line' id='line_1_42' title="bbox 379 2284 1689 2334; baseline -0.002 -13"><span class='ocrx_word' id='word_1_266' title='bbox 379 2286 471 2334; x_wconf 84' lang='lat' dir='ltr'>quia</span> <span class='ocrx_word' id='word_1_267' title='bbox 510 2299 648 2322; x_wconf 88' lang='lat' dir='ltr'>omnes</span> <span class='ocrx_word' id='word_1_268' title='bbox 682 2285 786 2322; x_wconf 85' lang='lat' dir='ltr'>dicte</span> <span class='ocrx_word' id='word_1_269' title='bbox 819 2295 944 2322; x_wconf 89' lang='lat' dir='ltr'>vestes</span> <span class='ocrx_word' id='word_1_270' title='bbox 985 2295 1074 2321; x_wconf 89' lang='lat' dir='ltr'>sunt</span> <span class='ocrx_word' id='word_1_271' title='bbox 1108 2285 1383 2321; x_wconf 86' lang='lat' dir='ltr'>conclusiones</span> <span class='ocrx_word' id='word_1_272' title='bbox 1421 2284 1689 2332; x_wconf 84' lang='lat' dir='ltr'>pulcherrime</span> 
     </span>
     <span class='ocr_line' id='line_1_43' title="bbox 380 2341 1745 2391; baseline -0.002 -12"><span class='ocrx_word' id='word_1_273' title='bbox 380 2356 421 2379; x_wconf 81' lang='lat' dir='ltr'>ex</span> <span class='ocrx_word' id='word_1_274' title='bbox 457 2343 532 2379; x_wconf 79' lang='lat' dir='ltr'>fide</span> <span class='ocrx_word' id='word_1_275' title='bbox 565 2344 897 2380; x_wconf 84' lang='lat' dir='ltr'>demonstrabiles</span> <span class='ocrx_word' id='word_1_276' title='bbox 931 2353 967 2380; x_wconf 93' lang='lat' dir='ltr'>et</span> <span class='ocrx_word' id='word_1_277' title='bbox 1000 2342 1215 2379; x_wconf 87' lang='lat' dir='ltr'>instancias</span> <span class='ocrx_word' id='word_1_278' title='bbox 1247 2343 1453 2391; x_wconf 89' lang='lat' dir='ltr'>oppositas</span> <span class='ocrx_word' id='word_1_279' title='bbox 1486 2341 1599 2378; x_wconf 88' lang='lat' dir='ltr'>facile</span> <span class='ocrx_word' id='word_1_280' title='bbox 1632 2344 1745 2377; x_wconf 77' lang='lat' dir='ltr'>est35</span> 
     </span>
     <span class='ocr_line' id='line_1_44' title="bbox 381 2401 722 2437; baseline 0 -1"><span class='ocrx_word' id='word_1_281' title='bbox 381 2401 536 2437; x_wconf 77' lang='lat' dir='ltr'>fidelem</span> <span class='ocrx_word' id='word_1_282' title='bbox 571 2402 722 2437; x_wconf 87' lang='lat' dir='ltr'>tollere.</span> 
     </span>
    </p>

    <p class='ocr_par' dir='ltr' id='par_1_9' title="bbox 381 2456 1688 2619">
     <span class='ocr_line' id='line_1_45' title="bbox 436 2456 1688 2507; baseline -0.002 -13"><span class='ocrx_word' id='word_1_283' title='bbox 436 2460 616 2505; x_wconf 73' lang='lat' dir='ltr'>Arguunt</span> <span class='ocrx_word' id='word_1_284' title='bbox 649 2458 752 2495; x_wconf 86' lang='lat' dir='ltr'>enim</span> <span class='ocrx_word' id='word_1_285' title='bbox 788 2460 894 2507; x_wconf 91' lang='lat' dir='ltr'>quod</span> <span class='ocrx_word' id='word_1_286' title='bbox 928 2460 1117 2495; x_wconf 86' lang='lat' dir='ltr'>debemus</span> <span class='ocrx_word' id='word_1_287' title='bbox 1150 2458 1384 2494; x_wconf 88' lang='lat' dir='ltr'>tribulantes</span> <span class='ocrx_word' id='word_1_288' title='bbox 1422 2470 1494 2494; x_wconf 86' lang='lat' dir='ltr'>nos</span> <span class='ocrx_word' id='word_1_289' title='bbox 1527 2456 1688 2504; x_wconf 82' lang='lat' dir='ltr'>diligere</span> 
     </span>
     <span class='ocr_line' id='line_1_46' title="bbox 381 2514 1686 2564; baseline -0.002 -12"><span class='ocrx_word' id='word_1_290' title='bbox 381 2526 416 2552; x_wconf 79' lang='lat' dir='ltr'>et</span> <span class='ocrx_word' id='word_1_291' title='bbox 469 2530 540 2563; x_wconf 83' lang='lat' dir='ltr'>pro</span> <span class='ocrx_word' id='word_1_292' title='bbox 591 2516 685 2564; x_wconf 88' lang='lat' dir='ltr'>ipsis</span> <span class='ocrx_word' id='word_1_293' title='bbox 735 2526 941 2564; x_wconf 86' lang='lat' dir='ltr'>tamquam</span> <span class='ocrx_word' id='word_1_294' title='bbox 989 2516 1309 2552; x_wconf 84' lang='lat' dir='ltr'>benefactoribus</span> <span class='ocrx_word' id='word_1_295' title='bbox 1354 2527 1529 2560; x_wconf 81' lang='lat' dir='ltr'>exorare,</span> <span class='ocrx_word' id='word_1_296' title='bbox 1581 2514 1686 2562; x_wconf 89' lang='lat' dir='ltr'>quod</span> 
     </span>
     <span class='ocr_line' id='line_1_47' title="bbox 381 2573 1685 2619; baseline -0.003 -9"><span class='ocrx_word' id='word_1_297' title='bbox 381 2586 514 2610; x_wconf 81' lang='lat' dir='ltr'>verum</span> <span class='ocrx_word' id='word_1_298' title='bbox 563 2584 631 2619; x_wconf 63' lang='lat' dir='ltr'>est,</span> <span class='ocrx_word' id='word_1_299' title='bbox 679 2587 768 2610; x_wconf 88' lang='lat' dir='ltr'>cum</span> <span class='ocrx_word' id='word_1_300' title='bbox 814 2575 928 2610; x_wconf 87' lang='lat' dir='ltr'>aliter</span> <span class='ocrx_word' id='word_1_301' title='bbox 975 2573 1156 2610; x_wconf 85' lang='lat' dir='ltr'>Christus</span> <span class='ocrx_word' id='word_1_302' title='bbox 1203 2586 1283 2609; x_wconf 88' lang='lat' dir='ltr'>non</span> <span class='ocrx_word' id='word_1_303' title='bbox 1329 2582 1507 2610; x_wconf 83' lang='lat' dir='ltr'>vocasset</span> <span class='ocrx_word' id='word_1_304' title='bbox 1545 2573 1685 2608; x_wconf 79' lang='lat' dir='ltr'>Judam</span> 
     </span>
    </p>
   </div>
   <div class='ocr_carea' id='block_1_7' title="bbox 382 2716 1684 2787">
    <p class='ocr_par' dir='ltr' id='par_1_10' title="bbox 382 2716 1684 2787">
     <span class='ocr_line' id='line_1_48' title="bbox 451 2716 1684 2754; baseline -0.003 -8"><span class='ocrx_word' id='word_1_305' title='bbox 451 2727 490 2746; x_wconf 77' lang='lat' dir='ltr'>io.</span> <span class='ocrx_word' id='word_1_306' title='bbox 513 2720 599 2753; x_wconf 66' lang='lat' dir='ltr'>Apus</span> <span class='ocrx_word' id='word_1_307' title='bbox 588 2719 699 2745; x_wconf 64' lang='lat' dir='ltr'>stolus:</span> <span class='ocrx_word' id='word_1_308' title='bbox 722 2719 858 2754; x_wconf 63' lang='lat' dir='ltr'>squitur</span> <span class='ocrx_word' id='word_1_309' title='bbox 881 2719 997 2745; x_wconf 73' lang='lat' dir='ltr'>Iacuni</span> <span class='ocrx_word' id='word_1_310' title='bbox 1062 2727 1094 2745; x_wconf 79' lang='lat'>11.</span> <span class='ocrx_word' id='word_1_311' title='bbox 1119 2718 1237 2745; x_wconf 81' lang='lat' dir='ltr'>l&#39;salmo</span> <span class='ocrx_word' id='word_1_312' title='bbox 1259 2719 1396 2753; x_wconf 72' lang='lat' dir='ltr'>sequitur</span> <span class='ocrx_word' id='word_1_313' title='bbox 1418 2718 1532 2745; x_wconf 73' lang='lat' dir='ltr'>lacuna.</span> <span class='ocrx_word' id='word_1_314' title='bbox 1589 2725 1632 2752; x_wconf 33' lang='lat'>27⁴</span> <span class='ocrx_word' id='word_1_315' title='bbox 1656 2716 1684 2743; x_wconf 79' lang='lat' dir='ltr'>ln</span> 
     </span>
     <span class='ocr_line' id='line_1_49' title="bbox 382 2741 910 2787; baseline 0 -8"><span class='ocrx_word' id='word_1_316' title='bbox 382 2762 495 2787; x_wconf 52' lang='lat' dir='ltr'>marg:</span> <span class='ocrx_word' id='word_1_317' title='bbox 519 2762 552 2779; x_wconf 77' lang='grc' dir='ltr'>ιι.</span> <span class='ocrx_word' id='word_1_318' title='bbox 629 2753 672 2787; x_wconf 76' lang='lat'>37</span> <span class='ocrx_word' id='word_1_319' title='bbox 698 2741 725 2779; x_wconf 70' lang='lat' dir='ltr'>Iti</span> <span class='ocrx_word' id='word_1_320' title='bbox 750 2762 788 2779; x_wconf 85' lang='lat' dir='ltr'>m</span> <span class='ocrx_word' id='word_1_321' title='bbox 791 2762 861 2786; x_wconf 48' lang='lat' dir='ltr'>ir„</span> <span class='ocrx_word' id='word_1_322' title='bbox 856 2775 861 2780; x_wconf 88' lang='grc'><strong>.</strong></span> <span class='ocrx_word' id='word_1_323' title='bbox 885 2763 910 2779; x_wconf 78' lang='lat' dir='ltr'>a.</span> 
     </span>
    </p>
   </div>
   <div class='ocr_carea' id='block_1_8' title="bbox 433 2834 1685 2878">
    <p class='ocr_par' dir='ltr' id='par_1_11' title="bbox 433 2834 1685 2878">
     <span class='ocr_line' id='line_1_50' title="bbox 433 2834 1685 2878; baseline -0.001 -11"><span class='ocrx_word' id='word_1_324' title='bbox 433 2836 706 2875; x_wconf 69' lang='lat' dir='ltr'>10.R0m.Vlll,</span> <span class='ocrx_word' id='word_1_325' title='bbox 727 2836 780 2868; x_wconf 63' lang='lat'>1³3.</span> <span class='ocrx_word' id='word_1_326' title='bbox 860 2847 907 2868; x_wconf 77' lang='lat'>12.</span> <span class='ocrx_word' id='word_1_327' title='bbox 928 2837 1055 2867; x_wconf 71' lang='lat' dir='ltr'>Psalm.</span> <span class='ocrx_word' id='word_1_328' title='bbox 1075 2837 1212 2872; x_wconf 76' lang='lat' dir='ltr'>CXXV.</span> <span class='ocrx_word' id='word_1_329' title='bbox 1233 2836 1263 2867; x_wconf 71' lang='lat'>6.</span> <span class='ocrx_word' id='word_1_330' title='bbox 1342 2847 1390 2878; x_wconf 88' lang='lat'>¹7·</span> <span class='ocrx_word' id='word_1_331' title='bbox 1420 2836 1520 2866; x_wconf 84' lang='lat' dir='ltr'>Rom.</span> <span class='ocrx_word' id='word_1_332' title='bbox 1541 2834 1613 2873; x_wconf 85' lang='lat' dir='ltr'>XII,</span> <span class='ocrx_word' id='word_1_333' title='bbox 1638 2845 1685 2866; x_wconf 81' lang='lat'>¹2.</span> 
     </span>
    </p>
   </div>
   <div class='ocr_carea' id='block_1_9' title="bbox 385 2881 1637 2926">
    <p class='ocr_par' dir='ltr' id='par_1_12' title="bbox 385 2881 1637 2926">
     <span class='ocr_line' id='line_1_51' title="bbox 385 2881 1637 2926; baseline -0.002 -12"><span class='ocrx_word' id='word_1_334' title='bbox 385 2891 435 2926; x_wconf 57' lang='grc' dir='ltr'>Ξῖ.</span> <span class='ocrx_word' id='word_1_335' title='bbox 466 2884 566 2913; x_wconf 69' lang='lat' dir='ltr'>Rom.</span> <span class='ocrx_word' id='word_1_336' title='bbox 597 2883 667 2921; x_wconf 78' lang='lat' dir='ltr'>Xll,</span> <span class='ocrx_word' id='word_1_337' title='bbox 695 2894 746 2914; x_wconf 84' lang='lat'>12:</span> <span class='ocrx_word' id='word_1_338' title='bbox 780 2882 945 2914; x_wconf 65' lang='lat' dir='ltr'>Orationi</span> <span class='ocrx_word' id='word_1_339' title='bbox 973 2884 1146 2914; x_wconf 63' lang='lat' dir='ltr'>instantes·</span> <span class='ocrx_word' id='word_1_340' title='bbox 1256 2882 1307 2913; x_wconf 62' lang='lat'>31.</span> <span class='ocrx_word' id='word_1_341' title='bbox 1336 2882 1356 2913; x_wconf 94' lang='lat' dir='ltr'>I.</span> <span class='ocrx_word' id='word_1_342' title='bbox 1378 2881 1504 2912; x_wconf 67' lang='lat' dir='ltr'>Thess.</span> <span class='ocrx_word' id='word_1_343' title='bbox 1524 2882 1564 2920; x_wconf 81' lang='lat' dir='ltr'>V,</span> <span class='ocrx_word' id='word_1_344' title='bbox 1591 2891 1637 2922; x_wconf 59' lang='grc' dir='ltr'>πῖ.</span> 
     </span>
    </p>
   </div>
  </div>
 </body>
</html>
