1944 3323
164 941 231 967 (iod
254 949 329 975 gave
352 941 433 967 trull}

162 975 220 1002 and
246 976 302 1001 law
327 976 354 1002 iu
377 975 435 1002 duc

220 1018 370 1037 measure.

741 251 962 284 JOHANNIS
981 252 1165 285 wvcrur
1183 254 1436 289 SERMONUM
1473 242 1624 300 [SERMO
1639 255 1761 284 xxxn.

453 359 623 399 codices,
664 357 849 394 basilicas
890 366 926 394 et
959 358 1057 395 alias
1091 359 1287 397 novitates
1321 361 1359 397 in
1393 362 1513 409 signis
1547 363 1763 401 mortiferis

453 429 497 453 ac
529 415 785 464 religionibus
816 416 1044 463 evangelico
1068 429 1188 465 opere
1213 419 1483 466 pretermisso.
1519 421 1763 458 Conceditur

453 487 545 521 crgo
586 475 692 522 quod
732 482 821 521 post
863 474 1110 521 evangelium
1145 477 1310 513 Matthei
1350 490 1510 514 necesse
1549 478 1620 515 fuit
1653 480 1761 528 (quia

451 532 681 568 ordinatum
716 544 737 567 a
771 532 918 568 Sancto
952 532 1117 580 Spiritu)
1151 543 1192 569 ut
1215 534 1292 571 tria
1320 535 1536 584 sequencia
1559 537 1761 585 evangelia

451 591 695 626 adderentur
740 598 777 625 et
821 598 911 637 post
958 590 1024 626 illa
1075 603 1214 628 omnes
1268 592 1435 641 epistole
1481 594 1794 642 apostolorum5

451 647 642 684 canonice
676 660 722 684 ac
746 655 858 684 actus
891 648 1167 696 apostolorum
1203 662 1292 686 cum
1317 652 1573 700 Apocalypsi,
1609 661 1646 689 et
1670 665 1758 689 cum

451 705 622 753 Spiritus
670 706 838 742 Sanctus
883 718 963 742 non
1009 707 1114 743 ultra
1159 709 1427 755 progreditur,
1468 709 1521 746 ibi
1566 709 1673 747 siste.
1720 711 1761 748 Si

450 772 583 799 autem
618 775 661 799 ex
691 762 767 800 fide
795 762 967 811 Spiritus
996 765 1165 801 Sanctus
1199 766 1379 803 docuerit
1409 767 1590 804 homines
1623 768 1761 817 postil-

450 822 544 866 lare,
585 820 801 858 admittant
834 821 977 870 quibus
1016 822 1058 858 fit
1100 822 1190 859 talis
1230 824 1426 861 revelacio
1459 825 1760 873 postillaciones

451 878 700 924 huiusmodi3
736 887 772 915 et
804 878 859 915 sic
893 880 940 915 de
973 879 1060 916 aliis
1093 880 1207 917 factis
1241 881 1407 919 ecclesie
1442 882 1666 920 militantis.
1780 896 1818 917 10

509 936 718 973 Credimus
758 947 889 974 autem
931 949 973 973 ex
1013 937 1090 974 fide
1129 940 1235 987 quod
1274 939 1366 976 licet
1405 949 1489 977 tota
1533 941 1678 978 veritas
1724 950 1761 978 et

450 995 509 1030 lex
543 994 614 1030 Dei
653 994 703 1031 sit
748 994 786 1031 in
834 995 1036 1042 prioribus
1080 996 1239 1044 scriptis
1285 998 1509 1046 evangelice
1553 998 1759 1047 implicite,

451 1054 556 1088 Deus
594 1060 729 1089 tamen
770 1052 1000 1090 eternaliter
1039 1054 1239 1091 ordinavit
1272 1057 1379 1103 quod
1419 1056 1496 1092 sint
1540 1058 1759 1093 secundum

450 1109 559 1146 illam
603 1123 829 1147 mensuram
869 1112 970 1147 adeo
1008 1111 1214 1160 implicite.
1272 1114 1320 1150 Et
1361 1127 1448 1150 cum
1485 1116 1589 1151 Deus
1629 1114 1761 1163 posuit

451 1167 587 1204 omnia
638 1181 761 1216 opera
815 1182 885 1205 sua
930 1169 969 1205 in
1013 1182 1197 1216 numero,
1246 1172 1422 1219 pondere
1476 1181 1513 1209 et
1558 1176 1815 1219 mensura,15

451 1225 721 1262 Antichristus
762 1240 851 1263 cum
891 1227 971 1263 suis
1011 1227 1215 1275 discipulis
1254 1229 1424 1266 fabricat
1457 1230 1604 1267 cotidie
1636 1243 1760 1267 novas

451 1283 671 1331 scripturas
695 1298 792 1333 quas
817 1284 912 1320 dicit
936 1285 1162 1333 equivalere
1186 1286 1382 1335 scripture
1411 1300 1524 1324 sacre
1546 1289 1606 1324 vel
1630 1288 1758 1336 ipsam

450 1343 733 1389 superaddere,
773 1355 818 1379 ac
856 1342 886 1379 si
926 1344 1042 1380 vellet
1081 1344 1324 1381 constituere
1361 1358 1506 1382 novum
1549 1347 1757 1382 mundum.

450 1401 579 1435 Verba
619 1409 752 1436 autem
793 1400 940 1436 Christi
980 1410 1169 1450 superant
1208 1402 1248 1438 in
1282 1415 1480 1449 mensura,
1520 1416 1689 1441 numero
1722 1413 1759 1441 et

450 1458 628 1505 pondere
678 1457 871 1494 fabricam
925 1458 1040 1495 huius
1085 1459 1243 1505 mundi;
1298 1469 1334 1497 et
1378 1461 1434 1497 sic
1480 1463 1527 1498 de
1571 1461 1759 1498 omnibus
1776 1474 1817 1496 20

450 1515 599 1551 notulis
621 1529 719 1564 quas
742 1529 881 1552 omnes
904 1515 1150 1553 instituendo
1174 1518 1352 1554 inserunt
1375 1519 1434 1555 vel
1457 1532 1579 1556 novas
1603 1521 1758 1568 regulas

450 1573 684 1610 fabricando
727 1575 787 1610 vel
832 1587 955 1611 novos
999 1575 1097 1611 ritus
1144 1585 1212 1612 aut
1255 1576 1427 1613 fabricas
1471 1577 1655 1614 faciendo
1698 1579 1758 1614 vel

450 1630 641 1679 quicquid
680 1631 788 1668 aliud
831 1632 1034 1669 mundiale
1072 1635 1291 1670 secundum
1333 1636 1578 1672 mundanam
1612 1635 1757 1672 sollici-

449 1689 627 1725 tudinem
652 1690 913 1737 providendo.
950 1691 989 1726 Si
1022 1691 1061 1726 in
1095 1691 1262 1737 clericis,
1296 1692 1400 1740 sapit
1433 1693 1754 1730 subtraccionem

449 1746 742 1794 predicacionis
764 1749 824 1784 vel
847 1747 1099 1796 implecionis
1124 1749 1254 1797 operis
1277 1750 1373 1798 legis
1398 1750 1468 1787 Dei
1494 1760 1530 1787 et
1564 1752 1611 1787 de
1643 1759 1755 1787 tanto
1773 1754 1812 1785 25

448 1805 658 1852 superfluit
681 1814 888 1854 tamquam
924 1806 1134 1854 culpabile,
1170 1816 1206 1843 et
1230 1807 1331 1844 sicut
1360 1808 1434 1844 ista
1467 1810 1602 1856 regula
1636 1809 1756 1845 extin-

449 1871 585 1910 gueret
625 1863 936 1899 sollicitudinem
977 1865 1262 1912 temporalium
1305 1865 1342 1901 in
1376 1866 1681 1913 possessionatis
1713 1875 1756 1902 ut

448 1920 487 1956 in
532 1920 778 1957 secularibus
824 1930 860 1957 et
905 1921 1072 1967 clericis,
1120 1922 1175 1959 sic
1221 1923 1463 1971 extingueret
1508 1925 1753 1960 mundanam

448 1977 758 2015 sollicitudinem
794 1979 833 2014 in
865 1979 1168 2029 quibuscunque
1207 1981 1385 2029 collegiis
1423 1981 1661 2018 secularium
1695 1983 1755 2018 vel

448 2036 721 2072 claustralium
746 2036 812 2085 qui
846 2045 1010 2085 propter
1033 2038 1345 2086 occupacionem
1380 2039 1418 2074 in
1442 2039 1587 2076 talibus
1619 2053 1755 2088 super-
1772 2041 1813 2073 30

448 2094 536 2129 fluis
575 2096 623 2130 ab
662 2107 783 2143 opere
824 2095 1014 2143 evangelii
1055 2096 1251 2133 ociantur.
1301 2099 1349 2133 Et
1387 2096 1442 2133 sic
1476 2097 1755 2134 considerante

447 2153 664 2199 prudenter
687 2152 833 2189 Christi
858 2153 1055 2201 discipulo
1087 2163 1178 2202 post
1211 2154 1526 2202 complecionem
1559 2155 1754 2203 scripture

447 2218 489 2245 ut
530 2209 668 2246 mundi
708 2210 859 2247 fabrica
898 2219 1035 2247 utatur
1074 2212 1140 2248 illa
1180 2225 1253 2260 pro
1292 2214 1427 2260 regula
1459 2213 1517 2249 sui
1551 2213 1684 2261 operis
1717 2222 1754 2250 et

447 2267 649 2315 extinguat
688 2277 879 2316 quantum
922 2269 1067 2305 sufficit
1111 2283 1233 2307 novas
1270 2270 1421 2319 species
1464 2271 1652 2307 ordinum
1695 2272 1755 2307 vel

447 2325 736 2373 scripturarum
766 2322 771 2378 Ι
800 2339 875 2374 que
925 2340 1003 2363 non
1055 2328 1256 2364 elucidant
1304 2337 1424 2377 atque
1465 2328 1660 2365 facilitant
1712 2341 1754 2365 ex

448 2383 724 2431 complecione
778 2383 909 2432 operis
960 2385 1056 2432 legis
1106 2386 1177 2422 Dei
1228 2388 1278 2422 ad
1329 2386 1412 2423 eius
1464 2386 1752 2423 sufficienciam

447 2441 752 2487 declarandam3
794 2451 830 2478 et
863 2441 917 2478 ita
956 2442 1057 2479 sicut
1091 2443 1264 2480 carnalis
1298 2445 1442 2492 copula
1476 2453 1583 2481 extra
1616 2443 1753 2480 matri-

449 2498 625 2534 monium
651 2500 709 2535 vel
739 2499 1007 2536 intencionem
1032 2501 1330 2549 procreacionis
1354 2503 1403 2538 ad
1428 2502 1750 2539 constituendum

445 2557 623 2592 seculum
659 2565 716 2593 est
749 2558 1018 2606 dampnabilis
1049 2559 1163 2595 nobis
1195 2559 1330 2608 lapsis,
1362 2559 1417 2596 sic
1450 2560 1752 2609 quodammodo

446 2613 564 2650 sentit
603 2615 823 2652 catholicus
863 2617 910 2652 de
949 2616 1169 2665 scripturis.
1218 2617 1332 2653 Multi
1366 2617 1470 2654 enim
1503 2617 1808 2659 fornicantur4o

1773 2307 1844 2339 Fol.

1772 2352 1848 2395 267c

514 2755 539 2774 2.
562 2748 656 2775 Cod.:
678 2749 870 2782 evangelicis.
984 2756 1011 2776 o.
1034 2749 1128 2777 Cod.:
1150 2750 1353 2785 Apocolypsi.
1461 2750 1501 2778 25.
1524 2749 1618 2778 Cod.:
1641 2758 1749 2784 opere3

446 2782 485 2809 ib.
508 2782 602 2810 Cod.:
624 2787 651 2809 et
671 2783 765 2810 deest.
838 2782 883 2816 34.
907 2783 1001 2811 Cod.:
1023 2784 1209 2819 continguat.

521 2866 568 2897 13.
596 2865 647 2897 Cf.
668 2865 874 2908 Trialogum
903 2867 922 2898 l.
950 2877 976 2898 c.
