1944 3323
211 1024 278 1051 Our
298 1023 427 1062 prelates

202 1066 269 1085 aare
290 1059 365 1085 little
385 1061 433 1085 tor

226 1094 308 1119 these
329 1093 410 1127 gifts.

750 274 972 305 JOHANNIS
990 273 1172 305 wvcrir
1191 273 1446 305 SERMONUM
1486 260 1636 317 [SERMO
1658 270 1781 298 xxxv.

474 380 605 416 anime
645 379 787 428 quibus
826 378 1028 427 diligimus
1067 388 1103 416 et
1143 392 1232 416 cum
1276 378 1594 416 circumstanciis
1639 379 1781 416 debitis

474 438 743 474 delcetamurr
777 438 889 484 Opus
923 445 1055 473 autem
1091 437 1355 474 extrinsecum
1390 438 1497 486 quod
1530 438 1579 473 ab
1612 436 1688 473 illis
1721 450 1782 473 ex-

474 495 658 543 equimur
688 496 835 531 nedum
860 503 917 530 est
939 494 1053 531 nobis
1076 504 1215 531 notum
1241 497 1308 531 sed
1333 495 1514 543 proximo
1539 494 1782 540 conviventi3

474 562 510 589 et
549 553 665 589 istam
706 552 1075 589 consideracionem
1117 566 1259 615 parum
1309 553 1474 601 palpant
1518 552 1697 601 episcopi
1746 561 1782 589 et

474 610 701 673 quicunque
741 610 807 646 alii
847 609 914 657 qui
961 622 1052 646 cece
1091 620 1181 646 sunt
1226 611 1263 646 in
1310 623 1447 648 am01e
1494 609 1815 658 temporaliumS

474 668 653 704 imoluti.
688 670 735 703 Et
758 677 895 704 tamen
926 667 997 704 iste
1026 669 1235 704 thesamus
1259 668 1391 704 anime
1415 677 1471 705 est
1500 665 1503 719 Ι
1533 668 1783 716 prestancior
1800 659 1875 691 ¹⁷⁰¹·

473 738 518 761 ac
562 725 838 762 delectabilior
882 738 1002 773 quam
1055 725 1186 762 omnis
1239 726 1409 774 pecunia
1455 727 1515 762 vel
1560 725 1781 774 corpoialis
1799 704 1880 749 ²7⁰

471 784 682 820 thesaurus
715 796 833 831 quem
868 784 986 820 habet
1018 783 1162 831 aliquis
1186 783 1293 820 dixes
1326 784 1461 820 seculi.
1495 787 1595 820 Nam
1631 796 1673 820 ex
1706 784 1782 820 fide

472 850 509 877 et
554 840 903 878 demonstracione
949 841 1090 877 deduci
1143 841 1290 889 poterit
1341 843 1446 889 quod
1501 841 1574 878 iste
1626 841 1781 878 celestis

472 900 681 935 thesaurus
705 899 904 935 infinitum
932 899 1181 947 prestancior
1205 899 1440 936 calefaceret
1465 899 1689 945 ecclesiam,
1714 899 1780 935 ubi
1800 912 1839 933 10

473 957 574 993 alius
607 958 818 993 thesaurus
851 965 932 993 tam
975 957 1150 1005 prelatos
1183 970 1302 1005 quam
1342 957 1543 993 subiectos
1581 956 1779 1004 frigifacit.

528 1017 576 1050 Et
600 1016 671 1051 hec
704 1014 813 1051 racio
837 1027 960 1063 quare
993 1027 1063 1062 per
1085 1014 1298 1051 divisiones
1331 1024 1367 1051 et
1401 1015 1602 1051 anfractus
1624 1023 1780 1051 tantum

471 1073 590 1109 hodie
630 1072 952 1109 discontinuatur
991 1072 1178 1119 ecclesia3
1222 1086 1302 1109 non
1348 1072 1452 1110 enim
1498 1072 1781 1121 appreciamur

472 1132 577 1168 dona
606 1130 778 1179 Spiritus
808 1130 943 1167 Sancti
977 1132 1045 1167 sed
1067 1132 1349 1167 Terremotum
1379 1144 1449 1179 per
1478 1131 1588 1167 cuius
1618 1130 1781 1179 spiritus

452 1188 646 1225 inclusos
680 1188 878 1236 expiratos
911 1201 978 1224 aer
1010 1188 1186 1225 inficitur
1219 1197 1255 1225 et
1288 1189 1522 1237 peiorantur
1545 1201 1781 1237 quecunque
1802 1191 1837 1222 15

471 1246 666 1287 vivenciaz
707 1258 825 1294 super
863 1255 1011 1282 terram
1052 1255 1186 1283 autem
1225 1256 1426 1283 terrenam
1471 1246 1680 1283 victoriam
1726 1246 1781 1282 af-

471 1304 618 1341 fectant
665 1304 792 1341 eciam
845 1304 988 1352 prelati
1038 1304 1202 1341 ecclesie
1255 1314 1291 1340 et
1346 1306 1393 1341 de
1444 1304 1611 1341 victoria
1661 1317 1780 1352 super

472 1363 652 1399 hostibus
681 1361 957 1410 spiritualibus
987 1362 1047 1398 vel
1070 1363 1117 1398 de
1141 1362 1256 1398 donis
1282 1362 1417 1399 Sancti
1442 1362 1614 1410 Spiritus
1637 1375 1778 1410 parum

471 1422 657 1467 gaudent.
691 1422 739 1456 Et
763 1432 852 1456 cum
887 1420 989 1456 sicut
1011 1432 1078 1456 aer
1100 1420 1275 1456 inclusus
1309 1420 1348 1455 in
1381 1420 1556 1470 homine,
1588 1420 1626 1455 in
1660 1429 1780 1468 puteo

471 1479 531 1514 vel
581 1486 781 1515 cateracta
831 1479 1103 1523 subterranea,
1156 1478 1249 1526 quia
1294 1487 1402 1514 caret
1446 1477 1714 1514 irradiacione
1758 1489 1837 1513 azo

470 1537 554 1572 sole
587 1545 624 1572 et
647 1536 788 1572 ceteris
822 1536 937 1572 astris
971 1536 1193 1581 celestibus,
1227 1536 1361 1572 statim
1395 1535 1521 1572 inficit
1544 1535 1778 1583 inspiratus:

471 1594 526 1630 sic
559 1607 659 1642 opus
692 1593 897 1642 spirituale
931 1595 1079 1630 bonurn
1117 1595 1164 1630 de
1196 1606 1339 1641 genere
1373 1593 1447 1630 nisi
1483 1596 1588 1630 Deus
1621 1593 1779 1630 assistat

470 1664 540 1700 per
589 1652 764 1699 graciam
817 1653 964 1688 docens
1014 1651 1342 1688 circumstancias
1393 1651 1603 1697 virtuosas,
1654 1651 1780 1687 inficit

471 1709 702 1746 interiorem
756 1709 958 1746 hominem
1006 1718 1042 1745 et
1086 1709 1266 1746 dividens
1310 1718 1458 1746 terram
1504 1722 1574 1758 per
1625 1718 1778 1745 motum

472 1767 554 1804 eius
597 1767 865 1804 innaturalem
906 1767 1100 1815 demergit
1140 1767 1319 1803 animum
1365 1769 1415 1804 acl
1460 1767 1677 1813 infernum3
1723 1766 1835 1803 sic25

471 1826 575 1861 enirn
615 1833 750 1874 aperta
793 1833 847 1862 est
887 1833 993 1861 terra
1035 1834 1071 1861 et
1117 1825 1323 1873 deglutivit
1363 1827 1493 1862 Datan
1539 1834 1575 1861 et
1620 1823 1778 1873 operuit

472 1883 827 1931 congregacionem
854 1882 1017 1918 Abiron.
1053 1885 1100 1918 Et
1134 1882 1286 1919 utinam
1322 1883 1395 1919 iste
1428 1892 1589 1919 eventus
1622 1882 1661 1918 in
1694 1883 1777 1930 lege

469 1941 592 1977 veteri
625 1954 704 1977 non
737 1941 947 1988 prestituat
980 1940 1019 1976 in
1057 1941 1141 1988 lege
1179 1941 1311 1988 gracie
1350 1949 1511 1977 eventus
1550 1940 1778 1977 consimiles

472 1999 512 2035 in
546 1999 722 2047 prefatis.

526 2057 666 2093 Talem
701 2065 834 2093 autem
868 2055 1171 2092 similitudinem
1205 2055 1557 2103 experimentalem
1587 2057 1635 2092 de
1664 2055 1778 2092 donis
1794 2057 1836 2089 30

471 2114 607 2151 Sancti
640 2114 811 2162 Spiritus
845 2115 1068 2150 habuerunt
1106 2113 1277 2161 apostoli
1316 2122 1398 2149 tam
1437 2115 1486 2149 ad
1520 2113 1624 2150 intra
1656 2127 1776 2162 quam

471 2174 521 2208 ad
555 2181 681 2217 extra:
715 2172 804 2208 ideo
838 2171 933 2208 dicit
965 2172 1186 2208 Johannes:
1220 2172 1272 2207 Et
1310 2184 1377 2207 nos
1411 2171 1575 2208 vidimus
1606 2179 1641 2208 et
1672 2172 1776 2207 testi-

459 2230 634 2280 ficamur
672 2230 848 2279 quoniam
888 2230 1006 2266 Pater
1050 2229 1151 2265 misit
1187 2229 1329 2265 Filium
1375 2241 1499 2275 suum,
1543 2230 1777 2266 salvatorem

470 2288 614 2325 mundi.
647 2287 831 2336 Apostoli
854 2287 1016 2335 quidem
1048 2287 1269 2324 conversati
1301 2299 1391 2323 cum
1415 2287 1573 2324 Christo
1595 2286 1778 2323 viderunt

470 2345 601 2394 ipsum
626 2358 672 2382 ac
696 2345 778 2381 eius
810 2344 1011 2381 mirabilia
1036 2346 1153 2381 oculo
1183 2343 1405 2393 corporali3
1438 2344 1622 2382 viderunt
1651 2344 1776 2381 eciam
1795 2345 1835 2378 35

472 2403 591 2439 fidem
614 2404 732 2439 oculo
756 2402 919 2439 mentali
942 2403 1134 2439 sincerius
1157 2415 1276 2451 quam
1302 2402 1435 2439 vident
1457 2402 1609 2439 viantes
1639 2402 1776 2441 hodie:

472 2461 583 2497 cuius
615 2460 808 2509 probacio
841 2470 897 2496 est
920 2462 1028 2509 quod
1058 2460 1258 2497 efficacius
1292 2469 1328 2497 et
1352 2460 1553 2508 copiosius
1575 2459 1776 2497 testificati

471 2527 562 2554 sunt
602 2517 767 2555 ecclesie
807 2518 926 2554 fidem
967 2517 1076 2554 illam
1117 2527 1153 2554 et
1196 2517 1409 2566 utrobique
1454 2519 1633 2554 rutulant
1672 2519 1776 2555 dona

471 2575 642 2624 Spiritus
683 2576 832 2613 Sancti.
885 2578 965 2612 Nos
1009 2584 1141 2612 autem
1192 2575 1284 2612 licet
1334 2575 1711 2624 impossibilitamur
1755 2588 1775 2611 a

540 2728 564 2747 2.
580 2720 674 2747 Coa:
697 2720 912 2748 extrincecum.
975 2727 1016 2747 22.
1033 2719 1127 2748 Cod.:
1149 2721 1236 2756 quasi
1252 2721 1345 2748 Deus.
1402 2729 1445 2755 27.
1462 2720 1555 2748 Cod.:
1576 2720 1625 2748 isti
1642 2725 1776 2747 eventus.

470 2754 514 2781 28.
537 2755 632 2782 Coa:
655 2755 801 2789 prestitet.

547 2848 595 2876 14.
642 2838 800 2869 Concilio
840 2838 1090 2870 Terraemotus
1129 2839 1237 2876 (anno
1282 2838 1381 2879 1382)
1419 2838 1485 2869 hoc
1531 2839 1608 2869 loco
1654 2838 1777 2880 procul

471 2884 578 2916 dubio
607 2885 771 2916 innuitur.
869 2886 921 2918 2fu.
949 2886 1053 2917 Num.
1081 2886 1171 2926 XVI,
1199 2885 1251 2916 32.
1348 2885 1401 2917 32.
1430 2885 1452 2916 1.
1478 2884 1554 2916 Joh.
1581 2885 1638 2923 IV,
1671 2895 1718 2925 ¹4.
