1944 3323
111 870 148 892 10

110 1151 146 1183 15

109 1452 148 1472 20

108 1734 146 1765 25

107 2024 148 2056 30

76 2071 149 2121 Fol.

164 223 300 253 senno
321 213 400 270 xe]
649 225 823 257 TERTm
853 225 980 257 PARs.

165 334 436 370 communiter
474 333 621 370 dicitur
661 333 744 369 fieri
785 332 868 369 sine
904 334 1000 378 Deo,
1044 334 1119 369 hoc
1165 342 1236 378 est,
1275 332 1359 369 sine
1405 333 1479 368 hoc

165 393 272 439 quod
307 394 413 428 Deus
445 391 539 428 velit
571 391 701 439 ipsum
740 390 838 427 fieri.
873 392 920 426 Et
954 390 983 426 si
1019 390 1192 427 obicitur
1226 391 1334 439 quod
1359 393 1478 435 Deus,

163 450 335 486 volendo
358 451 600 486 antecedens
616 449 902 497 cuiuscunque,
919 449 1001 485 vult
1017 457 1054 485 et
1069 449 1198 497 ipsum
1217 460 1478 497 consequenS,

164 516 202 544 et
233 507 263 543 si
287 508 371 544 vult
403 520 525 544 unum
561 506 899 553 convertibilium,
933 507 1017 543 vult
1050 516 1087 543 et
1119 506 1340 556 reliquum3
1376 508 1481 543 Deus

164 577 259 614 ergo
297 566 434 603 volens
473 565 583 602 illam
625 565 958 602 consuetudinem
995 565 1058 602 vel
1097 577 1260 602 causam
1306 564 1480 614 primam

163 636 240 672 que
267 623 483 661 necessitat
505 625 555 660 ad
585 624 835 672 peccandum
866 624 950 660 vult
981 631 1018 660 et
1042 635 1292 672 consequens
1322 623 1481 660 illatum

164 681 316 718 scilicet
350 683 458 731 quod
492 691 694 730 peccetur.

221 741 281 776 Ad
314 739 413 776 illud
447 739 525 776 dixi
557 740 742 788 negando
775 739 884 776 illam
922 751 1108 787 magnam
1143 738 1480 788 consequenciam
1516 748 1585 777 God
1608 749 1682 776 does
1704 755 1755 777 not

164 806 201 834 et
235 798 439 846 loquendo
473 799 521 834 de
555 797 853 846 consequencia
886 809 930 834 ex
963 806 1077 846 parte
1110 797 1182 848 rei,
1221 798 1482 835 concedendo

1528 784 1587 811 will
1611 785 1669 818 sin,
1692 786 1743 812 but

1509 819 1590 847 wills
1609 820 1659 846 the
1679 821 1759 854 good

164 865 432 904 assumptum,
473 868 562 893 cum
598 858 705 893 Deus
743 856 827 892 vult
866 855 977 892 illam
1019 856 1368 904 consuetudinem,
1401 855 1483 892 sive
1498 855 1559 882 1¹¹³¹
1576 862 1681 881 comes
1696 856 1772 882 Ofil-

164 914 213 950 sit
235 923 447 963 peccatum
471 914 553 951 sive
576 914 709 963 passio
735 913 904 963 peccati,
930 922 967 950 et
990 915 1072 951 vult
1094 927 1209 951 suum
1235 926 1484 962 consequens

163 972 315 1009 scilicet
359 981 587 1021 peccatum,
634 981 671 1009 et
711 981 847 1009 tamen
887 984 969 1009 non
1007 972 1092 1009 vult
1131 974 1241 1021 quod
1280 980 1483 1021 peccetur,

163 1043 254 1067 cum
288 1043 369 1067 non
392 1031 476 1067 vult
499 1032 607 1080 quod
632 1039 843 1079 peccatum
869 1030 1067 1067 deformet
1100 1030 1324 1068 subiectum
1349 1031 1484 1079 quoad

163 1101 247 1125 esse
271 1089 448 1137 primum
475 1088 644 1137 peccati,
669 1090 737 1126 sed
760 1089 845 1125 vult
868 1090 977 1137 quod
1006 1088 1197 1126 informet
1225 1090 1274 1126 ad
1301 1097 1484 1126 creature

163 1147 387 1195 profectum
422 1148 557 1196 quoad
590 1159 674 1184 esse
706 1147 926 1184 secundum
961 1147 1136 1195 peccati3
1179 1156 1216 1184 et
1249 1148 1356 1184 ultra
1389 1159 1483 1183 con-

163 1205 320 1242 ceditur
343 1207 477 1254 quoad
509 1205 728 1242 multorum
759 1205 1082 1242 convertibilium
1108 1208 1213 1242 Deus
1241 1206 1324 1242 vult
1358 1218 1482 1241 unum

163 1265 297 1312 quoad
341 1276 426 1301 esse
467 1276 583 1300 suum
630 1263 820 1312 primum,
866 1272 910 1300 ut
953 1265 1174 1301 secundum
1216 1263 1481 1311 Augustinum

163 1323 263 1358 bene
295 1321 489 1371 sequitur,
528 1321 559 1358 si
594 1322 716 1358 homo
750 1330 901 1370 peccet,
941 1322 1106 1370 punitur
1138 1335 1213 1370 pro
1245 1330 1414 1371 peccato
1448 1330 1485 1357 et

165 1381 212 1416 de
254 1379 332 1416 illis
371 1379 700 1417 convertibilibus
744 1380 1043 1429 beneplacitum
1085 1389 1142 1417 est
1177 1382 1261 1417 Deo
1307 1381 1354 1416 de
1399 1392 1483 1416 esse

164 1437 297 1486 primo
330 1438 494 1475 secundi
535 1447 573 1475 et
606 1452 687 1476 non
728 1440 776 1475 de
815 1451 898 1475 esse
939 1439 1072 1487 primo
1115 1438 1310 1487 priorum,
1352 1447 1389 1474 et
1430 1437 1484 1474 ita

165 1505 222 1533 est
261 1498 309 1533 de
350 1496 487 1533 multis
520 1496 776 1544 passionibus
809 1497 964 1545 peccati
998 1506 1035 1534 et
1069 1497 1156 1545 ipso
1189 1505 1358 1545 peccato
1392 1508 1480 1532 cum

167 1555 252 1591 eius
285 1554 628 1606 convertibilibus.

220 1614 280 1649 Ad
305 1613 473 1649 tercium
498 1622 668 1661 negatur
701 1622 968 1661 assumptum,
1004 1626 1093 1650 cum
1129 1621 1341 1662 peccatum
1367 1613 1484 1649 debet

164 1684 247 1708 esse
281 1672 430 1708 bonum
465 1680 586 1720 atque
618 1672 827 1720 proficere,
859 1684 950 1708 curn
980 1673 1058 1708 hoc
1089 1671 1139 1708 sit
1162 1673 1210 1707 de
1234 1670 1305 1707 Dei
1329 1670 1482 1715 ordine,

164 1731 231 1766 sed
266 1731 371 1766 Deus
408 1742 491 1766 non
529 1729 691 1766 ordinat
731 1732 840 1779 quod
886 1739 1098 1779 peccatum
1144 1729 1214 1766 fiat
1257 1729 1318 1765 vel
1367 1730 1484 1765 debet

165 1787 264 1834 fieri,
287 1797 598 1836 verumptamen
622 1789 739 1825 debet
761 1788 974 1836 proficere,
1005 1788 1108 1825 sicut
1131 1788 1254 1825 homo
1278 1788 1483 1824 laudando

165 1849 292 1882 Deum
328 1847 445 1882 debet
482 1855 525 1882 ut
557 1846 614 1882 sic
648 1848 696 1883 de
729 1859 775 1883 eo
814 1848 1009 1895 gaudere;
1044 1859 1163 1883 nemo
1197 1855 1333 1883 tamen
1366 1846 1484 1882 debet

163 1905 338 1953 gaudere
371 1906 419 1941 de
452 1905 528 1941 hoc
561 1906 669 1953 quod
693 1904 781 1954 quis
814 1914 966 1953 peccet,
1001 1906 1069 1942 sed
1093 1905 1202 1954 quod
1235 1905 1283 1940 de
1315 1912 1483 1952 peccato

164 1975 208 1999 ex
241 1962 312 1999 Dei
352 1962 486 2011 gracia
525 1963 729 2011 profectus
767 1963 964 2012 provenit.
1009 1965 1058 1999 Et
1095 1963 1151 2000 ita
1189 1975 1272 1999 non
1303 1961 1484 2010 sequitur

164 2022 273 2069 quod
312 2029 502 2069 peccator
543 2022 661 2058 debet
697 2023 904 2070 peccando
943 2022 1136 2070 prodesse
1175 2019 1354 2066 ecclesie,
1389 2019 1483 2068 quia

163 2088 260 2115 tunc
312 2080 474 2115 deberet
501 2077 507 2132 Ι
536 2080 675 2116 obesse
736 2080 902 2116 ecclesie
955 2089 992 2116 et
1044 2079 1174 2128 ipsam
1228 2077 1484 2127 culpabiliter

165 2139 394 2185 deturpare.
442 2138 560 2183 Quod
599 2150 672 2185 ego
712 2151 794 2175 non
826 2139 955 2175 audeo
989 2137 1207 2183 affirmare,
1241 2137 1334 2173 licet
1367 2135 1483 2172 multi

164 2205 201 2232 et
246 2195 380 2244 magni
420 2195 518 2231 illud
563 2205 743 2232 asserant
789 2196 1015 2245 inpetentes
1052 2208 1174 2244 super
1213 2194 1330 2232 dictis
1376 2195 1484 2243 quod

163 2266 247 2290 esse
271 2255 491 2290 secundum
517 2254 672 2302 peccati
697 2267 778 2290 non
794 2254 940 2291 dicitur
963 2254 1039 2291 nisi
1062 2262 1273 2302 peccatum
1298 2252 1483 2289 habuerit

108 2316 121 2346 5
163 2312 329 2360 aliquod
375 2324 458 2348 esse
503 2312 678 2360 primum
730 2325 804 2349 nec
848 2321 1060 2361 peccatum
1105 2312 1162 2348 ita
1208 2310 1443 2348 debile...
1474 2339 1481 2346 .

162 2379 294 2418 potest
338 2369 555 2418 quicquam
603 2371 733 2407 facere
776 2370 852 2407 nisi
897 2370 938 2406 in
975 2371 1120 2406 virtute
1153 2369 1225 2406 Dei
1265 2378 1303 2406 et
1339 2369 1396 2405 sic
1435 2369 1483 2404 de

164 2427 298 2464 multis
337 2427 557 2464 instanciis.
603 2429 679 2465 Sed
720 2429 847 2465 fateor
879 2429 1013 2477 quoad
1047 2428 1221 2476 primum
1258 2428 1366 2476 quod
1400 2438 1484 2463 esse

163 2487 383 2523 secundum
416 2485 571 2534 peccati
604 2486 750 2522 dicitur
783 2486 975 2535 equivoce
1008 2487 1142 2535 quoad
1175 2498 1259 2522 esse
1291 2485 1483 2533 primum,

162 2544 264 2581 sicut
297 2544 396 2580 illud
429 2544 576 2580 dicitur
615 2544 807 2593 equivoce
848 2557 946 2591 esse,
987 2544 1250 2592 intelligendo
1289 2555 1361 2592 per
1400 2554 1484 2579 esse

187 2748 191 2752 ι
210 2747 216 2752 .
234 2713 274 2740 is».
292 2713 388 2740 Cod.:
410 2713 494 2753 quod
516 2713 704 2752 multorum3
730 2713 771 2740 ib.
794 2713 875 2752 enim
897 2713 1011 2752 quoad:
1079 2720 1122 2740 22.
1144 2712 1239 2741 Cod.:
1269 2713 1312 2740 eis
1333 2711 1485 2739 converti-

166 2748 236 2774 bulis
257 2748 341 2774 rm'n.
418 2748 458 2775 35.
480 2748 596 2781 defflleg
623 2748 734 2774 codex:
763 2748 889 2781 deb11153
918 2752 1058 2782 sequitur
1078 2748 1197 2775 lacuna.

242 2864 289 2896 ¹7·
319 2856 353 2885 S.
380 2854 469 2895 Aug.
498 2855 630 2886 Contra
658 2854 827 2886 Faustum
857 2854 948 2897 Opp.
975 2855 1046 2885 vol.
1066 2854 1155 2893 vm,
1181 2854 1261 2894 435.

1306 2922 1344 2942 22

1574 2375 1629 2403 Sin
1651 2375 1705 2401 has

1536 2410 1679 2445 properly
1700 2418 1740 2436 no

1587 2445 1687 2477 being.
