1944 3323
127 228 204 265 236
706 235 928 267 JOHANNIS
946 235 1129 266 WYCLIF
1150 233 1403 266 SERMONUM
1441 219 1591 277 [SERMO
1613 229 1721 258 XXIX-

184 351 338 390 Thenfirsth
473 345 675 390 Quantum
717 344 766 378 ad
806 342 921 378 istam
962 341 1180 389 argueiam,
1219 350 1328 389 patet
1367 342 1474 389 quod
1515 350 1571 377 est
1603 342 1722 390 plena

125 391 387 448 bgssjffisfgff¹ss¹gm
414 400 685 450 repugnancia
719 409 755 436 et
787 412 951 437 veneno.
987 402 1087 436 Nam
1121 399 1295 447 primum
1330 408 1580 447 assumptum
1615 412 1722 436 men-

124 456 396 517 ὃῇῗῐιζξᾞῖΝἰιῗξη
414 460 572 496 dicatur
612 471 654 495 ex
694 459 853 506 loquela
893 457 1070 494 doctoris
1104 457 1227 503 Scoti,
1269 466 1306 493 et
1345 466 1427 494 tam
1473 457 1555 494 eius
1594 458 1723 505 logica

165 525 353 564 understand
414 531 534 567 quam
587 516 821 565 ignorancia
873 515 1080 564 quiditatis
1139 514 1340 563 religionis
1392 514 1545 563 private
1596 528 1617 552 a
1667 515 1723 552 sic

224 560 298 587 lum.
413 574 733 613 balbucientibus
756 574 976 622 ignoratur.
1012 572 1199 610 Nesciunt
1224 573 1327 610 enim
1353 572 1584 621 religionem
1610 586 1722 610 suam
1740 576 1756 609 5

411 635 471 671 vel
511 633 592 669 eius
632 632 904 677 essencialem‚
947 631 1036 668 ideo
1080 631 1178 667 illud
1224 640 1473 679 assumptum
1513 630 1724 679 negabitur

412 701 453 728 ut
483 704 692 728 venenum.
726 693 826 727 Nam
853 689 1078 726 communis
1102 688 1239 737 religio
1263 689 1480 726 christiana
1505 698 1561 726 est
1585 688 1723 736 religio

411 763 530 799 quam
557 748 737 786 Christus
771 757 806 785 et
829 748 888 784 sui
913 748 1083 797 apostoli
1108 749 1382 793 observarunt,
1407 760 1482 796 que
1514 747 1724 784 ordinatur

412 809 461 845 ad
506 806 746 855 ampliorem
789 807 937 843 cultum
974 806 1044 842 Dei
1089 819 1209 854 quam
1255 817 1394 842 omnes
1439 805 1724 853 religiosarche

412 866 542 903 sciunt
564 866 624 902 vel
657 873 846 913 poterunt
875 866 1106 909 observare3
1140 864 1230 901 ideo
1263 876 1333 900 sua
1366 863 1505 911 religio
1538 863 1782 900 diminuit1o

413 938 434 961 a
466 923 658 971 religione
682 922 829 960 Christi
859 922 933 959 nisi
958 923 1059 959 forte
1089 921 1246 959 dicatur
1267 921 1431 970 yronice
1454 923 1561 970 quod
1585 921 1724 970 religio

412 982 579 1019 istarum
618 994 831 1018 vaccarum
872 980 1078 1029 pinguium
1120 980 1159 1016 in
1199 978 1514 1017 hoc·extollitur
1546 981 1654 1028 quod
1686 979 1726 1016 in

413 1053 552 1077 eorum
586 1039 833 1087 sumptuosis
866 1039 1026 1076 cibariis
1059 1047 1096 1075 et
1125 1037 1390 1075 monstruosis
1424 1037 1590 1075 edificiis
1621 1039 1725 1074 Deus

414 1107 552 1136 contra
591 1097 739 1134 Christi
778 1097 1055 1134 ordinanciam
1096 1098 1330 1133 honoratur.
1383 1096 1448 1133 Sic
1487 1095 1591 1133 enim
1632 1108 1724 1132 con-

412 1157 583 1193 tendunt
622 1157 794 1204 quedam
835 1155 994 1192 abbatie
1033 1156 1141 1204 quod
1180 1156 1352 1192 habeant
1390 1153 1542 1191 laciora
1574 1154 1725 1191 fercula
1743 1156 1781 1189 15

415 1224 451 1251 et
502 1213 638 1250 omnia
685 1226 761 1262 que
811 1222 954 1250 sonant
1004 1213 1043 1249 in
1088 1212 1266 1249 seculare
1310 1211 1551 1249 desiderium
1598 1211 1725 1260 magis

414 1273 562 1321 ampla.
608 1273 700 1308 Ideo
745 1271 847 1308 absit
886 1271 1043 1308 fidelem
1090 1271 1327 1308 blasfemare
1366 1270 1405 1306 in
1445 1273 1572 1307 Deum
1617 1271 1725 1319 quod

161 1335 239 1374 How
261 1335 370 1362 should
416 1330 587 1379 Spiritus
620 1331 789 1366 Sanctus
820 1329 927 1365 dedit
950 1329 1184 1377 religionem
1219 1340 1473 1366 communem
1507 1328 1547 1365 in
1578 1328 1725 1365 sanctis

135 1370 388 1432 ῃῐιὲῗρῗῇᾏᾞῗῇρ
415 1387 609 1437 apostolis
647 1400 767 1436 quam
806 1387 931 1424 voluit
970 1387 1009 1423 in
1049 1386 1276 1424 christianis
1315 1386 1480 1434 singulis
1520 1385 1725 1423 observari

154 1440 233 1476 Holy
254 1440 370 1475 Spirit?
416 1455 452 1483 et
481 1447 587 1495 quod
618 1445 886 1482 Antichristus
919 1446 1108 1482 succedat
1138 1445 1199 1482 vel
1231 1443 1526 1492 religiosarche‚
1560 1444 1726 1481 minime
1741 1456 1784 1479 20

415 1504 516 1541 servi
555 1503 718 1549 Christi,
765 1503 831 1552 qui
880 1503 1083 1540 inveniant
1128 1502 1363 1551 religionem
1408 1502 1604 1551 privatam
1651 1502 1726 1539 ista

416 1561 609 1610 religione
642 1561 841 1598 catholica
874 1562 963 1609 plus
996 1561 1229 1609 perfectam.
1271 1562 1421 1597 Omnes
1455 1569 1587 1597 autem
1621 1569 1726 1597 secte

416 1619 622 1668 religionis
655 1619 808 1668 private
840 1618 1023 1656 nesciunt
1055 1619 1223 1656 fundare
1255 1632 1366 1655 suam
1401 1618 1633 1666 religionem
1666 1618 1727 1655 vel

416 1691 538 1715 unam
583 1679 632 1714 ab
677 1677 754 1714 alia
802 1677 1074 1714 essencialiter
1118 1689 1317 1725 separare.
1373 1677 1587 1721 Quomodo
1632 1689 1726 1725 ergo

417 1735 663 1773 balbutirent
696 1737 803 1784 quod
844 1734 983 1783 religio
1022 1748 1093 1771 sua
1132 1747 1175 1771 ex
1213 1734 1374 1771 racione
1408 1747 1479 1771 sua
1512 1734 1727 1771 intrinseca
1742 1738 1783 1770 25

418 1793 624 1831 essenciali
674 1793 723 1829 sit
774 1792 994 1841 perfeccior
1045 1806 1165 1842 quam
1218 1792 1473 1829 communis?
1521 1792 1727 1841 Numquid

417 1852 629 1897 credimus,
663 1851 694 1887 si
724 1863 766 1887 ex
796 1850 987 1899 religione
1025 1864 1094 1887 sua
1127 1851 1183 1887 sic
1212 1851 1362 1887 lateant
1391 1852 1463 1887 sub
1497 1851 1726 1899 columpna,

419 1910 598 1946 ditantur
636 1909 675 1945 in
715 1910 849 1945 seculo
890 1917 926 1945 et
960 1917 1100 1945 cavent
1132 1908 1173 1945 in
1207 1907 1580 1945 eommunicacione
1613 1921 1727 1945 evan-

417 1967 542 2016 gelica
593 1968 700 2015 quod
750 1967 972 2015 perfeccior
1023 1967 1072 2003 sit
1122 1966 1286 2015 propria
1336 1979 1456 2015 quam
1503 1965 1727 2003 communis

418 2025 557 2073 religio
597 2024 827 2062 christiana.
874 2027 973 2061 Nam
1012 2037 1084 2061 nec
1123 2024 1162 2060 in
1201 2023 1542 2072 genuflexionibus
1581 2037 1655 2061 nec
1687 2023 1726 2060 in
1743 2026 1785 2059 30

417 2083 545 2131 longis
579 2082 831 2119 ethnicorum
864 2082 1121 2119 oracionibus
1153 2095 1226 2119 nec
1259 2082 1298 2118 in
1329 2082 1464 2119 buccis
1492 2082 1624 2119 rubeis
1655 2094 1728 2119 nec

418 2142 458 2178 in
480 2141 683 2178 ventribus
714 2140 926 2189 pinguibus
950 2150 1027 2177 stat
1050 2140 1188 2189 religio
1223 2140 1455 2185 christiana,
1488 2142 1555 2176 sed
1589 2140 1728 2188 pocius

419 2199 715 2236 concomitatur
772 2199 1019 2247 oppositum.
1080 2198 1315 2235 Communis
1377 2198 1538 2247 quidem
1590 2198 1728 2246 religio

418 2257 568 2305 obligat
612 2266 692 2293 tam
745 2258 794 2293 ad
845 2256 1147 2293 observanciam
1200 2265 1482 2304 preceptorum
1527 2269 1646 2304 quam
1692 2264 1729 2292 et

200 2321 333 2348 Clu-isrs
369 2363 374 2367 „
419 2315 567 2352 Christi
612 2314 886 2351 consiliorum.
929 2314 1043 2351 Absit
1088 2314 1250 2363 inquam
1296 2315 1404 2363 quod
1443 2314 1526 2350 leve
1563 2315 1727 2350 verbum
1745 2316 1784 2350 35

142 2356 286 2425 egidiigslit'iv
307 2363 392 2416 iiiiii?
418 2373 574 2410 abbatis
606 2372 763 2421 pinguis
801 2372 867 2421 qui
901 2385 945 2409 ex
974 2372 1045 2409 Dei
1078 2372 1322 2421 presciencia
1356 2380 1412 2409 est
1445 2370 1628 2409 diabolus
1671 2371 1729 2407 in-

177 2425 357 2488 ‘ggnffiffitds
420 2440 606 2467 carnatus
645 2430 693 2466 sit
734 2439 967 2478 preceptum
1007 2430 1087 2467 suis
1127 2430 1336 2466 monachis
1375 2439 1412 2466 et
1451 2442 1532 2466 non
1563 2430 1727 2466 verbum

419 2488 567 2526 Christi
609 2488 900 2533 Jesubabbatis
948 2488 1075 2525 nostri
1120 2489 1243 2537 (quod
1288 2489 1337 2524 ad
1381 2488 1549 2524 salutem
1597 2486 1728 2523 anime
1744 2513 1819 2544 Fol-

422 2545 606 2582 fidelibus
628 2555 685 2582 est
709 2547 953 2591 consultum)
985 2546 1034 2582 sit
1063 2542 1067 2598 Ι
1097 2546 1151 2582 eis
1183 2554 1433 2594 preceptum,
1466 2554 1508 2582 ut
1532 2544 1725 2581 maiorem
1744 2557 1825 2599 264¹³

420 2604 624 2640 racionem
649 2604 826 2651 precepti
851 2605 969 2640 habet
986 2603 1135 2640 Christi
1159 2603 1371 2640 consilium
1396 2602 1785 2648 MattheiV0‚25:4o

420 2662 516 2698 Esto
548 2662 789 2698 consenciens
820 2662 1049 2698 adversario
1082 2669 1145 2697 tuo
1177 2662 1249 2698 cito
1282 2663 1371 2697 dum
1405 2673 1443 2697 es
1474 2661 1510 2697 in
1550 2660 1608 2696 via
1641 2672 1725 2696 cum

491 2831 530 2857 Is).
549 2830 643 2857 Cod.:
665 2830 759 2865 magit
773 2831 848 2864 (sive
863 2830 984 2865 magic).
1042 2830 1084 2857 23.
1100 2829 1194 2857 Cod.:
1215 2829 1355 2856 senciunt
1374 2829 1513 2856 fundare.
1569 2827 1614 2856 36.
1631 2828 1726 2856 Cod.:

423 2865 590 2900 presencia.
663 2873 705 2898 41.
727 2865 821 2892 Cod.:
843 2865 1014 2892 consciens.
