1944 3323
156 923 195 944 10

158 1201 194 1234 15

158 1785 197 1817 25

159 2076 201 2108 30

160 2671 206 2701 40

206 275 341 305 samio
363 264 485 322 tvm]
692 275 870 308 TERTIA
897 274 1023 306 PARS.

206 387 247 423 in
282 384 470 434 potencia
508 395 671 420 suorum
715 381 958 430 complicum
994 380 1120 417 eciam
1155 381 1244 429 plus
1277 391 1397 428 quam
1433 380 1521 415 bra-

207 444 340 482 chium
375 443 566 487 seculare,
600 440 758 477 videtur
781 441 888 489 quod
921 439 1059 476 liceret
1091 439 1168 475 illis
1201 437 1242 474 in
1275 450 1368 474 casu
1392 445 1520 473 totum

207 501 416 540 brachium
461 501 640 537 seculare
690 498 931 547 extinguere.
982 499 1157 534 Tantum
1209 496 1314 533 enim
1361 504 1524 544 possent

208 570 349 598 contra
388 571 522 607 regem
561 570 678 595 suum
717 566 922 594 terrenum
962 565 1129 605 propter
1166 554 1426 592 affeccionem
1474 554 1524 589 ad

209 617 451 667 temporalia
502 628 698 664 usurpare
752 616 860 664 quod
920 623 1083 663 possent
1135 622 1292 650 tantum
1347 621 1384 649 et
1435 611 1524 659 plus

209 686 351 714 contra
390 688 523 724 regem
557 675 736 712 celorum
771 683 807 710 et
841 673 1050 709 dominum
1093 671 1274 709 omnium
1308 681 1523 718 usurpare3

208 745 245 772 et
291 736 366 772 hoc
412 746 454 770 ex
493 733 568 770 levi
607 732 850 769 seduccione
890 730 1054 767 diaboli.
1101 730 1168 767 Sic
1213 728 1318 766 enim
1361 736 1525 777 possent

210 796 433 842 dampnare
470 801 513 828 ut
553 790 726 828 heresim
766 791 874 839 quod
919 801 1029 837 reges
1068 797 1136 825 aut
1170 787 1323 824 domini
1357 794 1524 835 possunt

210 852 367 889 auferre
399 849 640 898 temporalia
682 850 730 886 ab
765 847 933 885 ecclesia
967 847 1226 896 delinquente
1259 854 1295 882 et
1329 858 1399 894 per
1432 857 1525 881 con-

210 922 379 959 sequens
402 910 622 957 dampnata
655 916 854 956 potestate
887 907 1110 954 dampnare
1142 913 1306 953 possent
1335 915 1526 952 personas

210 981 287 1018 que
326 967 424 1004 illud
464 965 726 1004 effectualiter
765 964 1050 1014 practizarunt,
1099 972 1135 1000 et
1174 963 1231 1000 sic
1269 975 1351 999 non
1389 974 1526 1009 super-

210 1035 339 1063 essent
379 1025 419 1062 in
458 1024 588 1073 regnis
620 1036 731 1072 reges
763 1024 823 1060 vel
857 1031 1064 1070 magnates
1102 1021 1227 1070 aliqui
1259 1030 1391 1070 preter
1424 1019 1525 1055 illos.

210 1087 265 1121 Ex
316 1084 460 1133 quibus
505 1083 663 1119 videtur
716 1083 824 1130 quod
877 1089 1072 1129 usurpant
1124 1079 1355 1128 potenciam
1408 1090 1527 1126 super

211 1142 415 1180 Christum
450 1141 695 1186 humanitus,
737 1153 827 1177 cum
862 1139 1003 1175 fratres
1036 1140 1112 1175 hoc
1145 1137 1367 1186 implicant,
1402 1145 1438 1173 et
1471 1135 1527 1171 illi

210 1209 393 1238 asserunt
416 1201 525 1248 quod
548 1199 587 1236 in
610 1207 810 1248 potestate
842 1196 1138 1234 iurisdiccionis
1171 1204 1363 1245 superant
1388 1206 1527 1231 omnes

211 1260 366 1296 fratres.
413 1258 454 1295 Si
487 1271 581 1306 ergo
615 1258 749 1306 quoad
783 1264 1025 1305 potestatem
1059 1254 1309 1304 spiritualem
1344 1252 1528 1289 humani-

211 1317 282 1354 tati
316 1316 465 1354 Christi
507 1315 735 1365 equivalent
775 1324 812 1352 et
851 1315 985 1363 quoad
1024 1322 1265 1363 potestatem
1305 1312 1526 1349 secularem

212 1376 344 1425 ipsum
397 1384 602 1423 superant,
664 1387 754 1411 cum
800 1373 982 1410 Christus
1035 1385 1115 1408 non
1168 1370 1299 1420 potuit
1351 1370 1525 1418 aliquem

212 1435 381 1483 gradum
421 1433 612 1470 secularis
651 1431 862 1481 potestatis
902 1431 1111 1479 attingere,
1150 1430 1307 1466 videtur
1339 1430 1447 1477 quod
1481 1428 1528 1466 de

213 1502 326 1530 tanto
370 1492 411 1528 in
443 1500 642 1540 potestate
675 1498 866 1539 superant
899 1489 1107 1525 dominum
1141 1490 1274 1525 Jesum
1309 1486 1527 1525 Christum.

271 1550 477 1596 Similiter,
524 1562 614 1587 cum
659 1548 738 1586 sint
781 1561 951 1597 persone
997 1546 1186 1584 errabiles
1237 1555 1320 1583 tam
1364 1544 1404 1580 in
1449 1543 1530 1580 suis

212 1609 370 1646 iudiciis
420 1621 541 1657 quam
595 1607 723 1653 factis,
774 1606 931 1643 videtur
976 1607 1083 1654 quod
1137 1613 1298 1653 oportet
1350 1603 1528 1650 regulam

214 1676 363 1704 certam
399 1676 436 1703 et
465 1665 753 1713 infringibilem
788 1677 872 1701 esse
897 1666 1031 1701 datam
1067 1677 1110 1700 ex
1134 1676 1212 1712 qua
1245 1661 1530 1699 convincerent

214 1725 452 1774 quiditatem
493 1723 643 1761 heresis
683 1733 719 1760 et
759 1723 883 1760 alium
926 1735 1043 1771 quem
1086 1721 1227 1770 punire
1260 1719 1458 1757 voluerint
1491 1718 1531 1754 in

215 1783 385 1820 heresim
425 1782 625 1820 incidisse.
666 1785 755 1819 Non
795 1780 899 1818 enim
939 1779 1086 1817 sufficit
1119 1793 1258 1816 eorum
1293 1776 1530 1815 testificacio

213 1843 274 1879 vel
317 1842 486 1878 fratrum
532 1841 631 1878 falsa
676 1839 982 1888 multiplicacio‚
1029 1838 1123 1887 quia
1162 1851 1252 1875 cum
1293 1848 1432 1873 omnes
1474 1834 1530 1870 illi

214 1899 493 1937 transformari
533 1908 723 1948 poterunt
762 1898 802 1934 in
842 1897 1061 1946 discipulos
1093 1895 1341 1940 Antichristi,
1375 1894 1532 1930 videtur

216 1960 323 2007 quod
375 1957 596 1995 hereticare
646 1965 836 2006 poterunt
881 1955 1088 1992 dominum
1129 1954 1262 1993 Jesum
1314 1952 1529 1989 Christum.

217 2018 311 2054 Ideo
343 2017 509 2065 palpata
541 2016 719 2064 undique
749 2014 898 2051 heresis
922 2013 1118 2062 quiditate
1151 2011 1327 2049 invenies
1362 2010 1532 2046 fideliter

218 2076 325 2124 quod
376 2074 425 2111 sit
470 2075 616 2122 dogma
668 2073 812 2110 falsum
863 2072 1061 2120 scripture
1112 2083 1225 2108 sacre
1282 2068 1530 2106 contrarium

217 2132 478 2182 pertinaciter
529 2132 802 2177 defensatum3
859 2140 895 2167 et
946 2130 1002 2166 sic
1053 2129 1252 2178 scriptura
1303 2128 1404 2164 foret
1455 2125 1532 2162 illis

218 2191 354 2239 regula
387 2192 436 2228 ad
471 2190 642 2227 heresim
676 2189 949 2226 iudicandam.
985 2188 1024 2225 Si
1059 2188 1164 2225 enim
1190 2188 1395 2223 decretum
1431 2197 1533 2233 pape

217 2249 391 2286 sufficiat
429 2249 600 2286 heresim
642 2250 954 2296 condempnare,
1002 2259 1091 2283 cum
1138 2245 1222 2294 ipse
1268 2245 1318 2281 sit
1363 2255 1534 2292 persona

219 2307 434 2356 peccabilis
473 2317 510 2344 et
550 2306 747 2354 scripture
787 2318 899 2342 sacre
938 2314 1073 2353 posset
1107 2316 1190 2340 esse
1223 2302 1382 2340 sinister
1414 2302 1534 2338 inter-

185 2368 321 2415 Zpres,
359 2365 516 2402 videtur
549 2366 657 2414 quod
697 2373 831 2412 posset
870 2365 1092 2411 dampnare
1132 2372 1174 2398 ut
1212 2360 1385 2398 heresim
1425 2360 1533 2408 quod

218 2433 275 2460 est
309 2424 552 2460 catholicum
587 2432 624 2460 et
658 2431 834 2459 econtra.
869 2423 1039 2469 Oportet
1072 2433 1166 2468 ergo
1194 2420 1302 2468 quod
1335 2418 1533 2466 scriptura

218 2482 267 2519 sit
299 2494 417 2518 sensu
449 2482 587 2530 patula
619 2492 741 2529 penes
764 2492 884 2528 quam
910 2481 1027 2516 debet
1050 2478 1220 2515 iudicari
1252 2489 1389 2514 sensus
1423 2478 1533 2512 here-

219 2540 333 2586 ticus,
368 2549 405 2576 et
437 2548 598 2589 oportet
630 2539 806 2575 secundo
831 2539 939 2586 quod
973 2549 1144 2585 persona
1177 2536 1313 2585 patule
1347 2534 1533 2571 defendat

220 2597 478 2647 pertinaciter
510 2598 623 2634 illum
658 2609 832 2633 sensum.

278 2658 327 2692 Et
380 2665 489 2704 patet
534 2657 642 2705 quod
694 2653 824 2703 ignari
875 2652 1072 2702 scripture
1124 2665 1205 2689 non
1258 2658 1534 2700 presumerent

220 2714 326 2751 istud
359 2727 478 2763 opus3
513 2714 568 2751 sic
602 2713 707 2750 enim
741 2720 903 2761 possent
934 2710 1146 2760 dampnari
1180 2719 1388 2758 tamquam
1424 2709 1534 2745 here-

219 2771 342 2809 ticum
392 2773 500 2821 quod
545 2779 843 2809 sacramentum
890 2769 1028 2806 altaris
1072 2768 1121 2805 sit
1167 2780 1282 2805 verus
1332 2766 1447 2815 panis
1498 2774 1535 2802 et

289 2926 327 2947 ει.
347 2919 381 2946 In
403 2926 516 2954 marg.:
538 2917 564 2946 3.
637 2925 687 2952 40.
708 2917 741 2945 In
763 2925 874 2953 marg:
896 2917 941 2944 De
962 2920 1154 2945 sacramento
1175 2914 1289 2943 altaris.

1631 1548 1728 1576 Their

1561 1584 1737 1619 judgments
1758 1590 1808 1609 are

1586 1618 1698 1647 fallible
1718 1617 1777 1645 aud

1552 1663 1636 1682 some
1659 1662 1727 1680 sure
1750 1652 1812 1680 rule

1558 1689 1667 1717 should
1691 1689 1725 1715 be
1746 1686 1805 1714 laid

1609 1724 1702 1751 down
1724 1728 1754 1750 to

1588 1757 1776 1793 distinguish

1623 1794 1742 1829 heres'y.

1549 2187 1707 2222 Scripturc
1727 2186 1752 2213 is
1774 2186 1823 2212 the

1561 2223 1632 2258 only
1653 2222 1717 2249 sate
1738 2222 1810 2248 rute.
