1944 3323
132 253 181 297 54

135 490 270 516 whereas
291 489 394 516 (lin-ist

158 524 182 550 is
202 524 370 551 enthroned

186 559 341 594 eternally.

137 1469 240 1496 Christ
261 1469 286 1495 is
307 1469 403 1495 above

157 1504 205 1530 the
225 1504 327 1542 anget>—
348 1503 377 1530 in

178 1546 356 1576 possessmg

136 1577 266 1600 creatixe
288 1581 401 1607 power.

197 2276 299 2302 Christ
320 2276 345 2302 is

152 2320 168 2337 u
175 2311 229 2338 neh
235 2311 388 2345 angeable.

710 262 931 294 JOHANle
951 262 1135 294 wvcrir
1157 263 1414 295 SERMONUM
1469 249 1619 306 [SERMO
1640 260 1706 288 vn.

416 368 508 404 facit
542 370 645 403 Deus
685 368 880 403 ministros
916 380 1005 403 suos
1043 368 1099 414 (ut
1140 367 1284 403 dicitur
1318 369 1475 404 Psalmo
1509 370 1627 414 C1110,
1663 371 1719 416 4).

414 426 476 460 Ad
497 425 637 460 Filium
671 433 795 461 autem
830 425 970 460 dicitur
988 425 1163 470 (Psalmo
1187 426 1317 465 XLIV,
1344 430 1401 472 7):
1431 426 1607 462 Thronus
1637 434 1723 462 tuus

416 484 522 519 Deus
553 484 589 518 in
621 484 790 519 seculum
822 483 952 528 seculi,
990 483 1104 532 virga
1139 483 1326 530 equitatis,
1360 484 1474 533 virga
1509 484 1626 533 regni
1657 484 1723 528 tui,

416 540 482 576 ubi
521 540 677 577 videtur
717 542 821 588 quod
864 539 1043 576 Christus
1087 549 1253 576 vocatur
1293 543 1410 585 Deus,
1456 543 1563 589 quod
1607 554 1721 577 suum

418 597 608 634 iudicium
643 606 699 633 est
729 607 908 633 eternum
933 606 970 633 et
994 599 1100 645 quod
1125 597 1336 645 disciplina
1361 611 1431 634 sua
1455 611 1533 646 qua
1557 599 1723 646 castigat
1741 603 1756 634 5

417 665 457 691 ut
480 656 590 703 virga
623 655 725 691 filios
759 664 815 691 est
849 656 984 702 regula
1017 655 1215 703 equitatis,
1242 656 1334 703 quia
1367 657 1424 692 lex
1457 666 1524 692 tua
1557 656 1722 696 veritas:

417 722 453 749 et
493 713 653 749 Psalmo
693 715 759 758 110,
796 725 817 760 9
864 712 1027 749 dicitur:
1074 714 1202 763 Reges
1246 726 1309 749 eos
1351 714 1386 749 in
1433 715 1547 764 virga
1581 715 1722 763 ferrea

416 771 628 821 inflexibili,
667 770 757 806 ideo
791 779 949 818 oportet
982 771 1161 806 thronum
1203 778 1306 806 tuum
1328 772 1495 821 firmari
1526 774 1582 818 (ut
1616 781 1723 819 patet

418 830 530 864 Prov.
555 829 712 873 XXVO).
747 829 935 864 Dilexisti
964 828 1166 874 iusticiam,
1200 830 1274 865 hoc
1309 838 1376 874 est,
1412 842 1530 865 omne
1559 831 1721 871 bonum,

416 893 450 922 et
482 886 596 921 odisti
625 886 871 934 iniquitatem,
904 886 996 933 quia
1020 898 1138 922 omne
1164 887 1312 922 malum
1347 887 1473 934 culpe,
1499 889 1605 935 quod
1635 900 1722 936 per·
1743 901 1780 921 10

417 943 513 979 tinet
547 943 730 991 dignitati
763 943 963 991 sapiencie
996 943 1183 988 increate‚
1218 944 1310 992 quia
1337 946 1429 992 Sap.
1455 947 1532 989 I⁰‚1
1558 945 1721 982 dicitur:

417 1001 582 1050 Diligite
620 1001 806 1037 iusticiam
841 1010 877 1037 et
909 1002 1030 1047 X1V0,
1066 1014 1108 1048 9:
1157 1002 1254 1037 Otito
1286 1010 1373 1038 sunt
1405 1003 1488 1038 Deo
1521 1003 1659 1051 impius
1691 1010 1725 1039 et

417 1059 590 1108 impietas
627 1059 715 1095 eius.
763 1060 975 1108 Propterea
1015 1068 1056 1094 ut
1096 1059 1245 1095 faceres
1276 1060 1337 1096 vel
1370 1059 1462 1108 quia
1502 1062 1576 1096 hoc
1614 1060 1723 1106 facis,

418 1117 528 1152 unxit
551 1124 586 1152 te
607 1117 714 1152 Deus
737 1125 817 1152 tam
844 1116 1024 1164 corporis
1047 1117 1103 1152 tui
1137 1130 1255 1165 quam
1291 1117 1436 1163 anime,
1471 1117 1653 1154 faciendo
1686 1127 1723 1154 te

418 1174 706 1222 impeccabilem
742 1175 823 1210 oleo
856 1175 1110 1210 exultacionis
1137 1187 1212 1224 pre
1239 1175 1494 1224 participibus
1525 1176 1611 1222 tuis,
1650 1177 1780 1212 hoc15

418 1241 488 1277 est,
529 1231 663 1279 gracia
701 1231 860 1268 unionis
898 1245 968 1280 pre
1015 1233 1167 1269 cunctis
1212 1232 1298 1269 aliis
1342 1233 1522 1280 personis
1562 1233 1724 1270 humani

417 1289 590 1337 generis;
624 1302 717 1326 nam
740 1292 960 1326 secundum
986 1290 1189 1326 hominem
1216 1293 1320 1327 Deus
1346 1291 1454 1326 unxit
1478 1303 1567 1327 eum
1592 1291 1724 1339 gracia

417 1356 459 1383 ut
492 1360 624 1395 regem
665 1356 702 1383 et
740 1347 985 1395 pontificem,
1026 1357 1068 1384 ut
1112 1349 1352 1396 prophetam
1398 1357 1434 1384 et
1473 1349 1645 1396 pugilem
1687 1358 1723 1385 et

419 1406 493 1441 hoc
525 1418 595 1453 pre
628 1405 814 1441 omnibus
843 1406 988 1442 sanctis
1013 1405 1077 1454 qui
1102 1405 1350 1454 plenitudine
1373 1419 1443 1443 sua
1466 1406 1720 1454 participant.

477 1464 630 1508 Quarto
670 1463 822 1499 excellit
861 1464 1022 1511 angelos
1061 1465 1279 1500 secundum
1319 1473 1504 1500 naturam
1546 1464 1720 1501 divinam
1739 1477 1780 1497 20

418 1522 550 1568 quoad
590 1521 751 1557 creandi
791 1530 1044 1569 potestatem,
1093 1521 1185 1569 quia
1231 1529 1268 1556 tu
1307 1522 1414 1558 Deus
1457 1522 1492 1557 in
1531 1523 1722 1571 principio

418 1579 602 1628 temporis
634 1587 670 1614 et
699 1578 899 1627 principio
924 1579 1124 1627 sapiencie
1147 1579 1336 1625 increate,
1370 1587 1517 1615 terram
1541 1580 1726 1628 fundasti

420 1638 478 1682 <ut
511 1644 620 1684 patet
645 1637 739 1673 Gen.
765 1635 834 1682 10),
870 1646 905 1672 et
940 1638 1099 1673 Psalmo
1124 1638 1207 1682 Clo,
1235 1638 1284 1673 26
1319 1645 1354 1673 et
1382 1638 1510 1686 Opera
1544 1650 1722 1673 manuum

418 1702 571 1730 tuarum
611 1702 698 1729 sunt
736 1695 818 1738 celi,
865 1703 900 1730 et
940 1694 1114 1743 quelibet
1159 1707 1250 1742 pars
1291 1694 1559 1731 universitatis
1593 1704 1723 1731 create

418 1760 455 1788 et
488 1761 652 1800 propter
686 1752 801 1787 istam
836 1752 1141 1788 similitudinem
1176 1752 1322 1788 dicitur
1345 1752 1554 1800 pluraliter
1578 1754 1723 1789 habere
1742 1757 1780 1788 25

419 1822 559 1846 manus
591 1809 670 1845 sive
705 1809 865 1846 creandi
899 1810 1116 1857 potencias‚
1152 1823 1244 1846 nam
1280 1812 1404 1846 Deum
1442 1823 1556 1858 posse
1590 1823 1724 1847 creare

418 1876 499 1903 tam
523 1867 773 1915 spiritualem
791 1880 911 1915 quam
938 1868 1185 1904 materialem
1210 1877 1408 1911 naturam,
1429 1868 1725 1916 distinguuntur

419 1925 559 1961 saltem
579 1926 797 1961 secundum
817 1924 1019 1962 racionem
1044 1925 1144 1962 sicut
1170 1938 1309 1961 manus
1326 1927 1485 1962 dextera
1501 1935 1537 1962 et
1552 1925 1723 1962 sinistra.

420 1984 604 2019 Secundo
638 1983 711 2031 ipsi
736 1984 918 2032 peribunt
942 1985 1075 2031 quoad
1108 1983 1366 2019 duracionem
1400 1992 1634 2032 perpetuam
1668 1987 1724 2029 (ut

419 2049 527 2088 patet
552 2042 603 2076 ΙΙΠ
632 2040 733 2076 Petri
758 2043 811 2076 ΙΙΟ
835 2050 871 2077 et
897 2041 994 2077 Isaie
1018 2043 1102 2089 L10)
1135 2049 1173 2077 tu
1205 2049 1330 2077 autem
1359 2042 1604 2090 permanebis
1636 2050 1725 2089 post
1742 2043 1783 2076 30

419 2111 578 2134 omnem
614 2106 852 2144 creaturam,
887 2111 976 2135 cum
1010 2098 1061 2134 sis
1094 2098 1333 2135 novissimus
1361 2108 1480 2147 atque
1508 2098 1726 2135 immobilis

421 2160 476 2201 (ut
508 2165 617 2203 patet
649 2157 773 2203 Apoc.
799 2159 833 2192 ΙΟ
867 2165 903 2192 et
937 2156 1074 2192 Jacobi
1099 2158 1150 2204 10)
1184 2164 1218 2193 et
1251 2170 1380 2193 omnes
1402 2165 1441 2192 ut
1465 2158 1724 2193 vestimentum

422 2220 669 2257 veterascent,
703 2214 795 2261 quia
829 2223 919 2250 sunt
951 2216 1000 2250 ad
1035 2214 1244 2250 minimum
1279 2216 1460 2251 alterata.

479 2273 527 2306 Et
566 2271 690 2307 tercio
731 2273 863 2319 quoad
910 2281 1036 2308 status
1083 2272 1450 2317 inmutabilitatem⁷
1491 2271 1582 2320 quia
1628 2273 1727 2308 velut

422 2329 600 2364 amictum
635 2330 797 2365 mutabis
830 2342 892 2365 eos
921 2337 956 2365 et
979 2331 1239 2375 mutabuntur,
1269 2330 1359 2377 quia
1384 2342 1522 2366 omnes
1547 2339 1727 2366 creature
1744 2332 1783 2364 35

423 2395 464 2421 ut
498 2399 651 2434 pannus
684 2386 926 2423 inveteratus
959 2386 1254 2423 innovabuntur
1287 2387 1326 2423 in
1355 2387 1504 2424 iudicio
1528 2396 1608 2423 tam
1634 2386 1727 2423 faci-

423 2443 512 2480 liter
534 2443 634 2480 sicut
656 2445 824 2481 amictus
840 2445 1012 2492 plicatur
1028 2454 1063 2481 et
1080 2445 1320 2491 extenditur3
1340 2447 1444 2481 unde
1459 2446 1726 2493 Apoc.XX10:

491 2589 514 2616 5.
536 2589 574 2615 1³:
598 2597 651 2615 sua
672 2589 765 2615 deest.
828 2598 855 2623 ς).
877 2589 916 2615 F:
940 2589 966 2615 id
990 2594 1044 2616 est.
1108 2587 1144 2616 13.
1168 2589 1207 2615 1³:
1231 2588 1357 2621 facerem
1378 2589 1418 2616 ib.
1440 2589 1478 2616 F:
1501 2589 1564 2616 hec.
1628 2589 1667 2616 18.
1684 2589 1727 2616 A:

423 2631 523 2657 regem
547 2628 593 2653 ut:
623 2623 663 2649 ib.
684 2624 728 2650 A:
751 2624 931 2658 prophetam
955 2628 994 2650 ut.
1126 2631 1166 2658 ω.
1188 2624 1230 2650 Α;
1254 2623 1368 2650 sanctis
1389 2623 1608 2658 plenitudinem
1630 2631 1727 2650 suum.

422 2657 464 2685 23.
486 2658 528 2684 A:
552 2657 604 2684 (LI-¹
624 2657 715 2684 deest.
789 2659 835 2684 215.
856 2658 901 2684 A:
924 2658 1080 2692 potenciam
1103 2666 1184 2685 uam.
1207 2658 1264 2685 Hic
1284 2658 1410 2685 verbum
1432 2658 1552 2685 excidit.
1621 2657 1666 2685 30.
1688 2658 1726 2685 F:

422 2692 499 2719 Isaie
519 2692 543 2719 5.
617 2691 658 2719 32.
680 2692 720 2719 F:
743 2696 769 2719 et
791 2692 884 2719 deest.

498 2785 520 2805 1.
546 2774 648 2805 Hebr.
669 2775 690 2812 Ι,
711 2773 741 2806 8.
817 2776 843 2805 3.
865 2775 992 2806 Psalm.
1014 2775 1135 2811 XLIV,
1152 2786 1187 2817 7:
1209 2776 1318 2807 Sedes
1343 2780 1404 2807 tua
1496 2777 1599 2819 virga
1617 2776 1729 2808 direc-

422 2821 542 2853 cionis.
560 2821 664 2851 Hebr.
684 2821 707 2856 1,
722 2819 759 2851 ὃς
782 2819 943 2853 leronus
970 2825 1049 2852 tuus
1070 2848 1075 2853 .
1096 2845 1102 2850 .
1123 2847 1129 2853 .
1150 2822 1252 2863 virga
1271 2822 1470 2862 aequitatis.
1489 2822 1621 2864 Wyclif
1635 2822 1730 2864 gives

423 2866 602 2898 reference
630 2875 665 2897 ιο
692 2867 821 2907 Psalm,
849 2867 910 2898 but
937 2875 1065 2909 quotes
1091 2867 1182 2898 from
1203 2867 1378 2899 Hebrews.
1458 2868 1505 2901 13.
1533 2868 1636 2900 Hebr.
1657 2869 1680 2909 1,
1698 2879 1729 2912 9.
