1944 3323
202 226 339 256 smnio
361 217 516 275 xxviii]
690 230 868 263 TERTlA
896 232 1022 264 PARS.

202 340 316 376 Tunc
350 338 457 375 enim
490 350 632 375 omnes
665 337 849 374 homines
881 338 942 374 vel
981 338 1104 385 gratis
1142 339 1203 375 vel
1242 338 1364 376 invite
1406 341 1527 388 glori-

203 397 382 434 ficabunt
416 396 626 433 dominum
650 398 785 432 Jesum
820 395 1040 442 Christum,
1075 406 1288 434 noscentes
1323 400 1431 446 quod
1465 399 1527 435 via

202 468 273 492 sua
320 464 378 492 est
416 454 654 501 rectissima,
696 455 882 491 doctrina
926 467 998 491 sua
1038 455 1464 504 compendiosissima·
1490 466 1527 493 et

202 513 423 562 premiacio
477 526 548 550 sua
592 512 812 550 iustissima
857 522 894 549 et
943 514 1311 561 peramandssima,
1358 524 1399 551 ut
1447 515 1528 552 vita

168 575 408 621 §perpetua
460 573 554 608 Ideo
599 571 803 619 signanter
851 571 946 608 dicit
987 572 1170 609 Christus
1202 574 1290 609 Joh.
1324 574 1446 619 X1V0,
1483 575 1525 610 6:

200 632 292 681 Ego
322 643 406 667 sum
432 630 505 678 via,
539 630 683 666 veritas
705 638 741 666 et
765 630 863 675 vita;
898 639 934 667 et
957 630 1012 666 ita
1035 630 1239 679 signanter
1262 640 1299 668 et
1328 631 1528 668 subtiliter

202 688 299 726 dicit
351 691 490 725 Petrus
543 689 653 737 quod
712 688 882 737 gentiles
943 689 1233 726 considerantes
1287 689 1528 727 christianos

202 747 394 784 radicitus
433 759 484 784 ex
521 747 629 784 bonis
668 747 848 796 operibus
885 747 1108 797 glorificent
1147 748 1274 784 Deum
1320 761 1445 796 sumn,
1490 757 1527 785 et

202 815 362 842 tenetur
395 814 530 854 strepa
564 806 725 842 dextera
760 805 878 841 huius
912 805 1074 842 milicie.

149 877 187 898 10
260 865 338 901 Sed
379 863 473 913 quia
513 863 720 900 humilitas
760 873 817 900 est
850 863 1160 900 fundamentum
1202 873 1239 900 et
1278 874 1412 901 custos
1451 865 1528 901 vir-

201 931 334 959 tutum
394 922 577 959 omnium
636 921 822 968 aliarum,
882 921 973 958 ideo
1027 924 1167 959 Petrus
1227 924 1394 959 mandat
1447 923 1528 960 suis

202 981 410 1030 discipulis
443 990 485 1017 ut
506 981 581 1017 sint
612 981 772 1017 subiecti
802 981 906 1016 omni
935 980 1082 1016 homini
1104 988 1299 1029 tamquam
1334 989 1528 1029 creature,

201 1040 242 1076 in
274 1053 353 1088 qua
386 1040 537 1076 relucet
569 1051 715 1087 ymago
750 1038 842 1085 Dei;
878 1038 1083 1075 hominem
1120 1038 1224 1076 enim
1260 1039 1389 1076 effecit
1422 1042 1529 1077 Deus

202 1100 252 1135 ad
304 1097 535 1146 ymaginem
590 1105 627 1133 et
679 1096 985 1134 similitudinem
1040 1097 1251 1134 Trinitatis
1305 1102 1362 1143 (ut
1415 1108 1528 1147 patet

150 1159 185 1192 15
203 1158 299 1193 Gen.
346 1159 415 1202 10);
473 1165 509 1192 et
555 1156 672 1192 debet
725 1155 809 1192 fieri
862 1155 937 1192 ista
988 1155 1191 1192 subieccio
1236 1169 1317 1192 non
1361 1166 1528 1205 propter

203 1223 388 1264 questum
437 1223 505 1251 aut
551 1214 708 1251 lucrum
749 1215 978 1250 habendum
1021 1215 1070 1251 ab
1110 1214 1274 1250 homine
1314 1216 1382 1251 sed
1429 1228 1528 1263 pure

203 1282 241 1310 et
280 1272 519 1321 simpliciter
557 1281 724 1321 propter
758 1273 884 1308 Deum
926 1281 963 1309 et
1004 1272 1216 1321 potissime
1251 1273 1527 1321 superioribus

203 1344 421 1381 personam
468 1330 540 1368 Dei
586 1331 971 1379 representantibus‚
1015 1331 1118 1368 sicut
1162 1332 1252 1383 regi
1296 1331 1364 1380 qui
1410 1333 1527 1368 debet

205 1391 394 1427 extollere
442 1389 482 1425 in
530 1389 769 1426 execucione
816 1389 974 1426 iusticie
1026 1389 1208 1426 feriendo
1262 1390 1432 1427 iniustos
1491 1400 1528 1427 et

106 1427 444 1508 {ggpremiando
484 1448 623 1484 iustos.
673 1447 784 1485 Sicut
825 1447 930 1484 enim
971 1460 1143 1496 persona
1188 1448 1291 1496 regis
1321 1444 1324 1501 Ι
1349 1449 1529 1498 precellit

205 1508 339 1557 quoad
373 1508 584 1552 mundum,
607 1506 663 1543 sic
697 1507 998 1543 concomitante
1030 1506 1189 1544 iusticia
1222 1508 1404 1555 precellit
1428 1507 1528 1544 alios

205 1567 339 1615 quoad
373 1567 516 1602 Deum.
558 1566 652 1602 Ideo
694 1564 899 1612 signanter
932 1567 1071 1601 Petrus
1111 1565 1308 1613 premittit
1354 1578 1444 1602 eum
1491 1575 1528 1602 et

205 1623 372 1661 dimittit
431 1624 652 1672 apostolos,
705 1622 800 1672 quia
850 1622 1028 1660 intencio
1079 1636 1151 1660 sua
1207 1632 1264 1660 est
1315 1624 1528 1661 nominare

203 1695 396 1731 personas
453 1694 544 1719 suas
593 1694 732 1729 graves
785 1681 951 1718 ecclesie
1002 1694 1079 1730 que
1130 1681 1328 1719 direccius
1379 1682 1529 1719 Christi

146 1740 384 1778 25indicant
424 1740 616 1777 deitatem
655 1740 735 1776 sive
775 1740 935 1776 ducibus
973 1748 1169 1789 tamquam
1204 1741 1330 1777 missis
1362 1753 1384 1777 a
1419 1740 1528 1788 regia

204 1807 417 1848 potestate,
452 1811 561 1844 nam,
595 1797 746 1847 policia
770 1799 992 1835 secundum
1018 1801 1145 1835 Deum
1181 1808 1338 1835 servata
1371 1798 1526 1847 integra

201 1858 304 1894 sicut
339 1856 458 1894 hodie
491 1858 692 1894 laceratur
723 1869 766 1893 ex
793 1856 1031 1893 Antichristi
1064 1856 1253 1903 stulticia,
1289 1870 1400 1905 reges
1433 1857 1526 1894 iusti

201 1916 304 1953 sicut
328 1917 474 1952 debent
498 1915 716 1964 precellere
749 1916 884 1964 quoad
918 1916 1092 1952 honores
1126 1915 1249 1952 seculi
1285 1924 1321 1952 et
1345 1915 1525 1962 timores,

201 1974 258 2012 sic
299 1975 444 2011 debent
482 1974 702 2023 precellere
746 1973 787 2010 in
825 1973 991 2019 virtute3
1038 1983 1075 2010 et
1120 1973 1175 2010 ita
1215 1975 1334 2010 duces
1380 1975 1527 2010 debent

143 2036 184 2068 30
203 2032 307 2069 mitti
331 2045 353 2069 a
377 2032 536 2081 regibus
560 2041 728 2081 propter
750 2032 822 2068 hos
848 2031 945 2068 fines
970 2032 1149 2080 duplices
1178 2033 1230 2068 ad
1253 2033 1525 2069 vindicandum

201 2092 278 2128 Dei
299 2091 480 2127 iniuriam
505 2092 551 2127 de
573 2091 894 2139 malefactoribus
917 2098 952 2126 et
976 2091 1214 2126 laudandum
1238 2091 1317 2127 Dei
1337 2091 1525 2127 iusticiam

201 2151 252 2186 ad
290 2149 573 2198 premiandum
615 2148 822 2185 moraliter
860 2148 1074 2186 virtuosos.
1121 2151 1169 2185 Et
1208 2158 1319 2198 patet
1353 2159 1526 2198 quantus

202 2209 332 2244 honor
372 2209 539 2244 debetur
586 2207 747 2256 regibus
797 2216 834 2244 et
880 2207 1049 2244 ducibus
1094 2207 1150 2244 sic
1196 2208 1526 2245 conservantibus

201 2266 368 2303 virtutes
393 2275 429 2303 et
445 2265 744 2303 destruentibus
760 2265 862 2303 vicia
877 2274 1088 2315 tamquam
1105 2266 1308 2315 precipuis
1332 2266 1527 2303 ministris

145 2326 182 2359 35
200 2327 293 2362 Jesu
326 2324 490 2362 Christi.

259 2382 383 2420 Racio
423 2392 557 2420 autern
598 2383 715 2419 huius
755 2382 1022 2419 subieccionis
1062 2382 1226 2420 humilis
1267 2391 1344 2420 stat
1378 2383 1417 2419 in
1449 2383 1525 2420 isto

201 2442 303 2491 quod
334 2441 388 2477 sic
421 2449 475 2478 est
508 2442 686 2478 voluntas
715 2442 792 2478 Dei
823 2449 862 2477 ut
894 2441 1159 2491 imprudentes
1197 2441 1406 2478 detractivi
1445 2455 1526 2478 non

202 2501 376 2536 habeant
392 2500 528 2536 datam
544 2499 799 2536 occasionem
820 2500 1057 2536 detrahendi
1076 2499 1189 2536 vobis
1208 2512 1252 2536 ex
1269 2499 1526 2537 inobediente

202 2557 405 2606 superbia,
471 2559 540 2594 sed
605 2557 746 2607 pocius
812 2558 1098 2594 obmutescendi
1160 2570 1203 2594 ex
1267 2558 1524 2595 subieccione

141 2629 186 2660 40
201 2615 429 2653 humillima
452 2616 562 2666 quasi
581 2617 694 2653 liberi
715 2629 736 2653 a
760 2624 940 2664 peccato.
966 2618 1047 2652 Nec
1071 2617 1185 2653 obest
1208 2616 1299 2653 talis
1322 2616 1524 2653 subieccio

269 2760 298 2784 4.
316 2750 411 2778 Cod.:
434 2749 749 2785 peramantissimam.
807 2749 844 2777 13.
861 2750 956 2778 Cod.:
978 2751 1007 2777 iu
1029 2759 1044 2777 a
1071 2759 1125 2779 ua:
1147 2750 1188 2777 ib.
1210 2750 1311 2777 eflicit.
1370 2749 1409 2776 16.
1428 2749 1521 2776 Cod.:

200 2786 320 2813 lucrum
337 2785 505 2812 mandavit.
561 2783 607 2811 28.
624 2783 718 2812 Cod.:
734 2784 819 2812 Sicut
834 2784 929 2812 deest.
985 2784 1030 2813 35.
1072 2785 1139 2813 od.:
1157 2784 1314 2812 accionem
1331 2784 1521 2812 detrahendi.

273 2879 324 2901 12.
349 2869 372 2901 1.
400 2868 489 2900 Petri
518 2868 560 2910 11,
586 2867 636 2900 13.
734 2867 786 2900 25.
812 2868 859 2901 ib.
883 2878 935 2909 14.
1036 2868 1088 2911 37.
1115 2867 1160 2899 ib.
1185 2868 1235 2899 15.

1735 227 1812 262 215

1568 871 1720 907 Humilitx·
1742 873 1791 899 the

1564 907 1747 934 foundation
1769 908 1804 935 of

1587 942 1624 969 all
1647 942 1772 969 virtues.

1596 1221 1656 1250 We
1678 1227 1761 1249 must

1625 1257 1742 1284 submit

1601 1293 1758 1319 ourselves

1584 1327 1730 1363 specially
1752 1333 1783 1354 to

1593 1363 1680 1389 those
1703 1362 1771 1389 who

1550 1402 1708 1432 represent
1730 1397 1811 1430 (jod,

1543 1433 1602 1459 and
1622 1433 1752 1460 oftliese
1768 1433 1818 1460 the

1569 1467 1641 1502 king
1662 1467 1687 1495 is
1709 1467 1799 1495 chief.

1576 1920 1622 1947 He
1643 1925 1727 1947 must
1748 1920 1783 1947 be

1594 1955 1762 1990 righteous.
