1944 3323
214 204 290 238 338
796 211 1017 243 JOHANNIS
1037 211 1218 243 WYCLIF
1237 212 1492 244 SERMONUM
1568 199 1717 255 [SERMO
1740 210 1801 238 XL·

498 318 678 359 delicere,
719 330 789 352 nec
831 317 944 353 aliter
988 317 1103 353 video
1148 319 1353 365 quomodo
1398 330 1605 365 possemus
1645 317 1683 353 in
1730 318 1801 354 ista

499 374 664 410 materia
699 374 908 410 balbutire.
943 376 990 410 Et
1023 377 1199 411 secundo
1231 375 1387 411 videtur
1411 374 1672 423 probabiliter
1696 377 1801 423 quod

498 441 706 479 peccatum
741 432 832 468 facit
856 432 1057 479 profectus
1082 433 1245 469 ecclesie
1269 433 1309 469 in
1331 432 1474 468 virtute
1499 432 1582 478 Dei,
1608 441 1644 468 et
1668 441 1802 468 tamen

497 490 624 537 ipsum
665 502 744 525 non
786 491 903 525 habet
937 491 1076 536 ydeam
1119 490 1157 525 in
1191 492 1273 526 Deo
1313 503 1384 527 nec
1424 503 1505 526 esse
1539 490 1702 538 aliquod
1735 492 1802 526 sed

497 549 613 583 habet
654 549 788 583 deesse
828 547 868 583 in
907 548 1086 584 subiecto
1126 548 1331 596 peccabili.
1382 550 1429 584 Et
1469 557 1603 584 tamen
1643 553 1836 595 oportet5

496 618 567 640 nos
602 618 644 641 ex
678 605 753 641 tide
786 605 981 652 scripture
1003 606 1089 641 Joh.
1113 607 1232 651 V1110,
1267 606 1316 652 34
1350 607 1510 642 credere
1543 607 1651 653 quod
1684 606 1804 641 omnis

496 664 683 711 qui-'facit
708 671 908 711 peccatum
942 676 1077 699 servus
1109 671 1163 700 est
1190 664 1350 712 peccati,
1384 673 1421 700 et
1453 665 1560 712 quod
1593 672 1800 711 peccatum

498 722 615 756 babet
660 721 806 757 multas
856 721 960 768 leges
1009 730 1044 756 et
1092 722 1237 757 multas
1282 721 1444 758 subtiles
1489 734 1534 758 ac
1579 721 1801 758 laudabiles

497 778 717 825 passiones.

221 842 396 869 ‹liu-isram
421 846 471 868 1101
554 838 601 871 Et
642 849 684 872 ex
723 836 797 873 ista
838 836 1165 873 consideracione
1211 845 1341 884 potest
1387 836 1514 873 fidelis
1561 837 1860 884 responderem

315 879 377 907 '‘Q''
497 895 546 929 ad
586 894 768 942 argucias
807 894 951 942 quibus
991 896 1180 930 suadetur
1214 895 1322 943 quod
1356 894 1536 931 Christus
1569 893 1802 931 vocabiliter

498 951 751 988 mendicavit.
798 952 838 988 Si
880 952 1096 1001 (inquiunt)
1140 952 1369 989 mendicare
1409 952 1457 988 sit
1497 965 1665 1001 egenum
1699 953 1802 987 bona

496 1009 653 1045 fortune
693 1010 777 1046 sine
817 1010 934 1046 titulo
969 1010 1161 1046 mundani
1195 1010 1316 1046 debiti
1350 1023 1422 1058 pro
1460 1024 1531 1046 suo
1564 1009 1803 1047 relevamine

496 1068 711 1115 postulare,
747 1081 835 1104 cum
861 1068 1040 1104 Christus
1074 1068 1115 1104 fit
1149 1080 1293 1115 egenus
1327 1078 1363 1104 et
1397 1067 1451 1104 sic
1482 1068 1697 1117 postulavit
1731 1080 1803 1115 pro

496 1138 567 1161 suo
607 1126 847 1162 relevamine
886 1127 990 1162 bona
1030 1126 1272 1166 huiusmodi,
1312 1126 1492 1174 sequitur
1531 1128 1638 1175 quod
1672 1125 1859 1161 taliter15

500 1184 752 1220 mendicavit.
780 1185 952 1229 Quando
977 1193 1108 1220 autem
1127 1184 1296 1232 quesivit
1312 1197 1333 1220 a
1359 1184 1525 1220 muliere
1549 1183 1802 1221 Samaritana

496 1254 655 1289 aquam,
696 1243 856 1290 quando
895 1241 990 1278 dixit
1023 1243 1196 1278 Zacheo:
1238 1242 1440 1278 Festincms
1480 1243 1675 1287 descende,
1717 1241 1801 1289 quia

495 1300 606 1335 hodie
628 1300 663 1335 in
687 1301 799 1335 domo
828 1307 890 1335 tna
921 1307 1070 1348 oportet
1093 1313 1151 1335 me
1174 1312 1342 1346 manere,
1372 1309 1408 1335 et
1431 1300 1486 1336 sic
1516 1301 1563 1336 de
1592 1299 1800 1341 similibus,

494 1357 650 1393 videtur
690 1359 798 1405 quod
839 1359 885 1393 de
923 1357 1177 1393 vescibilibus
1216 1370 1288 1405 pro
1327 1370 1398 1393 suo
1438 1357 1680 1394 relevamine
1719 1357 1801 1392 sine

496 1415 611 1450 titulo
646 1415 837 1451 mundani
863 1415 985 1451 debiti
1018 1415 1249 1463 suffragium
1284 1416 1501 1463 postulavit
1535 1425 1571 1452 et
1605 1428 1674 1463 per
1708 1427 1800 1450 con-
1819 1429 1859 1450 20

496 1486 665 1521 sequens
690 1473 943 1509 mendicavit.
978 1475 1092 1510 Unde
1117 1486 1206 1509 cum
1231 1473 1411 1510 Christus
1435 1473 1574 1510 habuit
1597 1473 1798 1509 racionem

498 1530 759 1578 multiplicem
814 1540 946 1579 preter
991 1531 1150 1567 titulum
1199 1532 1389 1567 mundani
1436 1531 1572 1578 debiti,
1617 1530 1800 1567 videlicet

496 1589 699 1625 racionem
722 1588 939 1625 divinitatis
961 1591 1180 1625 secundum
1197 1602 1315 1637 quam
1340 1598 1396 1626 est
1413 1589 1598 1625 dominus
1621 1588 1799 1625 omnium

497 1647 602 1683 circa
641 1647 786 1694 ipsum,
826 1646 1028 1683 racionem
1069 1656 1195 1683 status
1235 1647 1468 1684 innocencie
1507 1656 1544 1684 et
1589 1645 1800 1683 existencie

498 1705 535 1739 in
577 1706 693 1752 plena
732 1704 865 1752 gracia
899 1706 1117 1742 secundum
1152 1718 1250 1753 quas
1291 1714 1347 1741 est
1381 1705 1567 1741 dominus
1600 1704 1857 1744 omnium225

497 1771 605 1810 petat
639 1775 732 1810 ergo
766 1763 947 1800 Christus
980 1764 1041 1799 vel
1074 1765 1300 1799 membrum
1335 1763 1417 1800 eius
1456 1762 1696 1811 temporalia
1729 1774 1801 1809 pro

497 1833 567 1856 suo
608 1820 797 1868 suffragio
836 1822 1054 1857 secundum
1095 1821 1297 1857 racionem
1339 1821 1454 1857 huius
1494 1821 1651 1857 excluso
1684 1820 1801 1856 titulo

496 1878 684 1915 secularis
709 1878 889 1915 dominii.
925 1881 972 1914 Et
995 1888 1089 1915 tunc
1122 1891 1165 1915 ex
1188 1879 1464 1927 descripcione
1494 1879 1671 1927 sequitur
1695 1879 1801 1926 quod

498 1936 708 1973 mendicat.

248 1998 442 2045 Art-³11ing0f
552 1996 612 2030 Ad
644 1995 719 2031 ista
753 1994 958 2030 dubitatur
991 1996 1098 2042 quod
1131 1995 1341 2042 theologus
1373 2007 1455 2031 non
1489 1995 1603 2030 debet
1636 2005 1801 2029 onerare
1819 1998 1859 2029 30

249 2037 437 2102 PWJJJJJJ'UUH
501 2052 710 2089 ecclesiam
770 2052 922 2088 diffusis
981 2053 1232 2089 sermonibus
1291 2054 1359 2089 sed
1411 2052 1596 2100 antiquas
1647 2051 1801 2099 linguas

498 2112 716 2158 prudenter
760 2122 927 2146 onerare
971 2110 1107 2146 multis
1156 2110 1381 2146 sentenciis.
1437 2111 1663 2147 Secundum
1710 2121 1802 2156 ergo

497 2168 702 2216 antiquam
728 2167 1034 2215 grammaticam
1059 2168 1406 2216 philosophorum,
1423 2168 1668 2213 iuristarum‚
1692 2168 1802 2203 theo-

497 2226 678 2273 logorum
720 2226 794 2262 ista
832 2225 1059 2274 preposicio
1098 2239 1174 2275 pro
1227 2239 1314 2262 cum
1361 2239 1433 2262 suo
1480 2225 1627 2262 casuali
1673 2224 1801 2272 signat

497 2283 847 2320 circumstanciam
871 2296 940 2331 per
964 2296 1003 2319 se
1037 2296 1154 2320 cause
1189 2284 1403 2320 extrinsece
1436 2292 1478 2319 ut
1503 2283 1710 2320 efficientis
1742 2283 1857 2319 ve135

498 2341 639 2378 finalis.
675 2341 738 2378 Sic
772 2341 875 2377 enim
911 2341 1047 2377 dicunt
1080 2341 1216 2378 iuriste
1240 2344 1346 2390 quod
1380 2343 1502 2378 homo
1535 2354 1615 2377 non
1648 2353 1801 2376 excom-

498 2399 673 2435 municat
707 2412 951 2447 quemquam
993 2412 1065 2447 pro
1106 2399 1241 2448 aliquo
1281 2399 1355 2436 nisi
1391 2399 1474 2447 ipse
1507 2399 1556 2435 sit
1588 2411 1658 2447 per
1692 2411 1731 2434 se
1765 2406 1801 2433 et

496 2458 695 2504 completa
735 2470 854 2494 causa
894 2457 1324 2494 excommunicacionis
1364 2456 1605 2493 huiusmodi.
1660 2458 1707 2492 Et
1746 2456 1801 2491 sic

495 2515 533 2550 in
593 2515 797 2561 evangelio
840 2515 1032 2551 Johannis
1085 2517 1168 2559 ΙΨ),
1222 2525 1272 2559 42
1329 2515 1512 2551 dixerunt
1566 2514 1804 2550 Samaritani

564 2679 588 2706 7.
611 2671 704 2698 (joaz
734 2676 885 2706 peccatus.
1012 2672 1056 2698 23.
1078 2671 1172 2698 coa:
1201 2671 1373 2698 secularies.
1500 2670 1541 2705 37.
1565 2671 1657 2697 Cod.:
1686 2672 1797 2705 ipsum.

494 2718 537 2745 μ’.
560 2717 754 2745 huiusmodi:
776 2719 842 2744 cod.
865 2718 924 2746 (hic
945 2722 971 2744 et
993 2717 1108 2751 passim
1130 2715 1170 2743 h'i'
1191 2729 1222 2740 ε
1243 2718 1385 2749 habitus).

568 2836 615 2865 πῖ.
646 2825 756 2855 Lucae
786 2825 874 2862 XIX,
906 2826 933 2856 5.
