1944 3323
200 245 338 276 SERMO
359 234 505 298 xxm-J
688 246 863 279 TERTJA
890 245 1017 277 PARS.

198 365 333 393 autem
372 367 454 392 non
491 355 609 391 docet
647 365 718 401 per
757 351 951 400 unigeniti
991 359 1277 399 argumentum
1311 351 1380 387 sed
1414 350 1517 387 forte

198 426 318 462 super
357 415 434 450 hoc
472 412 641 461 cespitat
680 420 722 447 ut
761 411 973 459 propheta.
1026 409 1065 446 Si
1106 418 1241 446 autem
1276 408 1518 446 concluserit

198 473 307 521 quod
339 471 604 520 superflueret
629 469 764 518 aliqua
787 481 907 505 causa
931 467 1062 517 prima
1095 468 1145 504 ad
1169 466 1241 504 Dei
1276 466 1518 512 creandam,

198 543 336 567 verum
378 542 459 566 non
498 528 778 572 concluderet3
823 528 891 563 sed
936 535 1096 563 notaret
1128 525 1266 574 ydiota
1311 526 1520 574 quomodo

167 592 290 625 5sunt
340 596 514 637 quatuor
563 598 710 635 genera
760 597 973 622 causarum
1031 585 1252 621 secundum
1313 583 1519 621 racionem

199 646 400 683 distincta.
453 647 559 682 Deus
597 653 732 681 autem
774 656 845 692 per
881 655 922 680 se
961 651 1113 688 causat,
1154 655 1244 679 cum
1285 642 1397 678 cuius
1430 654 1522 678 cau-

200 704 337 742 sancia
383 704 501 740 'nulla
552 711 737 740 creatura
788 701 1077 739 communicat.
1132 703 1301 738 Notaret
1345 701 1522 737 secundo

139 763 408 827 &quomodo
432 774 503 810 per
518 773 558 798 se
577 761 821 825 quandoque
840 760 936 797 dicit
955 759 1246 796 sufficienciam
1272 757 1523 796 causacionis

105 791 186 870 26061υ
201 821 356 870 signate
379 820 463 857 sine
487 819 598 857 alio
589 833 630 856 m
653 820 794 856 eodem
825 814 829 872 Ι
858 831 1001 867 genere
1024 818 1258 864 adiuvante3
1284 826 1321 854 et
1343 817 1524 880 quando-

148 895 186 917 ιο
201 892 278 929 que
331 878 428 916 dicit
480 879 700 915 secundum
752 877 906 925 logicos
958 875 1227 914 exclusionem
1274 875 1439 912 alterius
1484 875 1524 910 in

201 949 444 988 quocunque
476 949 621 985 genere
654 934 951 973 concausantis.
987 934 1122 971 Primo
1157 935 1280 971 modo
1314 936 1419 970 Deus
1453 946 1523 981 per

199 1009 241 1033 se
273 995 421 1033 sufficit
444 1007 580 1032 creare
614 996 810 1031 mundum
843 1002 880 1030 et
905 994 1030 1029 multa
1054 993 1186 1029 facere
1219 994 1270 1029 ad
1294 1004 1370 1041 que
1404 992 1524 1028 habet

200 1068 245 1092 ex
277 1067 317 1091 se
351 1063 388 1091 et
420 1066 491 1102 per
523 1065 565 1090 se
603 1051 909 1098 sufficienciam‚
949 1053 1019 1088 sed
1057 1052 1236 1088 secundo
1271 1052 1393 1087 modo
1427 1049 1524 1086 dicit

200 1113 353 1161 logicus
392 1112 471 1159 (cui
510 1124 582 1160 ego
622 1111 837 1156 dissencio)
877 1111 985 1159 quod
1020 1111 1126 1146 Deus
1157 1122 1241 1146 non
1272 1108 1421 1146 sufficit
1454 1120 1524 1156 per

148 1176 184 1209 15
200 1184 241 1209 se
280 1183 446 1208 causare
488 1171 697 1216 mundum,
737 1182 828 1207 cum
868 1168 1087 1217 requiritur
1124 1168 1235 1204 aliud
1274 1179 1524 1204 concausans

201 1243 292 1267 cum
332 1229 433 1278 ipso⁷
473 1237 516 1265 ut
554 1237 665 1277 patet
704 1229 753 1264 de
792 1227 930 1264 mundi
976 1226 1158 1275 partibus
1203 1238 1280 1274 que
1326 1226 1522 1261 mundum

204 1287 466 1325 materialiter
488 1296 581 1324 sunt
611 1294 836 1332 causantes,
872 1294 909 1322 et
933 1286 981 1322 de
1013 1284 1308 1322 universalibus
1341 1283 1524 1332 partibus

201 1345 449 1396 quiditativis
497 1358 597 1394 quas
630 1347 736 1382 Deus
781 1343 974 1393 preexigit
1019 1342 1380 1389 concausantibus3
1434 1354 1523 1378 cum

201 1406 422 1442 secundum
461 1406 680 1440 Auctorem
720 1405 778 1440 De
812 1394 958 1439 'Causis
998 1402 1132 1452 prima
1177 1401 1344 1438 omnium
1391 1413 1523 1437 rerum

146 1479 187 1501 20
202 1471 424 1500 creatarum
458 1470 514 1499 est
545 1475 640 1509 esse,
673 1469 708 1498 et
729 1469 817 1498 ante
848 1461 972 1510 ipsum
1006 1473 1078 1496 non
1112 1468 1168 1497 est
1197 1467 1370 1496 creatum
1404 1459 1523 1494 aliud.

202 1525 370 1559 Notaret
394 1534 488 1569 ergo
522 1521 746 1557 monachus
770 1520 978 1569 quomodo
1012 1527 1098 1555 tota
1132 1517 1354 1555 christiana
1387 1517 1526 1565 regula

202 1589 238 1617 et
272 1593 343 1617 sua
377 1579 525 1616 ficticia
557 1579 774 1616 adinventa
807 1585 1098 1614 concurrerent
1130 1576 1171 1613 in
1204 1577 1346 1613 eodem
1381 1588 1525 1624 genere

201 1638 493 1686 attingendum.
528 1639 577 1673 Et
609 1640 667 1682 (ut
698 1649 791 1685 sepe
824 1635 1040 1684 assumpsi)
1075 1635 1189 1671 multi
1219 1634 1373 1671 viantes
1406 1633 1525 1670 attin-

201 1705 339 1746 gerent
355 1697 431 1733 hoe
454 1695 636 1732 bravium
661 1695 832 1741 brevius,
858 1693 1187 1743 compendiosius
1211 1702 1331 1741 atque
1355 1692 1524 1737 facilius,

148 1761 187 1794 25
203 1768 296 1804 ergo
330 1754 503 1791 tradicio
536 1754 866 1802 supercumulata
907 1762 965 1789 est
997 1752 1203 1801 superflua
1235 1760 1356 1800 atque
1389 1751 1524 1787 stulta.

263 1813 415 1859 Quinto
448 1811 581 1861 arguit
604 1813 805 1860 dompnus
837 1811 914 1848 sic:
949 1812 1050 1848 Cum
1074 1809 1336 1847 observancia
1361 1810 1526 1845 manda-

204 1882 338 1909 torum
372 1883 442 1920 per
473 1883 515 1908 se
547 1870 694 1908 sufficit
717 1871 766 1907 ad
800 1870 986 1916 salutem,
1020 1878 1115 1905 tunc
1147 1867 1410 1905 observancia
1435 1879 1528 1903 con-

205 1930 387 1967 siliorum
424 1938 482 1967 est
513 1929 731 1978 superflua.

264 1990 342 2026 Sed
381 1987 507 2025 miror
538 2000 617 2037 qua
653 1988 785 2024 fronte
824 1986 1034 2023 edentulus
1074 1985 1147 2022 iste
1186 1984 1328 2021 asserit
1361 1985 1437 2020 hoc
1469 1996 1530 2020 as-

151 2054 191 2086 30
207 2056 427 2095 sumptum,
469 2059 559 2083 cum
598 2047 746 2082 nedum
788 2047 838 2082 ad
876 2045 1048 2081 salutem
1082 2043 1258 2080 hominis
1292 2043 1419 2079 multa
1452 2041 1530 2078 alia

207 2114 340 2155 preter
363 2105 482 2142 istam
515 2103 821 2142 observanciam
854 2111 946 2140 sunt
969 2103 1009 2139 in
1041 2102 1129 2139 aliis
1162 2101 1374 2150 generibus
1399 2100 1530 2149 requi-

207 2164 294 2210 sita,
329 2164 399 2200 sed
430 2163 471 2200 in
502 2175 646 2211 genere
680 2174 798 2199 cause
832 2160 1053 2198 materialis
1087 2173 1132 2197 ac
1166 2159 1390 2205 efficientis,
1422 2159 1530 2208 quod

207 2231 264 2259 est
308 2221 415 2259 idem
462 2234 553 2258 cum
598 2233 741 2269 genere
791 2219 1052 2257 observancie
1094 2219 1395 2263 mandatorum,
1441 2225 1531 2253 sunt

208 2281 334 2317 multa
374 2279 452 2317 alia
491 2279 697 2328 requisita.
743 2280 915 2327 Oportet
954 2277 1060 2315 enim
1095 2278 1204 2326 quod
1238 2276 1531 2313 beatificandus

149 2344 189 2376 ‘35
208 2347 398 2387 operetur
444 2337 649 2374 meritorie
699 2350 778 2386 que
829 2336 1019 2385 operacio
1065 2334 1324 2383 distinguitur
1369 2335 1419 2371 ab
1464 2333 1532 2370 illa

208 2396 484 2434 observancia.
530 2399 613 2433 Nec
652 2404 784 2444 potest
823 2395 1039 2444 quisquam
1080 2395 1296 2430 observare
1337 2393 1532 2429 mandata

208 2455 283 2492 nisi
323 2468 369 2492 eo
409 2455 496 2503 ipso
536 2456 721 2491 observet
761 2453 929 2491 consilia
969 2462 1006 2490 et
1049 2453 1195 2489 multas
1228 2451 1326 2488 alias
1361 2450 1532 2488 circum-

281 2646 301 2665 1.
323 2636 418 2665 Cod.:
441 2635 626 2672 argumenti.
746 2634 771 2664 3
793 2634 888 2663 Cod.:
910 2635 1100 2668 creanciam;
1128 2634 1166 2661 cf.
1189 2633 1289 2661 Serm.
1311 2631 1333 2667 1,
1357 2640 1417 2668 171,
1439 2632 1456 2659 Ι.
1480 2630 1532 2664 26,-

211 2673 262 2703 ΙΙΙ,
285 2680 319 2707 ιι,
341 2673 359 2699 l.
381 2671 424 2699 32.
498 2672 544 2699 26.
566 2671 599 2698 In
621 2678 717 2705 marg.
729 2680 735 2686 ·
757 2669 782 2697 5.
855 2677 903 2705 29.
924 2670 957 2697 In
979 2677 1093 2705 marg:
1116 2668 1299 2704 Responsio.

287 2801 337 2834 ¹9·
365 2790 498 2823 Auctor
527 2791 576 2822 De
604 2790 727 2822 Causis
754 2790 774 2821 i.
802 2799 831 2820 e.
857 2788 1110 2831 AlpharabiuS.
1145 2787 1197 2820 Cf.
1216 2787 1338 2827 Trial„
1372 2797 1450 2829 pag.
1479 2784 1533 2818 86.

215 2837 292 2886 Vid.
327 2837 419 2881 Opp.
460 2838 497 2869 B.
523 2836 688 2868 Thomae
720 2836 787 2878 Aq.
822 2835 950 2879 Expos.
982 2836 1014 2867 in
1050 2835 1196 2867 Librum
1234 2835 1275 2866 de
1305 2833 1441 2872 Causis,
1480 2833 1533 2864 ed.

219 2884 317 2928 1392,
342 2884 403 2916 fol.
433 2894 462 2916 2.
565 2882 617 2916 26.
646 2883 741 2915 Fasc.
768 2881 843 2920 ziz„
870 2893 947 2925 pag.
969 2892 1046 2924 ²40·

1546 417 1647 444 Three
1669 418 1694 444 ki
1703 418 1759 444 uds
1781 418 1814 444 os

1617 460 1723 479 cause<

1560 1815 1582 1842 5.
1607 1814 1651 1840 He
1672 1822 1797 1848 urgues:

1555 1850 1582 1876 11·
1601 1850 1621 1876 it
1643 1849 1668 1876 is
1690 1850 1810 1883 enough

1556 1890 1586 1911 to
1608 1884 1738 1911 observo
1760 1886 1808 1911 llic

1592 1920 1775 1946 command-

1628 1960 1739 1987 ments,

1563 1990 1752 2016 obser-rauce
1773 1993 1803 2016 01

1590 2026 1734 2051 conus-‚is
1756 2024 1781 2051 is

1582 2060 1790 2095 superfluous.

1558 2284 1624 2308 (uic
1646 2285 1756 2308 cannot
1781 2281 1813 2306 b:

1609 2316 1759 2343 obscrxed

1590 2352 1719 2378 without
1740 2351 1789 2377 llic

1639 2387 1735 2413 other.
