1944 3323
154 269 291 298 sERMO
313 258 366 315 Χ]
641 271 815 303 TERTIA
842 270 969 302 PARs.
1717 276 1766 310 77

157 381 298 424 Deum,
340 377 544 426 puniendo
584 377 623 413 in
663 389 757 413 casu
796 375 1022 424 simplicem
1064 377 1345 424 presbyterum
1387 385 1478 412 ante

154 435 347 473 noticiam
373 437 489 484 culpe
512 448 600 480 sue;
625 436 733 484 quod
757 434 921 470 indubie
943 436 1047 470 Deus
1070 446 1152 470 non
1177 442 1310 482 potest
1334 433 1476 470 facere.

156 497 365 543 Repugnat
382 494 487 531 enim
498 493 570 530 Dei
586 492 888 541 omnipotencie
904 493 1011 542 quod
1024 494 1129 528 Deus
1150 491 1291 540 puniat
1301 491 1477 540 aliquem

154 565 228 602 pro
277 566 349 589 suo
383 551 563 597 crimine,
599 560 818 600 antequam
852 550 1009 587 noverit
1043 550 1196 587 crimen
1228 548 1342 587 illud.
1383 552 1478 587 Pro-

121 615 137 648 5
155 611 271 648 bacio
288 620 422 648 autem
439 610 529 647 talis
546 609 725 647 criminis
743 608 988 658 predicantis
1004 617 1142 657 patere
1157 617 1290 657 potest
1307 608 1478 645 maxime

155 681 198 706 ex
214 668 447 706 testimonio
471 668 661 705 auditorii
684 667 929 716 prudencius
954 666 1344 715 evangelizacionem
1370 679 1478 715 pres-

155 727 282 776 byteri
322 727 535 764 audientis.
588 728 723 763 Potest
769 726 875 762 enim
916 725 1210 774 pseudoydiota
1251 737 1294 762 ex
1329 725 1479 761 invidia

156 795 192 822 et
257 798 350 823 ceca
414 785 649 834 ignorancia
714 784 862 821 iustum
928 785 1207 832 presbyterum
1273 796 1477 820 accusare.

156 846 247 880 Ideo
281 844 313 881 si
347 857 463 881 cecus
498 844 589 881 talis
623 856 762 880 cecum
787 843 988 892 prelatum
1013 842 1134 879 talem
1161 843 1280 878 ducat
1307 843 1356 878 ad
1382 842 1478 878 irre-

101 917 139 939 10
153 903 346 951 gulariter
378 902 641 951 puniendum,
675 903 795 938 ambo
828 901 869 938 in
901 901 1057 937 foveam
1092 901 1255 938 cadunt.
1291 902 1339 936 Et
1369 909 1478 948 patet

155 963 361 1010 quomodo
396 961 609 1010 episcopus
643 962 761 997 debet
795 971 990 996 evacuare
1013 960 1061 995 de
1085 971 1157 995 sua
1182 958 1333 995 diocesi
1357 959 1478 995 falsos

154 1029 191 1056 et
207 1019 383 1057 indebite
407 1020 672 1068 predicantes.
698 1017 857 1055 Christo
882 1017 987 1054 enim
1004 1017 1285 1066 imposuerunt
1301 1016 1475 1065 pharisei

154 1087 191 1114 et
224 1078 311 1115 falsi
344 1079 574 1115 sacerdotes
608 1078 716 1126 quod
749 1076 790 1113 in
820 1076 1017 1113 Belzebub
1051 1075 1234 1124 principe
1268 1075 1478 1111 demonio-

152 1150 241 1173 Jum
277 1136 368 1173 eicit
401 1136 591 1173 demonia
623 1139 680 1181 (ut
713 1144 823 1184 patet
856 1134 1023 1171 Matthei
1055 1135 1159 1180 X110‚
1186 1142 1223 1170 et
1247 1135 1353 1170 Luce
1375 1135 1477 1181 XIO).

101 1198 137 1231 15
153 1197 201 1231 Et
225 1208 315 1231 cum
341 1196 610 1243 dampnosum
634 1193 772 1231 fuisset
794 1194 917 1229 Judee
940 1193 1049 1242 quod
1081 1201 1239 1229 tantum
1263 1191 1391 1229 iocale
1415 1204 1477 1228 ex·
1503 1206 1608 1241 vasque
1630 1208 1758 1243 charges

153 1262 308 1290 trusum
341 1253 479 1290 fuisset
502 1262 571 1290 aut
604 1252 822 1289 extinctum
857 1252 906 1288 ab
940 1251 1040 1300 ipsa,
1065 1251 1156 1287 ideo
1191 1250 1396 1287 modicum
1421 1259 1478 1286 est
1547 1243 1715 1306 ffloljlffiffil

153 1313 262 1360 quod
292 1311 379 1349 falsi
412 1320 532 1349 testes
565 1310 779 1360 imponant
803 1309 975 1346 heresim
1008 1309 1223 1355 sacerdoti,
1257 1308 1333 1345 nisi
1358 1309 1476 1357 plane
1524 1314 1736 1348 dim-egardcd.

155 1371 230 1407 hoc
252 1372 396 1407 docere
420 1370 626 1419 potuerint
649 1382 693 1406 ex
715 1368 934 1417 scriptura3
960 1377 996 1404 et
1011 1368 1114 1405 forte
1138 1367 1169 1404 si
1183 1367 1352 1416 quilibet
1376 1367 1477 1415 epis-

155 1441 280 1477 copus
312 1429 353 1466 in
385 1429 528 1477 Anglia
569 1428 847 1477 episcopatum
892 1440 1008 1463 suum
1042 1426 1273 1462 defenderet
1306 1438 1328 1462 a
1373 1425 1477 1474 lupis

98 1503 140 1524 20
155 1487 368 1536 rapacibus
393 1496 430 1524 et
455 1485 954 1536 pseudopredicatoribus,
972 1494 1054 1522 tam
1073 1484 1157 1533 ipse
1179 1484 1283 1520 foret
1305 1483 1478 1520 necessi-

155 1554 260 1583 tatus
277 1546 404 1583 multa
420 1547 467 1582 de
483 1546 567 1594 lege
584 1545 733 1583 Christi
755 1543 962 1581 addiscere
985 1552 1022 1580 et
1042 1544 1186 1579 docere
1202 1555 1323 1591 quam
1350 1541 1477 1578 eciam

155 1604 273 1652 pauci
295 1604 432 1641 fideles
455 1603 672 1652 evangelici
688 1611 958 1640 remanerent.
980 1601 1125 1638 Videat
1146 1613 1240 1649 ergo
1265 1599 1478 1649 episcopus

155 1675 203 1699 ne
227 1665 416 1700 abutatur
432 1676 503 1700 sua
526 1670 726 1711 potestate
746 1661 852 1697 ultra
870 1661 1042 1697 formam
1069 1659 1263 1707 evangelii
1279 1658 1476 1695 faciendo.

214 1723 261 1757 Et
300 1730 496 1771 quantum
542 1722 592 1758 ad
634 1720 809 1769 primam
857 1717 1230 1763 confirmacionem,
1279 1726 1390 1766 patet
1434 1729 1477 1753 ex

99 1785 138 1818 25
156 1780 361 1828 evangelio
392 1779 540 1817 Christi
570 1788 608 1816 et
636 1778 696 1815 sui
720 1777 906 1826 Apostoli
930 1777 1137 1826 quomodo
1167 1775 1300 1824 primo
1332 1775 1477 1812 veritas
1494 1782 1521 1820 It]
1539 1782 1769 1817 salscteaching

155 1839 244 1876 falsi
277 1838 478 1887 dogmatis
511 1839 628 1875 debet
660 1837 771 1874 nosci
806 1846 843 1873 et
876 1836 944 1872 illa
978 1844 1074 1872 nota
1108 1836 1223 1871 debet
1264 1833 1478 1882 episcopus
1510 1817 1757 1887 {,⁵}5l]{*‚‘ssssffl}„¹,¹1¹j

156 1897 195 1933 in
234 1910 407 1946 persona
446 1896 612 1945 propria
652 1904 793 1932 contra
832 1895 962 1943 ipsum
1003 1893 1189 1930 invehere
1230 1901 1267 1928 et
1305 1891 1346 1928 in
1379 1891 1478 1928 veri·
1506 1887 1756 1949 ΡΓΨᾸΝῙῙΠᾸῘ-’ἐῦῑῐῑὸῐ

155 1964 236 1992 tate
260 1955 458 1993 catholica
484 1967 528 1992 ex
550 1953 784 1991 testimonio
807 1952 1004 2001 scripture
1033 1952 1229 2000 populum
1246 1950 1477 1987 informare.

156 2015 233 2051 Sed
258 2016 380 2051 modo
404 2015 598 2051 excedunt
629 2025 767 2060 segnes
790 2010 1174 2060 prelatiJohannem
1199 2010 1477 2058 presbyterum

99 2076 141 2108 30
156 2073 223 2121 qui
265 2074 324 2121 (ut
362 2073 502 2121 fertur)
545 2071 584 2108 in
623 2072 861 2119 prandendo
900 2068 1080 2117 loquitur
1119 2067 1320 2104 maniace:
1366 2068 1478 2103 Nunc

65 2123 140 2186 ¹²0¹}
154 2132 330 2168 comedat
361 2139 462 2167 totus
495 2130 671 2166 mundus.
707 2128 879 2174 Quidam
907 2127 1011 2164 enim
1036 2126 1180 2176 prelati
1209 2121 1213 2180 1
1242 2139 1324 2162 non
1346 2126 1475 2162 solum

62 2170 126 2211 ²46
155 2190 371 2239 prohibent
405 2189 540 2225 fideles
570 2189 619 2225 ab
649 2187 804 2224 actibus
827 2185 1077 2223 naturalibus
1101 2193 1138 2221 et
1162 2184 1379 2221 meritoriis
1402 2183 1476 2220 sibi

156 2257 193 2285 et
216 2248 322 2296 plebi
345 2246 579 2284 necessariis
602 2258 672 2295 per
695 2245 1014 2294 suspensionem,
1046 2243 1414 2280 incarceracionem
1440 2251 1476 2278 et

156 2306 306 2343 similes
341 2306 454 2343 fictas
477 2317 665 2342 censuras
688 2305 757 2340 sed
780 2316 802 2340 a
826 2302 1109 2352 predicacione
1133 2301 1342 2349 evangelii,
1368 2301 1476 2349 quod

101 2366 140 2400 35
157 2374 214 2401 est
247 2377 348 2413 opus
383 2363 554 2401 maxime
587 2362 751 2411 dignum
793 2374 839 2399 ac
876 2360 1147 2398 necessarium
1176 2359 1333 2405 viatori,
1368 2359 1476 2408 quod

157 2425 363 2472 presbyter
395 2423 596 2459 Johannes
628 2421 689 2458 vel
719 2421 897 2469 prelatus
920 2418 1139 2469 paganicus
1162 2431 1243 2454 non
1267 2417 1474 2466 presumit.

227 2580 254 2604 4.
278 2569 315 2597 1³:
336 2574 501 2604 antequam
523 2576 626 2604 peene.
690 2567 713 2596 5.
735 2566 775 2594 F:
799 2572 915 2602 pateret
935 2567 1079 2595 maxime.
1148 2574 1174 2601 7,
1196 2565 1223 2594 8.
1245 2565 1290 2593 A:
1311 2564 1428 2591 invidia
1449 2568 1476 2590 et

158 2607 252 2633 deest.
311 2614 350 2632 ιο.
374 2605 418 2632 A:
440 2604 558 2632 cadent.
623 2611 661 2630 12.
682 2604 727 2630 A:
750 2607 777 2629 et
798 2603 891 2629 deest.
957 2610 997 2635 14.
1020 2602 1064 2629 A:
1086 2605 1113 2627 et
1134 2601 1228 2627 deest.
1293 2600 1332 2626 18.
1355 2600 1398 2626 A:
1423 2607 1475 2633 po—

157 2641 258 2668 tuerit.
316 2648 360 2667 20.
378 2641 421 2666 A:
443 2639 521 2665 foret
541 2638 634 2665 deest.
691 2645 737 2671 24.
756 2637 794 2664 F:
815 2637 851 2664 ad
876 2637 1011 2672 primum
1033 2636 1134 2669 deest;
1156 2635 1196 2662 ib.
1211 2636 1240 2663 A
1261 2635 1290 2662 in
1313 2642 1427 2667 marga
1450 2641 1474 2659 2.

156 2683 204 2710 251.
225 2677 253 2703 A
274 2675 302 2703 in
325 2683 438 2709 marg:
460 2673 551 2701 Nota.
626 2671 664 2700 31.
685 2674 729 2701 A:
753 2672 901 2708 Quidem.

230 2758 282 2791 28.
310 2758 360 2790 Cf.
380 2758 600 2799 Trialogum,
628 2766 705 2799 pag.
727 2757 804 2799 237.
832 2755 885 2789 Cf.
903 2766 977 2798 cap.
995 2754 1134 2787 XXVII.
1165 2753 1300 2785 Itineris
1326 2751 1404 2784 Joh.
1432 2751 1476 2782 de

159 2806 378 2837 Montevilla:
415 2804 466 2837 Of
494 2803 552 2836 the
587 2804 696 2846 ryalle
729 2809 838 2834 estate
871 2801 912 2833 of
935 2808 1070 2845 prestre
1096 2800 1188 2832 John
1217 2807 1281 2832 etc.
1309 2797 1475 2838 Zarncke,

160 2853 230 2884 Der
258 2853 410 2884 Priester
435 2850 617 2883 Johannes
651 2849 953 2892 (Abhandlungen
985 2848 1016 2880 d.
1045 2846 1237 2891 plum-hist.
1265 2846 1387 2877 Classe
1414 2844 1475 2875 der

160 2899 229 2940 kgl.
249 2898 361 2930 sacbs.
382 2899 461 2930 Ges.
483 2898 516 2929 d.
536 2896 856 2937 wissenschaften,
875 2895 946 2932 VII,
965 2893 1186 2937 829—1030,
1202 2893 1291 2931 VIII,
1316 2889 1474 2931 1—186).
