1944 3323
150 258 287 289 SERMO
309 249 404 308 tvi]
635 261 810 296 TERT1A
839 262 968 296 PARS.
1677 260 1756 307 483

636 439 830 480 SERMO
866 440 972 481 LVI.

211 545 448 596 Confidimus
482 547 517 582 in
552 547 706 583 domino
737 547 827 583 Jesu
862 556 936 584 etc.
971 548 1031 583 Ad
1066 547 1165 585 Phil.
1200 551 1249 594 10,
1285 550 1321 586 6.

206 605 248 640 In
298 603 373 641 ista
426 604 596 653 epistola
641 605 817 641 ostendit
863 614 899 642 et
948 606 1215 654 exemplificat
1247 608 1468 655 Apostolus

148 661 372 708 caritatem,
406 664 613 711 quomodo
647 663 792 712 prelati
826 662 866 699 in
899 663 1020 711 signis
1052 677 1094 700 se
1127 665 1273 701 habere
1298 667 1470 703 debeant

115 720 197 755 5ad
241 733 334 757 suos
377 721 561 758 subditos
610 730 646 758 et
687 731 864 758 econtra.
912 721 1018 758 Dicit
1058 735 1152 770 ergo
1193 723 1326 771 primo
1360 726 1466 773 quod

146 776 231 825 ipse
270 787 307 815 et
347 779 445 816 socii
485 780 544 816 sui
584 780 780 830 confidunt
817 781 853 816 in
894 781 1047 816 domino
1078 782 1167 816 Jesu
1209 782 1274 830 qui
1303 783 1400 831 cepit
1432 783 1468 819 in

146 836 198 871 eis
236 849 331 885 opus
368 838 505 874 bonum
546 846 581 874 et
613 839 790 888 pefficz'et
828 851 946 887 usque
977 839 1013 875 in
1047 839 1146 875 diem
1177 840 1268 876 Jesu
1307 841 1465 877 Christi.

55 922 112 952 FO,
146 895 258 942 Opus
290 904 424 932 autem
458 897 534 933 hoc
568 899 717 933 bonum
752 905 810 933 est
835 896 1043 933 conversio
1076 897 1245 934 istarum
1280 898 1465 946 gencium
1530 906 1596 934 Tlie
1619 907 1711 946 ‘good

48 966 130 1009 34gb
146 965 222 1000 que
262 954 414 990 excedit
453 954 589 991 omnia
631 955 789 991 edificia
817 952 822 1007 Ι
850 956 911 992 vel
944 964 1108 1004 questus
1148 956 1288 1003 seculi,
1322 957 1361 993 id
1395 966 1467 1003 est,
1504 942 1745 1004 g2‚{‡{¹{,‡i⁵0s¹l¹¹{,1

93 1026 130 1047 10
146 1013 229 1047 Deo
262 1011 518 1059 singulariter
551 1013 868 1050 architectonice
892 1013 1165 1050 tribuendum.
1200 1017 1307 1051 Deus
1331 1024 1465 1052 autem
1518 1012 1567 1038 ΠΝ
1590 1012 1722 1050 nations.

145 1069 401 1117 singulariter
439 1070 592 1119 incipit,
635 1071 844 1108 continuat
890 1080 927 1108 et
967 1072 1159 1109 terminat
1200 1072 1305 1109 istud
1351 1086 1465 1122 opus,

145 1136 181 1163 et
206 1140 295 1164 cum
326 1141 407 1165 non
436 1139 572 1177 posset
601 1131 722 1166 stulte
745 1130 961 1178 quicquam
986 1130 1177 1178 incipere,
1213 1133 1282 1168 sed
1305 1141 1468 1180 oportet

145 1187 253 1234 quod
290 1186 496 1235 inceptum
535 1201 650 1224 suum
692 1188 940 1236 complecius
972 1188 1148 1225 virtuose
1190 1189 1396 1226 continuet
1430 1200 1466 1227 et

143 1244 401 1282 laudabiliter
434 1256 657 1289 consumet,
692 1256 802 1295 patet
835 1248 943 1295 quod
977 1247 1152 1294 humilis,
1188 1248 1396 1286 meritoria
1430 1258 1466 1285 et

91 1303 357 1340 15laudabilis
397 1305 649 1342 confidencia
694 1305 734 1341 in
772 1305 948 1342 Domino
986 1315 1044 1342 est
1083 1319 1184 1354 opus
1225 1307 1360 1343 taliter
1408 1307 1466 1343 in-
1483 1314 1651 1359 'Siqceth
1672 1316 1757 1343 work

144 1370 304 1409 ceptum
351 1364 478 1399 Deum
531 1363 779 1412 complecius
832 1376 1085 1401 consumare.
1138 1366 1188 1400 Et
1232 1365 1305 1402 hec
1355 1350 1759 1420 racio¹⁵b{¹‘}⁸3„ss{ss}e¹fflft

144 1432 267 1468 quare
316 1430 530 1458 noscentes
581 1434 621 1458 se
665 1421 825 1458 fundari
877 1422 917 1458 in
969 1432 1109 1459 sancto
1160 1423 1372 1471 proposito
1418 1425 1466 1460 de

144 1478 442 1516 rectificacione
487 1480 652 1516 ecclesie
698 1480 906 1517 confidunt
945 1482 1054 1529 quod
1094 1483 1199 1517 Deus
1238 1479 1346 1533 (cum
1390 1481 1464 1518 sibi

144 1535 356 1588 placuerit)
386 1537 426 1573 in
456 1538 518 1574 die
547 1538 685 1574 iudicii
708 1539 769 1575 vel
799 1548 892 1576 ante
914 1539 1172 1576 laudabiliter
1195 1540 1463 1577 consumabit.

86 1594 302 1631 2oScimus
347 1596 508 1644 quidem
554 1598 662 1645 quod
717 1597 912 1634 exercitus
961 1597 1112 1634 diaboli
1164 1610 1245 1634 non
1291 1598 1466 1635 finaliter

144 1653 376 1700 prevalebit.
413 1656 527 1691 Unde
561 1655 643 1691 dies
676 1655 814 1692 iudicii
855 1655 986 1692 finalis
1021 1655 1168 1692 dicitur
1208 1656 1465 1705 singulariter
1517 1699 1521 1703 Ι
1549 1663 1616 1691 The
1637 1665 1702 1704 last·

143 1711 226 1748 dies
260 1712 415 1749 domini
447 1715 539 1749 Jesu
572 1713 734 1760 Christi,
776 1714 870 1762 quia
910 1714 950 1750 in
983 1714 1052 1751 illo
1086 1714 1149 1751 die
1182 1714 1267 1763 ipse
1299 1715 1462 1752 habebit
1497 1700 1744 1762 ςᾎιῗῆῇᾞῗᾝῇχ

142 1769 302 1806 finalem
342 1780 558 1809 tractatum
600 1785 691 1808 cum
732 1772 914 1809 hostibus
955 1782 992 1809 et
1033 1773 1282 1809 consumatis
1323 1786 1462 1810 eorum
1479 1769 1514 1796 of
1529 1769 1617 1796 „lesus
1640 1767 1755 1803 Christ,

143 1828 312 1865 maliciis
351 1842 492 1877 pacem
532 1843 645 1867 suam
685 1840 882 1878 perpetuo
922 1831 1193 1870 confirmabit.
1245 1831 1309 1868 Sic
1356 1831 1461 1868 enim
1497 1808 1744 1867 a{ail{1qitliffte‘l-¹⁹

85 1889 124 1921 25
142 1885 330 1923 dicuntur
368 1888 460 1924 Dies
503 1888 683 1925 Marchie
720 1890 782 1925 vel
821 1889 914 1925 Dies
957 1889 1204 1926 Marchiatus
1250 1889 1463 1926 concordis
1480 1874 1756 1936 tffigecffi'g‘ti’hlgffie

142 1956 281 1981 eorum
315 1946 523 1982 hominum
560 1947 627 1995 qui
661 1956 776 1983 erunt
799 1947 840 1983 in
874 1947 950 1983 illis
984 1947 1223 1984 tractatibus
1256 1947 1461 1996 capitales.
1544 1944 1573 1971 ¹¹¹
1596 1944 1691 1971 them.

141 2003 234 2039 Ideo
268 2003 350 2040 dies
384 2013 476 2041 ante
510 2005 628 2042 finale
662 2005 856 2042 iudicium
889 2015 1086 2042 vocantur
1119 2006 1202 2043 dies
1236 2005 1462 2052 hominurn,

141 2062 209 2097 sed
249 2061 317 2098 illa
355 2072 523 2100 vocatur
561 2063 819 2112 singulariter
861 2064 943 2100 dies
983 2063 1137 2100 domini
1169 2063 1260 2101 Jesu
1300 2064 1462 2111 Christi,

140 2121 246 2156 unde
292 2120 375 2157 dies
426 2121 548 2157 seculi
592 2131 710 2158 vocat
754 2123 972 2171 Apostolus
1018 2123 1101 2159 dies
1149 2122 1359 2159 hominum
1407 2127 1463 2167 (ut

83 2180 125 2212 30
140 2186 250 2225 patet
283 2180 316 2214 Ia
348 2180 399 2215 ad
429 2181 520 2216 Cor.
555 2182 639 2226 IV0,
668 2181 717 2227 3).
763 2182 841 2217 Sed
875 2181 980 2217 diem
1012 2180 1176 2217 Domini
1208 2190 1325 2218 vocat
1358 2180 1463 2217 diem

141 2235 271 2272 finalis
310 2236 448 2273 iudicii
487 2235 548 2290 (ut
585 2247 696 2286 patet
735 2238 799 2274 hic
839 2248 876 2275 et
909 2251 1004 2287 sepe
1037 2237 1160 2290 alibi),
1196 2239 1289 2288 quia
1323 2239 1363 2275 in
1397 2239 1464 2275 illa

140 2293 202 2329 die
235 2307 307 2331 sua
340 2296 545 2332 sentencia
578 2297 812 2344 prevalebit,
848 2310 924 2346 que
948 2297 1041 2333 licet
1064 2310 1223 2345 semper
1245 2298 1462 2346 prevaleat,

138 2360 274 2388 tamen
308 2353 376 2389 illa
409 2355 613 2390 sentencia
648 2364 707 2391 est
740 2368 847 2392 nunc
882 2357 1034 2392 mundo
1068 2356 1320 2392 abscondita.

195 2411 383 2459 Applicat
415 2421 546 2448 autem
572 2414 790 2461 Apostolus
821 2413 1165 2461 significacionem
1190 2426 1259 2450 sue
1283 2413 1462 2450 caritatis

81 2468 216 2504 35suis
271 2470 472 2506 conversis
527 2472 625 2508 dans
678 2472 905 2520 exemplum
951 2472 1117 2520 prelatis
1163 2472 1219 2508 sic
1267 2471 1460 2508 faciendi:

138 2526 257 2574 Sicut,
296 2527 439 2577 inquit,
481 2537 536 2565 est
575 2530 670 2565 mihi
706 2530 847 2566 iustum
888 2530 958 2566 hoc
997 2530 1140 2566 sentire
1173 2542 1250 2580 pro
1289 2530 1462 2566 omnibus

206 2656 231 2687 ᾳ.
252 2648 402 2684 Vulgare:
431 2649 595 2685 Confidens
615 2651 673 2679 hoc
692 2652 705 2679 i
725 2660 802 2686 sum,
822 2653 895 2688 quia
915 2653 971 2688 qui
988 2653 1069 2688 cepit
1087 2653 1118 2680 in
1140 2652 1224 2680 vobis
1244 2660 1322 2688 opus
1341 2653 1461 2686 bonum,

133 2684 279 2722 perficiet
296 2692 392 2723 usq-ue
411 2685 442 2712 in
463 2685 543 2712 diem
562 2686 680 2713 Christi
716 2696 778 2726 esu.
880 2688 906 2714 6.
930 2687 1026 2715 Cod.:
1055 2688 1126 2729 ipsi.
1224 2695 1267 2728 ²²:
1290 2688 1322 2715 In
1346 2696 1460 2729 marg:

136 2719 209 2746 Dic-s
230 2718 366 2746 Domini.
442 2727 486 2755 29.
508 2722 541 2748 ln
564 2730 680 2756 marg:
708 2722 780 2749 D1es
803 2723 907 2750 seculi.
981 2722 1026 2749 30.
1051 2722 1148 2750 Lod:
1175 2722 1213 2749 II.
1236 2724 1308 2750 (mr.
1331 2722 1360 2749 IX

211 2813 238 2836 1.
266 2803 450 2836 Dominica
475 2803 642 2837 vicesima
677 2806 830 2838 secunda
864 2815 945 2848 post
970 2806 1191 2838 Trinitatem.
1229 2805 1281 2839 Cf.
1304 2803 1461 2848 Wyclif's

136 2851 319 2889 sermons,
341 2850 394 2882 ed.
415 2850 459 2893 by
478 2850 624 2892 Arnold,
644 2852 684 2893 II,
704 2862 783 2895 pag.
806 2852 1002 2894 368-370.
1102 2853 1155 2885 25.
1186 2853 1268 2884 Dies
1297 2852 1461 2892 Marchie,

135 2906 194 2927 see
225 2896 470 2939 Walsingham
502 2898 539 2936 11,
567 2908 624 2939 41,
649 2898 728 2930 108.
828 2897 882 2930 36.
910 2898 997 2931 Phil.
1026 2899 1049 2939 1,
1076 2910 1107 2942 7.

1253 2955 1317 2989 31*
