1944 3323
86 259 160 293 126

114 552 180 579 The
200 552 318 579 faithful

106 592 187 614 must
208 587 326 613 abstzlin

90 622 171 649 from
192 621 286 656 lving.
308 630 340 648 as

104 657 184 684 from
203 654 326 692 luxury.

77 1016 181 1043 Friars
201 1015 288 1049 given
310 1019 339 1042 to

166 1052 258 1086 lying.

164 1189 260 1217 Their

122 1225 303 1259 beginning:

106 1269 125 1287 1.
150 1260 324 1288 l'reachers,

130 1545 155 1565 2.
177 1538 305 1573 Minors,

77 1768 102 1797 3.
116 1769 351 1805 Augustinians,

95 2127 125 2152 4.
148 2118 339 2145 Carmehtcs.

103 2349 172 2377 Lies
193 2349 227 2377 of
243 2349 328 2376 these

96 2385 154 2411 last
175 2385 281 2411 orders
302 2393 335 2411 as

85 2424 115 2446 to
136 2419 213 2446 their
234 2419 345 2453 origin.

662 266 886 298 JouANNJs
905 266 1088 298 wvcmr
1108 265 1365 298 SERMONUM
1418 252 1569 310 [SERMO
1591 263 1673 291 xvi.

368 372 476 408 aerio
522 373 731 421 inspirato,
775 384 867 408 nam
908 374 1013 408 Deus
1058 380 1115 407 cst
1159 371 1322 419 spiritus
1363 371 1430 420 qui
1476 372 1675 408 infinitum

369 430 600 478 prompcius
639 439 741 466 astat
781 429 859 465 suis
902 428 1085 465 fidelibus
1130 429 1364 466 adiuvandis
1409 442 1527 478 quam
1575 438 1677 466 astat

368 487 531 536 spiritus
564 487 694 525 aerius
728 489 777 523 ad
810 487 942 523 cordis
976 486 1225 533 refrigerium
1260 488 1582 535 temperandum.

427 545 542 583 Circa
587 547 689 582 hanc
733 545 944 593 epistolam
990 545 1196 581 dubitatur
1240 554 1373 581 utrum
1416 545 1550 582 fideles
1591 557 1678 581 cur-

367 612 497 639 rentes
534 603 639 640 viam
678 602 927 651 spiritualem
968 604 1017 638 ad
1057 604 1285 639 habendum
1320 604 1462 640 celeste
1496 602 1677 639 bravium

367 670 403 697 et
432 661 602 698 fideliter
631 660 886 709 agonizantes
916 673 989 709 pro
1020 673 1169 697 corona
1197 661 1326 709 patrie
1351 662 1495 697 debent
1523 674 1544 697 a
1569 673 1676 697 men-

367 718 490 755 daciis
528 719 629 756 sicut
662 732 684 756 a
717 719 881 767 crapula
915 718 1133 765 abstinere3
1173 731 1245 755 nec
1278 718 1443 755 dubium
1478 718 1574 768 quin
1606 718 1675 764 sic,

367 789 456 813 cum
489 789 609 814 omne
643 776 897 814 mendacium
931 776 981 813 sit
1004 785 1213 825 peccatum
1247 786 1285 813 et
1307 786 1483 823 econtra,
1516 789 1590 814 nec
1620 785 1677 813 est

366 836 414 871 ab
438 834 574 884 aliquo
604 835 679 872 nisi
702 837 749 871 de
772 844 923 884 quanto
946 843 1155 883 peccatum
1181 835 1358 883 sapuerit
1380 835 1675 871 abstinendum.

366 894 419 928 Ex
458 906 536 941 quo
577 902 686 942 patet
719 895 827 942 quod
865 892 1106 941 girovagiter
1139 892 1413 930 mendicantes
1444 892 1578 939 validi,
1611 905 1677 929 va-

366 960 504 999 gantes
538 963 608 999 per
640 951 803 1000 patrias,
839 951 1064 988 cuiusmodi
1097 960 1188 987 sunt
1220 951 1361 988 fratres
1395 959 1432 988 et
1464 950 1541 987 alie
1573 958 1677 987 secte

367 1009 532 1055 novelle,
563 1011 707 1046 debent
735 1009 924 1058 precipue
953 1022 974 1046 a
1004 1009 1222 1046 mendaciis
1246 1021 1469 1057 precavere.
1503 1008 1676 1054 Quidam

366 1076 501 1104 tamen
540 1068 659 1104 refert
698 1069 805 1117 quod
844 1067 945 1104 sicut
984 1067 1183 1115 ingressus
1223 1080 1361 1104 eorum
1406 1067 1596 1104 fundatur
1639 1066 1679 1102 in

367 1125 600 1175 mendaciis,
640 1125 695 1162 sic
733 1134 824 1162 sunt
862 1125 902 1162 in
942 1125 1162 1162 mendaciis
1193 1125 1358 1174 spissius
1390 1125 1571 1162 involuti.
1619 1126 1678 1160 In-

367 1192 567 1231 ceperant‚
598 1183 740 1232 inquit,
764 1184 905 1220 fratres
939 1182 1214 1220 predicatores
1243 1185 1314 1220 sub
1345 1182 1584 1220 Innocencio
1607 1184 1676 1218 ΙΙΙΟ

367 1242 438 1277 sub
490 1241 580 1278 fuco
630 1241 742 1278 istius
794 1241 993 1279 mendacii
1038 1243 1145 1290 quod
1192 1241 1333 1278 melius
1379 1250 1478 1278 esset
1523 1249 1560 1277 et
1603 1239 1677 1276 sibi

366 1299 703 1336 honorificencius
736 1309 885 1337 sectam
918 1312 1064 1336 novam
1099 1299 1289 1336 innovare
1314 1312 1434 1348 quam
1469 1298 1676 1347 antiquam

366 1357 600 1405 religionem
634 1357 781 1395 Christi
815 1371 836 1394 a
869 1357 948 1394 suis
989 1357 1182 1405 contagiis
1223 1369 1461 1406 expurgare3
1502 1366 1538 1393 et
1572 1356 1676 1393 circa

365 1424 518 1452 sextum
558 1428 706 1452 annum
739 1425 985 1465 sequentem,
1026 1428 1116 1452 cum
1149 1415 1290 1452 talium
1331 1424 1529 1452 sectarum
1564 1414 1676 1451 inno-

365 1473 478 1510 vacio
523 1486 593 1522 per
635 1474 741 1510 idem
782 1473 982 1510 infinitum
1029 1475 1276 1522 procederet,
1322 1474 1464 1510 fratres
1502 1472 1678 1509 Minores

366 1530 611 1579 inceperant.
653 1534 734 1569 Nec
767 1532 932 1568 dubium
967 1531 1063 1580 quin
1094 1532 1399 1568 fundamentum
1434 1530 1595 1567 illorum
1628 1529 1677 1567 sit

366 1589 645 1638 blasphemum
705 1589 973 1636 mendacium,
1035 1602 1124 1626 cum
1183 1590 1298 1638 longe
1350 1589 1491 1626 melius
1542 1588 1678 1625 fuisset

366 1647 573 1696 antiquam
613 1647 848 1696 religionem
882 1661 1002 1697 quam
1037 1647 1217 1684 Christus
1256 1647 1429 1684 instituit
1461 1659 1678 1696 expurgare

368 1718 488 1754 quam
522 1719 667 1743 novam
701 1708 773 1743 sub
807 1707 1043 1754 blasphemo
1077 1705 1288 1742 mendacio
1321 1705 1525 1742 innovare.

426 1765 503 1800 Sed
536 1773 625 1812 post
658 1764 747 1801 illos
779 1763 915 1800 videns
949 1773 1062 1812 pater
1094 1763 1291 1800 mendacii
1325 1765 1433 1812 quod
1465 1775 1535 1812 per
1566 1762 1678 1800 novi-

369 1830 469 1858 tates
521 1822 620 1858 tales
671 1823 843 1859 nocebat
892 1821 1056 1858 ecclesie
1112 1821 1331 1858 introduxit
1368 1820 1679 1869 Augustinenses

369 1879 449 1928 qui,
481 1879 659 1917 videntes
682 1881 790 1929 quod
823 1880 863 1916 in
894 1879 1040 1916 talibus
1071 1879 1188 1916 sectis
1219 1879 1292 1915 fuit
1314 1878 1531 1928 antiquitas
1563 1879 1680 1915 laude

370 1937 501 1985 digna,
535 1937 731 1974 finxerunt
764 1939 871 1986 quod
903 1950 973 1986 per
995 1937 1234 1986 quingentos
1266 1950 1391 1974 annos
1423 1945 1515 1974 ante
1548 1935 1680 1973 Predi-

370 2004 524 2032 catores
563 1997 635 2032 sub
667 1996 890 2044 Augustino
928 1996 1019 2032 licet
1057 1995 1163 2044 plebi
1205 1994 1398 2043 incogniti
1436 1995 1476 2032 in
1509 1993 1680 2031 heremis

369 2053 612 2090 habitarunt.
659 2055 735 2091 Sed
780 2062 925 2103 quarto
969 2062 1177 2102 tamquam
1224 2062 1390 2102 quartus
1428 2052 1680 2101 Evangelista

367 2120 475 2148 secta
498 2111 808 2149 Carmelitarum
838 2112 1042 2160 inceperat
1066 2124 1141 2160 que
1165 2111 1307 2148 callide
1337 2110 1448 2158 fingit
1471 2123 1511 2147 se
1534 2111 1681 2147 habere

367 2179 579 2218 patronam
620 2171 778 2207 beatam
817 2169 1010 2218 virginem
1051 2178 1088 2206 et
1128 2169 1196 2205 diu
1229 2178 1319 2206 ante
1353 2168 1678 2206 incarnacionem

368 2227 515 2264 Christi
560 2229 631 2264 sub
671 2228 786 2265 Helia
833 2227 873 2264 in
924 2236 1060 2264 monte
1107 2227 1280 2264 Carmeli
1320 2229 1447 2263 Deum
1493 2226 1679 2263 devocius

369 2285 551 2322 coluisse.
586 2287 634 2321 Et
657 2286 712 2322 sic
745 2298 815 2334 per
846 2285 1033 2334 sompnia
1065 2293 1184 2334 atque
1218 2285 1427 2321 mendacia
1460 2283 1555 2321 facti
1588 2292 1679 2320 sunt

367 2342 486 2391 primi
509 2343 716 2380 novissimi
740 2353 859 2393 atque
881 2342 1089 2380 novissimi
1119 2342 1251 2391 primi.
1286 2345 1367 2379 Nec
1391 2341 1557 2378 dubium
1582 2341 1678 2391 quin

367 2400 422 2437 sic
466 2410 601 2449 posset
640 2410 838 2439 sectarum
879 2400 1035 2438 novitas
1079 2400 1281 2437 infinitum
1328 2401 1566 2449 procedere3
1611 2400 1679 2436 sed

367 2458 537 2507 plurime
582 2469 672 2496 sunt
717 2459 897 2497 extincte.
948 2459 1232 2507 Superaddunt
1282 2458 1409 2495 eciam
1454 2457 1527 2495 iste
1574 2466 1678 2494 secte

367 2517 476 2565 quod
506 2529 625 2566 super
648 2517 724 2555 illis
753 2518 855 2555 sicut
877 2529 996 2566 super
1019 2525 1193 2566 quatuor
1216 2515 1467 2565 evangelistis
1489 2516 1679 2552 fundatur

436 2658 464 2682 4.
480 2651 511 2678 In
529 2659 641 2686 marga
663 2651 743 2678 Nota
759 2651 887 2678 dubium
904 2651 939 2678 dc
955 2650 1126 2679 mendacio.
1196 2658 1236 2677 10.
1252 2650 1345 2677 Cod.:
1368 2649 1573 2685 gcrofagniter
1587 2649 1640 2677 (sic
1651 2647 1676 2680 Ι).

368 2693 404 2712 12.
427 2685 521 2712 Cod.:
543 2686 686 2720 quidem:
706 2686 746 2713 ib.
769 2686 799 2713 in
821 2694 935 2720 marg:
957 2686 1047 2713 Nota.
1124 2684 1159 2712 15.
1180 2686 1213 2712 In
1236 2693 1349 2719 marga
1372 2693 1392 2712 1.
1414 2684 1496 2712 Nota
1516 2684 1553 2711 de
1573 2684 1677 2719 incep-

367 2720 454 2747 cionc
474 2720 602 2747 fratrum
625 2720 865 2747 Predicatorum.
946 2728 985 2748 21.
1006 2721 1040 2748 In
1062 2728 1174 2754 marga
1198 2727 1222 2746 2.
1244 2719 1324 2746 Nota
1344 2719 1556 2753 incepcionem
1578 2718 1676 2745 Mino-

368 2763 446 2781 rum.
531 2761 574 2781 22.
597 2754 692 2782 Cod.:
715 2755 952 2789 blasphemium.
1035 2755 1080 2781 26.
1102 2755 1135 2781 In
1157 2762 1270 2788 marga
1291 2753 1317 2781 3.
1339 2753 1420 2781 Nota
1441 2753 1477 2780 de
1496 2753 1676 2788 incepcione

367 2789 654 2823 Augustinensium.
786 2788 824 2817 31.
845 2790 878 2817 In
900 2798 1013 2825 marg:
1042 2799 1072 2824 4.
1092 2788 1173 2816 Nota
1193 2788 1405 2823 inccpcionem
1427 2787 1676 2815 carmelitarum.

444 2883 492 2916 15.
521 2883 571 2916 Cf.
591 2884 697 2917 Trial.
725 2879 801 2916 36⁷1.
835 2884 886 2916 Cf.
915 2884 1025 2918 Serm.
1052 2885 1136 2916 Pars
1163 2884 1202 2924 11,
1228 2883 1350 2915 Sermo
1378 2883 1468 2923 XVI,
1494 2892 1571 2925 pag.
1603 2881 1676 2914 123.

1696 905 1735 928 10

1701 1185 1734 1218 15

1696 1485 1736 1506 20

1695 1766 1735 1799 25

1698 2055 1738 2087 30

1697 2345 1735 2377 35
