1944 3323
147 212 162 247 5
180 225 186 246 ι
203 220 222 246 2
725 218 947 250 JOHANle
966 217 1148 250 wrcmr
1167 216 1421 250 SERMONUM
1485 202 1637 261 [sumo
1659 214 1735 243 mx.

155 334 230 360 How
253 332 400 367 prophets
487 327 528 361 ln
562 324 748 361 omnibus
782 333 917 361 tamen
950 323 1033 360 istis
1067 333 1226 372 oportet
1260 325 1421 360 credere
1454 323 1571 360 alicui
1605 324 1735 360 sensui

160 368 396 436 assssdtjflffijssffffiffv
430 382 690 430 contingenti,
724 391 767 418 ut
799 382 900 418 sicut
934 382 972 417 in
1004 383 1089 429 lege
1111 382 1231 418 veteri
1266 383 1507 419 credendum
1543 391 1599 418 est
1629 383 1735 430 quod

240 438 320 464 (³⁰⁸³-
380 434 385 438 ⁵
430 440 564 485 Isaias‚
595 440 787 477 Jeremias
816 440 877 476 vel
911 441 1109 488 propheta
1143 439 1242 476 alius
1276 441 1394 476 habet
1426 452 1585 476 sensum
1619 453 1733 476 suum

430 511 451 534 a
484 498 671 544 Domino,
706 499 814 546 quod
847 506 903 534 est
937 497 1184 545 contingens,
1218 497 1274 534 sic
1307 499 1414 546 quod
1447 506 1578 546 potest
1611 511 1736 546 oppo-

430 556 547 592 situm
594 555 762 601 evenire,
808 555 862 592 ita
908 557 1151 592 credendum
1198 564 1257 592 est
1301 555 1340 592 in
1385 556 1469 604 lege
1516 555 1648 603 gracie
1689 557 1770 592 de5

429 613 735 650 auctoritatibus
769 613 872 649 illius
905 613 1013 661 legis,
1049 622 1090 649 ut
1124 615 1171 649 de
1204 613 1410 662 apostolis,
1446 615 1552 662 quod
1576 626 1734 650 sensum

428 685 541 708 suurn
584 685 604 708 a
638 671 812 708 Domino
851 680 1105 719 acceperunt.
1152 673 1224 707 Per
1263 672 1383 708 talem
1424 671 1527 708 enim
1569 683 1737 708 connec-

431 730 587 766 cionem
630 729 844 766 veritatum
885 729 1208 777 contingencium
1259 738 1315 765 est
1354 730 1528 777 populus
1568 741 1738 765 connec-

430 789 572 824 tendus
605 800 695 824 cum
721 787 894 824 Domino
927 787 967 823 in
998 787 1231 823 veritatibus
1263 787 1530 835 sempiternis,
1564 795 1606 823 ut
1638 787 1738 823 sicut

430 847 624 894 prophete
682 845 721 881 in
779 846 864 893 lege
915 844 1037 881 veteri
1096 844 1329 882 immediate
1387 845 1643 881 crediderunt
1702 853 1738 881 et
1760 859 1796 879 10

429 912 625 941 noverunt
658 905 766 951 quod
799 904 1026 939 habuerunt
1064 916 1222 939 sensum
1257 916 1370 939 suum
1407 915 1429 939 a
1461 902 1636 939 Domino
1670 901 1738 951 qui

430 975 511 998 non
549 970 680 1010 potest
720 961 903 1009 decipere
942 962 1003 997 vel
1042 960 1195 1009 aliquid
1235 960 1434 1009 ignorare,
1475 960 1530 997 sic
1574 960 1647 996 fuit
1692 962 1739 996 de

430 1019 681 1068 evangelistis
725 1028 845 1068 atque
890 1019 1083 1067 apostolis
1128 1018 1218 1055 licet
1264 1018 1526 1055 excellencius
1570 1018 1610 1054 in
1655 1018 1739 1066 lege

429 1077 574 1125 gracie,
609 1077 664 1114 sic
697 1079 805 1125 quod
828 1078 1046 1125 Apostolus
1078 1090 1159 1113 non
1192 1076 1314 1125 peciit
1347 1076 1738 1113 demonstracionem

430 1137 536 1184 quod
561 1138 666 1172 Deus
689 1144 941 1172 enarraverat
971 1148 1131 1171 sensum
1155 1147 1290 1180 suum3
1323 1147 1396 1171 nec
1429 1135 1573 1170 debent
1604 1134 1740 1170 fideles
1761 1136 1796 1168 15

431 1193 821 1230 demonstracionem
858 1195 904 1229 de
933 1190 937 1246 Ι
967 1193 1214 1229 revelacione
1248 1192 1477 1228 huiusmodi
1518 1201 1737 1240 expectare,
1758 1183 1837 1244 {³9¹2

430 1251 531 1288 sicut
570 1251 643 1287 fuit
687 1251 726 1287 in
770 1252 853 1299 lege
891 1251 1027 1296 veteri,
1067 1252 1135 1287 sed
1182 1250 1258 1286 fide
1305 1259 1465 1298 oportet
1509 1249 1549 1286 in
1593 1249 1739 1286 talibus

430 1309 766 1346 conneccionibus
799 1308 987 1357 incipere.
1022 1311 1068 1345 Et
1102 1308 1140 1344 in
1165 1308 1331 1344 istarum
1355 1308 1509 1344 viarum
1534 1307 1740 1356 principiis

430 1368 533 1404 iacet
571 1380 761 1415 magnum
799 1366 1021 1416 periculum
1063 1379 1151 1402 cum
1187 1367 1341 1414 pseudo
1373 1374 1539 1414 possunt
1573 1365 1739 1402 induere

431 1425 612 1462 habiturn
647 1426 937 1474 prophetarum
973 1433 1009 1461 et
1041 1425 1333 1473 apostolorum,
1375 1425 1443 1459 sed
1483 1422 1739 1460 conversacio
1757 1436 1797 1458 20

431 1492 468 1520 et
505 1483 657 1519 fructus
697 1483 826 1519 finalis
866 1495 989 1532 quare
1029 1484 1100 1519 hec
1147 1482 1323 1518 referunt
1363 1481 1641 1518 certitudinem
1683 1481 1740 1517 in—

432 1542 635 1578 dicabunt.

160 1607 208 1646 Alql
231 1605 394 1645 revelation
488 1602 569 1635 Nec
584 1598 699 1635 video
718 1598 815 1647 quin
837 1607 997 1647 oportet
1012 1597 1226 1646 utrobique
1249 1597 1426 1646 aliquam
1449 1597 1739 1634 revelacionem

160 1640 398 1703 coiivissgiciiieof
431 1657 503 1694 Dei
552 1658 771 1705 procedere
823 1657 861 1692 in
909 1657 1103 1704 populum
1155 1657 1484 1701 convertendum,
1530 1654 1585 1691 sic
1632 1655 1739 1703 quod

142 1710 415 1779 ‘gfugtss‘j’ffigewoth
431 1717 536 1751 Deus
568 1715 783 1763 utrobique
814 1714 1047 1751 immediate
1071 1714 1322 1750 connectitur
1345 1713 1450 1762 plebi
1475 1725 1555 1758 sue,
1581 1722 1618 1749 et
1639 1712 1740 1748 sicut
1758 1716 1796 1747 25

160 1781 308 1815 prophets
329 1779 388 1806 and
430 1772 665 1809 obediencia
690 1773 871 1810 facienda
904 1771 1109 1820 preposito
1144 1772 1313 1808 multum
1339 1772 1502 1819 prodest
1535 1769 1738 1815 subiectis,

167 1816 392 1876 xvhfflffffessslssssffiv
431 1831 486 1867 sic
521 1830 736 1867 credulitas
769 1830 998 1867 adhibenda
1031 1829 1238 1878 prophetis
1262 1838 1382 1877 atque
1406 1827 1600 1877 apostolis
1623 1836 1740 1875 auget

172 1892 221 1911 are
242 1879 383 1919 genuine?
432 1888 618 1924 meritum
652 1888 691 1924 in
725 1890 938 1925 credendo.
973 1890 1020 1923 Et
1054 1887 1109 1924 sic
1143 1887 1398 1924 senciendum
1436 1896 1492 1923 est
1516 1887 1563 1922 de
1597 1885 1739 1922 merito

431 1946 641 1982 resistendi
689 1945 1079 1994 pseudoprepositis3
1125 1945 1226 1982 sicut
1272 1944 1375 1981 enim
1416 1944 1456 1980 in
1494 1945 1579 1992 lege
1617 1942 1738 1980 veteri

430 2017 511 2040 non
551 2004 719 2053 quilibet
758 2005 853 2040 false
886 2003 1079 2040 simulans
1120 2002 1258 2039 habuit
1290 2002 1475 2051 spiritum
1508 2001 1738 2050 prophecie,
1756 2004 1798 2036 30

431 2062 486 2098 sic
526 2062 565 2097 in
604 2062 688 2109 lege
727 2062 859 2110 gracie
897 2074 977 2098 non
1021 2060 1187 2109 quilibet
1231 2061 1328 2097 false
1384 2060 1576 2096 simulans
1621 2060 1740 2095 habet

431 2119 620 2167 graciam,
678 2119 869 2156 noticiam
929 2119 1125 2167 scripture
1182 2119 1242 2155 vel
1294 2117 1472 2155 officium
1526 2117 1739 2165 pastorale.

432 2179 563 2226 Opera
597 2186 729 2213 autem
763 2176 913 2225 (gracia
946 2189 1116 2225 quorum
1151 2176 1206 2212 sic
1238 2176 1402 2221 faciunt)
1436 2188 1525 2212 cum
1558 2174 1638 2212 vita
1671 2187 1740 2210 sua

433 2244 470 2271 et
508 2235 673 2271 omnino
713 2234 929 2283 inspiracio
969 2234 1040 2270 Dei
1087 2236 1133 2271 de
1172 2234 1339 2270 veritate
1380 2234 1577 2269 credenda
1623 2232 1740 2269 certi-

434 2293 553 2329 ficant
604 2293 788 2329 fidelibus
832 2292 926 2341 quid
978 2301 1014 2328 et
1059 2292 1230 2340 qualiter
1282 2300 1339 2328 est
1385 2292 1641 2336 credendum,
1686 2290 1796 2326 ita35

433 2352 539 2399 quod
565 2352 691 2387 multa
716 2351 824 2387 milia
848 2359 1100 2398 satraparum
1126 2358 1458 2398 quantoscunque
1488 2361 1528 2385 se
1550 2348 1740 2384 simulant

432 2408 471 2444 in
516 2408 727 2445 latitudine
772 2408 982 2456 potestatis
1027 2421 1107 2443 non
1151 2408 1282 2444 valent
1326 2406 1571 2443 sentenciam
1616 2419 1737 2442 unam

431 2466 626 2514 scripture
659 2467 719 2502 vel
753 2465 1063 2514 inspiracionem
1097 2478 1215 2513 quam
1242 2467 1346 2501 Deus
1380 2464 1609 2514 dignabitur
1642 2464 1739 2499 fide—

432 2524 534 2560 libus
574 2525 762 2569 revelare,
802 2524 927 2559 immo
969 2525 1015 2559 de
1054 2523 1159 2559 facto
1200 2522 1328 2559 maior
1362 2517 1578 2558 multitudo
1616 2522 1737 2557 talem

431 2590 642 2617 attestatur
665 2581 893 2618 evidencius
918 2580 1136 2617 maioritati
1158 2581 1253 2616 false
1276 2579 1477 2616 sentencie
1492 2577 1737 2615 Antichristi.
1754 2592 1796 2621 40

490 2639 711 2686 Prophecia
752 2652 845 2687 ergo
877 2638 1046 2674 Jeremie
1080 2640 1127 2674 de
1161 2638 1320 2674 Christo
1353 2650 1375 2674 a
1408 2637 1557 2685 Spiritu
1591 2639 1739 2673 Sancto

432 2698 502 2732 sub
536 2696 610 2732 hiis
642 2697 771 2733 verbis
804 2696 876 2732 sibi
911 2696 1155 2732 ostenditur:
1190 2696 1388 2731 Suscitabo
1416 2695 1548 2730 David
1577 2706 1738 2744 germen

499 2833 792 2874 42.Jer.xxl11‚
821 2832 849 2864 5.
