1944 3323
172 281 307 310 SERMO
328 270 383 328 v-]
662 284 840 316 TERTIA
867 285 993 316 PARS.
1731 281 1777 316 35

172 389 379 438 quodlibet
407 391 632 426 membrum
662 389 744 426 eius
771 403 851 427 non
880 390 1040 427 deficiat
1067 389 1308 427 adiuvando.
1338 393 1386 427 Et
1411 391 1486 428 isto

172 449 294 485 modo
318 447 578 497 conqueritur
592 448 788 485 Dominus
812 461 882 496 per
905 449 1146 497 prophetam
1169 448 1383 485 Jeremiam
1399 451 1489 486 V110

171 507 378 555 quomodo
400 506 474 543 fuit
497 507 544 543 de
565 519 676 542 mane
707 519 948 557 consurgens
980 514 1015 543 et
1048 507 1231 543 laborans
1260 508 1309 543 ad
1334 520 1489 544 correc-

172 563 328 601 cionem
362 564 502 613 populi
526 573 564 601 et
586 568 797 613 (quantum
822 564 894 601 fuit
918 565 956 601 in
980 565 1146 614 populo)
1180 577 1202 601 a
1235 578 1307 601 suo
1341 578 1489 614 propo-

137 625 154 656 5
170 622 247 659 sito
271 631 328 659 est
344 622 570 659 frustratus.
594 624 642 658 Et
659 635 795 659 revera
817 623 1011 660 frustrans
1034 623 1255 660 secularem
1281 623 1488 660 dominum

80 672 154 734 *⁷0¹5
170 681 230 717 vel
253 692 535 729 quemcunque
557 693 578 717 a
603 693 675 717 suo
698 689 839 717 sancto
863 681 1074 730 proposito
1098 690 1238 729 peccat
1259 681 1432 729 graviter
1459 678 1489 735 1:

73 727 131 759 ²4¹
171 748 322 787 quanto
361 738 486 787 magis
525 738 581 775 sic
619 751 791 787 peccans
831 738 870 775 in
903 742 1045 776 Deum.
1098 741 1204 776 Deus
1243 748 1375 776 autem
1411 753 1491 776 non

170 805 301 845 potest
334 796 518 834 frustrari
551 810 573 833 a
606 810 679 834 suo
713 797 937 846 proposito,
974 797 1067 846 quia
1101 810 1191 834 cum
1227 797 1276 833 sit
1310 797 1489 846 prescius

170 855 351 891 omnium
385 854 692 903 perversitatum
727 855 905 902 ecclesie,
944 868 1026 892 non
1059 855 1251 904 proponit
1284 855 1368 892 istis
1401 869 1489 904 per-

115 926 154 948 10
169 913 291 950 versis
324 925 395 962 per
427 926 540 950 suam
573 913 751 962 graciam
786 914 1052 960 benefacere,
1085 915 1154 950 sed
1177 914 1352 950 ostendit
1375 927 1487 951 suam

169 971 345 1019 graciam
377 973 567 1020 prodesse
595 972 761 1009 ecclesie
795 981 831 1009 et
854 972 1032 1020 ingratos
1055 985 1130 1020 pro
1154 985 1225 1008 sua
1247 972 1490 1020 gratitudine

170 1029 363 1067 cruciare.
409 1031 510 1066 Cum
553 1043 646 1078 ergo
679 1031 861 1080 apparuit
893 1031 1032 1082 gracia
1067 1031 1175 1066 verbi
1204 1031 1282 1066 Dei
1311 1031 1491 1067 erudiens

169 1101 237 1125 nos
277 1097 318 1124 ut
357 1097 654 1137 sequestrantes
693 1088 891 1125 secularia
929 1088 1141 1132 desideria,
1182 1088 1284 1125 sicut
1323 1088 1407 1136 ipse
1450 1088 1488 1124 in

168 1159 340 1194 persona
373 1159 444 1183 sua
476 1147 636 1193 fecerat,
676 1146 856 1183 vivamus
894 1146 958 1195 pie
997 1146 1037 1182 in
1075 1148 1151 1183 hoc
1190 1148 1326 1183 seculo
1365 1147 1488 1183 vitam

115 1207 151 1240 15
168 1217 386 1253 pauperem
437 1204 510 1241 sibi
563 1204 829 1251 consimilem,
890 1213 1000 1253 patet
1051 1214 1246 1253 quantum
1298 1205 1489 1253 puniendi

167 1272 258 1299 sunt
310 1262 538 1311 specialiter
587 1263 731 1311 prelati
783 1263 947 1300 ecclesie
998 1272 1035 1299 et
1081 1262 1287 1300 christiani
1342 1263 1485 1311 singuli

167 1320 233 1369 qui
264 1321 305 1357 in
334 1321 440 1357 facto
464 1321 690 1369 despiciunt
714 1322 831 1358 istam
854 1321 991 1358 vitam.
1026 1322 1104 1358 Sed
1135 1321 1237 1358 sicut
1261 1322 1490 1370 quicunque

167 1388 357 1427 peccator
395 1392 476 1416 non
514 1389 633 1416 nocet
667 1379 841 1416 Domino
881 1381 949 1416 sed
991 1379 1162 1416 maxime
1202 1379 1276 1416 sibi
1310 1380 1398 1428 ipsi,
1433 1380 1487 1416 ita

167 1437 234 1486 qui
273 1437 414 1473 nititur
453 1437 508 1473 sic
548 1438 740 1475 frustrare
779 1451 860 1474 non
893 1439 1057 1474 frustrat
1091 1438 1311 1474 Dominum
1345 1439 1413 1474 sed
1447 1450 1487 1474 se

110 1495 311 1544 2oipsum.
358 1498 463 1532 Deus
503 1496 608 1532 enim
649 1505 705 1533 est
739 1497 838 1546 lapis
869 1497 1087 1546 (ffl‘ensionis
1125 1505 1162 1532 et
1203 1496 1408 1532 inmobilis
1448 1495 1486 1531 in

167 1566 285 1602 quem
311 1554 557 1590 offendentes
580 1554 654 1602 ipsi
682 1568 762 1590 non
791 1564 937 1591 nocent
968 1556 1036 1591 sed
1067 1554 1238 1591 maxime
1273 1554 1346 1590 sibi
1377 1554 1485 1602 ipsis.

225 1614 273 1648 Et
313 1621 491 1648 moveret
530 1613 579 1649 ad
619 1612 940 1660 complecionem
981 1612 1093 1648 istius
1133 1612 1336 1649 sentencie
1379 1614 1486 1660 quod
1503 1621 1561 1659 We
1582 1629 1632 1649 are
1653 1627 1683 1649 to
1705 1622 1775 1661 took

168 1683 298 1706 omnes
337 1671 516 1706 debemus
554 1683 635 1707 esse
673 1678 920 1720 expectantes
958 1672 1106 1707 beatam
1145 1683 1266 1720 spem,
1299 1672 1374 1706 hoc
1415 1657 1767 1718 est,¹‘³''(,¹,¹-¹{'3f¹‘‡]'i¹}¹t{¹lg

168 1729 340 1765 fructum
373 1728 470 1776 spei,
496 1728 589 1776 quia
613 1742 723 1777 spem
755 1729 793 1764 in
817 1742 887 1766 sua
912 1738 1055 1765 natura
1080 1730 1273 1765 habemus
1298 1729 1487 1765 continue

110 1786 150 1818 25
166 1788 233 1823 sed
267 1799 289 1823 a
322 1786 517 1823 fruicione
550 1788 667 1823 beata
700 1787 738 1823 in
772 1787 833 1824 via
858 1788 1067 1823 deficimus
1101 1800 1221 1835 quam
1256 1796 1345 1834 post
1379 1787 1483 1823 diem

166 1844 302 1881 iudicii
337 1845 506 1881 tirmiter
544 1854 812 1893 expectamus.
860 1847 951 1882 ldeo
986 1858 1074 1881 cum
1111 1847 1304 1881 adventus
1337 1844 1485 1881 Christi

166 1904 214 1939 ad
240 1903 335 1938 illud
361 1903 552 1939 iudicium
578 1904 627 1939 sit
650 1903 849 1951 gloriosus
872 1913 908 1940 et
934 1913 1073 1951 parate
1107 1903 1145 1939 in
1169 1913 1275 1940 veste
1308 1903 1484 1951 nupciali

166 1974 188 1997 a
232 1961 396 2009 singulis
447 1964 728 2009 expectandus,
780 1971 890 2010 patet
941 1975 1029 1998 eum
1078 1970 1228 2010 quanta
1273 1961 1485 2009 diligencia

167 2021 358 2055 debemus
398 2021 501 2055 hunc
542 2033 731 2068 magnum
775 2023 901 2056 Deum
943 2020 1100 2067 dignius
1140 2028 1368 2067 expectare:
1413 2032 1485 2055 nec

110 2078 384 2126 30Apostolus
429 2079 534 2114 nude
578 2078 720 2114 incutit
765 2078 953 2115 timorem
996 2079 1065 2114 Dei
1107 2078 1165 2115 vel
1207 2078 1368 2114 Domini
1416 2079 1483 2113 sed

166 2148 346 2172 amorem
387 2149 432 2172 ac
472 2135 700 2173 amiciciam
735 2137 887 2173 domini
919 2139 1009 2173 Jesu
1044 2136 1211 2176 Christi:
1253 2136 1365 2172 cuius
1397 2149 1485 2183 gra-

165 2193 295 2230 titudo
336 2206 379 2230 ex
411 2195 487 2230 hoc
521 2194 772 2231 convincitur
805 2196 911 2243 quod
946 2208 1025 2231 non
1060 2196 1188 2231 solum
1226 2194 1335 2230 dedit
1367 2194 1484 2230 nobis

165 2251 296 2300 primo
351 2252 589 2288 beneficium
643 2253 952 2293 incarnacionis,
1006 2266 1078 2289 nec
1133 2253 1262 2289 solum
1309 2254 1484 2288 secundo

165 2312 440 2347 conversando
457 2323 545 2346 cum
564 2311 794 2348 hominibus
811 2312 918 2348 dedit
934 2311 1170 2347 beneficium
1188 2310 1483 2350 instruccionis,

109 2367 232 2404 35sed
262 2369 387 2405 tercio
419 2370 543 2417 (quod
577 2369 795 2406 maximum
831 2379 902 2411 est)
939 2370 1041 2405 dedit
1072 2382 1147 2418 pro
1180 2370 1286 2405 nobis
1316 2369 1482 2417 seipsum

163 2426 203 2462 in
236 2427 409 2463 hostiam
443 2426 747 2473 satisfaccionis‚
772 2436 810 2464 ut
844 2441 911 2463 nos
942 2429 1052 2476 plene
1085 2428 1292 2464 redimeret
1314 2428 1359 2462 ab
1383 2427 1487 2463 omni

164 2485 359 2533 iniquitate
411 2485 595 2532 originali
652 2495 688 2522 et
744 2486 891 2522 actuali
969 2495 1005 2522 et
1055 2487 1203 2522 lavaret
1253 2487 1483 2532 redemptos

165 2543 203 2578 in
242 2556 315 2579 suo
353 2543 547 2590 sanguine
587 2552 623 2579 et
663 2557 767 2592 aqua
808 2558 884 2592 que
925 2546 972 2580 de
1006 2545 1130 2580 latere
1172 2543 1255 2579 eius
1289 2544 1483 2579 fluxerant

233 2686 258 2705 2.
280 2679 323 2705 A:
344 2678 505 2705 Jeremiam
523 2679 661 2714 sequitui·
677 2679 795 2706 lacuna.
851 2677 876 2705 3.
898 2679 1002 2705 lx'ecte:
1025 2684 1050 2705 et
1072 2679 1211 2713 loquens.
1270 2678 1296 2703 ti.
1315 2677 1353 2703 F:
1377 2681 1481 2703 <aneto

164 2714 258 2740 deest.
352 2721 389 2740 1¹2.
410 2715 453 2740 A:
477 2714 622 2747 aspernit.
714 2722 758 2741 22.
780 2716 823 2741 A:
847 2714 935 2740 istius
955 2715 1024 2749 opis
1046 2714 1197 2740 sentencie
1219 2713 1237 2739 i.
1259 2721 1283 2738 e.
1371 2713 1415 2738 επὶ.
1437 2713 1480 2738 A:

165 2773 234 2792 cum
258 2766 352 2792 deest.
427 2773 472 2800 27.
494 2766 538 2792 A:
559 2765 737 2798 gloriosius.
813 2767 857 2792 28.
879 2767 922 2792 A:
945 2770 1152 2800 expectamus.

166 2906 206 2939 3⁴
236 2862 420 2939 ablerem.
440 2861 509 2901 Vll,
534 2861 589 2900 13;
617 2861 674 2901 XI,
695 2872 732 2903 73
761 2861 900 2900 XXXV,
927 2871 975 2901 ¹4·
1057 2861 1109 2892 23.
1137 2861 1188 2890 Ad
1217 2859 1335 2890 Titum
1367 2859 1405 2897 ΙΙ,
1432 2857 1479 2889 13.

187 2912 218 2939 b.
246 2909 254 2939 i
284 2918 364 2949 .14.

1294 2962 1342 2993 3-3(-
