1944 3323
24 1278 104 1321 347⁰

113 253 249 284 sunno
271 241 352 300 Lxx]
601 252 774 286 TERTm
803 251 929 284 PARS.

110 365 165 402 sic
205 365 310 402 idem
351 363 534 400 diabolus
575 361 614 398 in
645 372 815 398 numero
850 367 982 408 potest
1015 370 1121 395 nunc
1156 369 1240 394 esse
1276 357 1429 393 Sathan

112 433 148 460 et
181 435 286 459 nunc
320 421 444 459 Belial
475 421 536 457 vel
569 420 815 456 diversarum
853 416 1154 462 condicionum,
1189 424 1230 451 ut
1265 414 1430 451 diversis

112 481 344 519 nominibus
376 478 623 516 nominatur.
660 477 816 514 Dicitur
850 476 955 513 enim
981 475 1166 511 diabolus
1191 486 1212 511 a
1237 473 1298 509 dia
1324 473 1433 521 quod

115 549 173 576 est
197 541 277 576 duo
301 547 338 576 et
361 538 470 575 bolus
501 536 726 581 morsellus,
761 534 855 584 quia
889 535 1047 571 mordet
1081 542 1118 569 et
1151 533 1317 569 devorat
1350 540 1432 567 tam

82 602 262 646 §corpus
285 610 405 646 quam
432 595 609 632 animam
634 594 674 631 in
698 593 886 642 prescito.
921 594 1099 629 Vocatur
1123 599 1257 628 autem
1282 590 1434 626 Sathan

116 657 225 705 quod
270 655 558 703 interpretatur
603 654 834 698 adversans,
881 663 927 688 eo
973 651 1082 699 quod
1127 649 1262 686 taliter
1306 647 1436 696 prime

117 713 272 751 iusticie
295 714 543 750 adversatur.
569 711 724 748 Dicitur
748 723 841 758 ergo
866 709 991 746 Belial
1015 709 1123 758 quod
1147 707 1437 755 interpretatur

117 781 303 822 apostata
342 780 380 808 et
418 779 562 820 quarto
602 769 748 806 dicitur
782 768 1014 813 Leviaffian,
1055 766 1150 815 quia
1189 767 1240 802 ad
1279 772 1436 814 partem

117 831 321 868 sinistram
345 828 509 866 Domini
543 828 582 864 in
615 827 725 864 finali
758 826 908 863 iudicio
942 825 1051 862 ducit
1084 837 1196 870 suos3
1231 832 1269 860 et
1301 823 1356 860 sic
1390 823 1438 858 de

64 904 101 925 10
119 889 256 926 multis
301 885 402 925 aliis>
437 886 668 924 nominibus
713 886 935 922 secundum
975 883 1247 933 proprietates
1287 879 1438 918 diaboli

117 947 192 985 sibi
227 946 344 984 datis.
379 948 548 994 Propter
581 944 656 981 ista
692 952 824 981 movet
856 943 1075 991 Apostolus
1099 941 1282 990 accipere
1305 951 1437 976 arma-

117 1015 250 1043 turam
283 1018 366 1042 non
398 1004 493 1041 ferri
525 1004 586 1040 vel
619 1001 772 1039 metalli
805 1001 972 1038 alterius
1005 1013 1077 1037 nos
1111 1007 1343 1048 gravantem
1370 998 1439 1034 sed

117 1073 366 1102 armaturam
399 1062 650 1111 spiritualem
684 1060 937 1097 alleviantem
979 1071 1071 1096 suos
1113 1066 1306 1103 armatos,
1347 1068 1438 1092 cum

118 1124 268 1160 ducunt
307 1120 481 1158 finaliter
518 1127 820 1168 perseverantes
860 1117 899 1154 in
938 1117 1015 1154 illis
1054 1118 1104 1153 ad
1138 1115 1300 1153 celestia
1338 1123 1440 1151 tam-

65 1183 100 1217 15
117 1194 238 1230 quam
273 1179 488 1229 premium.

27 1231 101 1263 FOl·
176 1240 291 1277 Unde
325 1239 433 1287 quod
472 1237 646 1273 mundus
679 1234 827 1283 accipit
860 1242 1112 1271 armaturam
1145 1244 1316 1281 opacam
1348 1227 1352 1284 1
1383 1230 1440 1267 di-

120 1297 240 1334 missa
286 1298 361 1334 hac
405 1304 611 1332 armatura
657 1302 714 1330 est
758 1293 916 1341 signum
963 1292 1123 1328 evidens
1169 1291 1279 1340 quod
1325 1288 1440 1325 multi

121 1356 281 1405 spissim
316 1355 568 1392 descendunt
601 1353 649 1389 ad
684 1351 834 1388 inferos
868 1360 905 1387 et
938 1349 1056 1399 pauci
1090 1362 1183 1386 raro
1217 1349 1441 1386 ascendunt

121 1416 170 1452 ad
205 1415 325 1460 celos,
360 1426 450 1450 cum
485 1420 691 1449 armature
724 1409 928 1447 contrarie
961 1417 1052 1445 sunt
1085 1407 1141 1444 sic
1175 1416 1312 1456 capte3
1346 1419 1438 1442 nam

65 1486 106 1508 20
122 1482 330 1510 armatura
363 1471 435 1508 Dei
462 1483 560 1507 cum
594 1469 644 1506 sit
676 1469 785 1515 levis,
826 1468 1064 1504 subtrahens
1098 1467 1147 1503 ab
1181 1465 1441 1502 inferioribus

124 1531 232 1568 ducit
257 1529 463 1567 hominem
488 1530 539 1566 ad
563 1530 688 1564 Deum
717 1536 754 1564 et
779 1525 1070 1563 beatitudinem
1097 1525 1439 1573 consequendam,

124 1598 332 1626 armatura
365 1597 500 1625 autern
535 1599 664 1635 opaca
697 1599 786 1622 cum
823 1585 872 1621 sit
905 1583 1049 1632 gravis,
1090 1583 1199 1620 ducit
1233 1582 1440 1619 hominem

124 1650 172 1685 ad
208 1656 389 1684 centrum
427 1655 463 1683 et
498 1658 567 1694 per
601 1656 852 1693 consequens
886 1644 935 1679 ad
970 1642 1176 1678 diabolum
1218 1650 1255 1677 et
1295 1652 1441 1689 penam

124 1715 362 1755 perpetuam
397 1705 741 1752 consequendum.
778 1703 869 1738 ideo
903 1700 1000 1736 dicit
1034 1700 1274 1748 Apostolus:
1317 1699 1441 1747 Ρνορ-

69 1767 229 1801 25terea
262 1764 422 1813 accipite
453 1770 699 1799 armaturam
723 1761 810 1805 Dei,
845 1767 883 1795 ut
911 1759 1069 1809 possitis
1102 1759 1282 1794 resistere
1314 1757 1349 1792 in
1384 1756 1444 1791 die

126 1824 228 1859 malo
267 1831 299 1859 el
340 1823 375 1858 in
415 1821 587 1857 omnibus
622 1820 798 1869 pet-fecle
835 1826 953 1855 stare.
996 1816 1193 1865 Loquitur
1225 1815 1443 1864 Apostolus

126 1884 174 1918 dc
219 1890 426 1918 armatura
475 1877 626 1924 celesti,
676 1891 764 1914 cum
815 1875 1007 1913 describit
1054 1874 1274 1923 posterius:
1328 1881 1444 1910 vocat

126 1949 260 1977 autem
295 1939 401 1976 diem
438 1938 589 1974 malum
624 1936 728 1972 diem
770 1935 981 1972 conflictus
1021 1946 1109 1970 cum
1154 1933 1241 1981 ipso
1281 1932 1444 1968 diabolo

127 1999 187 2035 vel
221 1998 326 2035 diem
360 1995 639 2042 novissimum,
673 1994 711 2030 in
746 2007 825 2042 quo
860 1992 1090 2029 iudicantur
1114 1993 1161 2028 ad
1189 2003 1331 2039 penam
1358 2003 1445 2037 gra-

71 2061 112 2092 30
128 2056 333 2094 vissimam
375 2068 445 2104 per
485 2054 691 2091 diabolum
736 2051 912 2088 finaliter
950 2050 1142 2099 superati.
1189 2049 1323 2086 Prima
1362 2049 1445 2084 dies

130 2116 235 2152 mala
268 2114 360 2151 licet
393 2113 443 2150 sit
476 2115 560 2150 Deo
595 2119 717 2157 certa,
752 2119 810 2147 est
843 2119 978 2146 tamen
1013 2108 1129 2145 nobis
1163 2107 1371 2156 incognita
1404 2115 1446 2142 ut

128 2174 316 2218 secunda,
357 2172 448 2209 ideo
480 2179 647 2220 propter
680 2168 752 2205 Dei
786 2167 1069 2205 certitudinem
1103 2167 1169 2203 ille
1202 2166 1284 2202 dies
1317 2165 1446 2202 nomi-

128 2241 247 2268 natur
280 2232 329 2267 ab
362 2230 547 2279 apostolo
582 2227 815 2265 masculine.
850 2227 918 2263 Ille
951 2234 1084 2263 autem
1109 2225 1235 2261 tercio
1259 2224 1447 2261 dicuntur

129 2298 236 2326 stare
268 2290 444 2339 perfecte
482 2287 550 2337 qui
588 2299 716 2335 usque
754 2287 804 2323 ad
845 2285 964 2321 finem
1006 2283 1244 2321 renunciant
1283 2282 1447 2319 diabolo

73 2350 168 2385 35et
201 2347 388 2385 omnibus
420 2346 581 2396 pompis
615 2345 714 2390 eius,
747 2344 804 2381 sic
836 2353 973 2380 tamen
1005 2343 1114 2391 quod
1148 2341 1337 2378 continue
1369 2340 1448 2376 sint

133 2409 216 2443 Deo
256 2405 447 2442 flexibiles
486 2414 523 2442 et
555 2403 612 2441 sic
644 2403 764 2439 simul
798 2401 998 2438 humiliati
1031 2402 1103 2437 sub
1137 2399 1291 2449 potenti
1326 2411 1448 2435 manu

133 2465 203 2501 Dei
238 2473 275 2501 et
307 2472 414 2501 recte
447 2462 589 2500 elevati
623 2470 765 2499 contra
797 2459 997 2497 versucias
1029 2457 1279 2495 Antichristi.

190 2522 383 2560 Nominat
429 2530 564 2559 autem
613 2519 832 2568 Apostolus
885 2531 949 2555 sex
1001 2526 1229 2554 armaturas
1276 2527 1449 2565 quarum

134 2581 311 2630 quinque
344 2589 436 2618 sunt
470 2579 671 2617 defensive
711 2586 748 2614 et
787 2577 930 2614 ultima
970 2575 1160 2622 invasiva,
1200 2576 1269 2612 sed
1308 2585 1449 2611 omnes

204 2726 227 2755 3.
243 2728 275 2755 111
292 2735 405 2755 marm:
428 2727 587 2754 Diabolus.
661 2725 733 2753 §.111
750 2733 863 2763 marg:
885 2723 1011 2753 sathan.
1088 2723 1115 2750 ¹3.
1138 2721 1277 2750 Rectius:
1306 2720 1448 2748 totaliter.

134 2771 158 2799 7.
175 2764 207 2790 In
225 2771 338 2798 marg.:
360 2748 463 2790 sselial.
527 2762 553 2789 S.
569 2762 602 2789 In
619 2768 733 2796 marg:
756 2759 933 2787 Leviathan.
992 2757 1028 2786 15.
1045 2757 1142 2785 Coa„
1164 2762 1322 2792 tamquam
1340 2756 1450 2791 prime.

204 2857 236 2887 4.
276 2846 328 2878 Cf.
358 2845 500 2888 Wyclif,
532 2845 584 2876 De
619 2843 767 2875 Diabolo
803 2851 835 2874 et
869 2842 1036 2874 Membris
1076 2842 1163 2880 εἰυε,
1204 2841 1279 2873 ΡοΙ.
1307 2838 1450 2878 NVorks,

135 2904 213 2936 pag.
233 2892 309 2926 362.
430 2902 483 2932 24.
511 2891 599 2934 Eph.
618 2891 675 2931 VI,
707 2901 756 2931 14.

1638 251 1718 287 477

1454 363 1521 390 One
1542 363 1620 391 dcvi!
1644 370 1707 390 max

1468 399 1543 425 have
1564 396 1705 425 diti'ercn‘t

1527 441 1641 460 names.

1475 597 1650 624 Derix‘aliun
1672 600 1701 624 01

1481 633 1554 660 such
1578 632 1693 659 names

1500 1237 1568 1265 The
1588 1236 1686 1264 world

1500 1273 1617 1300 refuses
1638 1272 1688 1299 the

1526 1307 1667 1343 spiritual

1464 1351 1602 1377 armour‚
1623 1341 1725 1368 which

1456 1379 1481 1405 is
1503 1378 1578 1413 light
1593 1377 1651 1404 and
1669 1376 1730 1403 lists

1484 1418 1513 1440 to
1536 1413 1621 1446 (Jod;
1645 1412 1705 1439 and

1468 1449 1553 1475 takes
1574 1448 1623 1474 the
1645 1447 1720 1474 dark

1466 1491 1602 1516 armmxr,
1625 1482 1726 1508 which

1484 1519 1509 1545 is
1532 1519 1627 1553 hcaxy
1648 1517 1706 1544 and

1474 1554 1578 1580 draws
1599 1558 1629 1579 10
1651 1552 1719 1578 hell.
