1944 3323
137 1732 184 1758 the
205 1732 390 1767 imputation

127 1909 156 1930 to
180 1904 214 1931 be
235 1905 346 1931 known
370 1910 398 1932 to

142 244 214 278 150
717 256 940 287 JoHANle
961 257 1143 288 wvcmr
1162 258 1416 291 sERMouuM
1480 245 1632 303 [sumno
1653 259 1732 287 xix.

425 362 518 408 <que
551 369 608 397 est
642 360 711 397 Dei
745 360 983 408 sapiencia),
1025 371 1168 398 cuncta
1209 372 1347 400 nostra
1380 378 1501 413 opera
1535 367 1730 414 faciendo,

421 418 475 454 ita
509 420 616 466 quod
650 418 805 466 quesito
844 431 866 455 a
898 419 1015 455 nobis
1048 419 1088 455 in
1120 420 1231 457 cuius
1263 421 1408 459 virtute
1441 425 1500 460 vel
1532 434 1730 472 potestate

423 477 494 512 hec
527 476 708 521 facimus,
742 489 832 512 vere
865 476 1046 513 dicamus
1086 477 1169 514 sine
1203 478 1348 516 ficticia
1382 482 1488 529 quod
1522 483 1557 518 in
1591 483 1731 520 virtute

423 534 509 579 Dei,
543 542 578 570 et
612 543 706 571 tunc
739 533 860 570 stabit
892 535 1035 572 stabile
1068 548 1169 583 opus
1201 546 1397 574 nostrum.

159 595 185 620 5⁴·
209 587 381 648 'iiiii-⁶⁰⁰&
480 593 554 628 Sed
591 605 680 628 cum
706 592 804 628 tales
828 591 992 630 veridici
1025 594 1172 630 habent
1196 595 1329 632 hostes
1359 596 1615 645 niultipliceS‚
1640 598 1730 635 ideo
1749 603 1764 633 5>

283 643 306 655 ⁷
422 662 528 685 nono
562 651 678 686 docet
700 650 917 697 Apostolus
941 652 1048 699 quod
1072 651 1146 687 tuti
1179 651 1303 689 simus
1331 666 1406 703 per
1427 668 1539 691 arma
1572 656 1730 702 iusticie,

422 707 605 743 faciendo
629 716 712 743 tam
745 707 885 744 amicis
909 721 1028 756 quam
1063 708 1235 746 inimicis
1268 710 1425 748 iusticie
1458 714 1730 761 complemen-

420 773 518 800 tum.
563 764 641 801 Alii
681 773 815 802 autem
855 765 1083 814 intelligunt
1123 779 1192 815 per
1231 769 1412 805 dextram
1453 778 1487 806 et
1530 771 1727 808 sinistram

421 835 614 870 prospera
659 831 696 859 et
741 824 905 860 adversa
950 823 1103 860 homini
1143 825 1366 863 conformia
1408 827 1446 863 in
1486 837 1630 866 natura
1668 831 1728 866 vel

420 880 507 927 ipso
540 879 742 926 inferiora,
784 881 1078 929 premiaciones
1112 895 1210 931 quas
1248 883 1406 922 iusticia
1446 886 1613 934 requirit
1655 900 1788 923 nos1o

419 938 561 974 facere.
596 940 638 974 In
660 938 847 975 omnibus
873 939 1072 989 (inquam)
1099 941 1290 978 debemus
1314 952 1507 990 quantum
1541 943 1581 980 in
1613 944 1728 981 nobis

419 1004 476 1032 est
499 1008 656 1044 semper
680 1006 716 1033 et
739 996 887 1045 ubique
917 997 1117 1035 iusticiam
1148 999 1359 1037 observare
1387 996 1392 1053 Ι
1422 1009 1458 1037 et
1487 1001 1543 1038 sic
1568 1002 1727 1039 Christo

420 1053 691 1091 ministremus
732 1054 834 1091 iuste
866 1057 951 1092 Deo
992 1065 1130 1092 nostro
1168 1065 1250 1093 tam
1290 1058 1325 1093 in
1362 1059 1494 1108 gloria
1534 1072 1646 1108 quam
1691 1061 1727 1096 in

417 1112 669 1161 ignobilitate,
698 1125 747 1149 ne
777 1112 817 1149 in
841 1112 972 1161 primo
996 1113 1184 1150 inflemur
1206 1127 1279 1152 nec
1302 1115 1341 1151 in
1363 1117 1539 1153 secundo
1562 1127 1728 1166 propter

417 1169 719 1217 oppressionem
771 1170 945 1208 hostium
998 1172 1297 1220 precipitemur,
1349 1183 1391 1210 ut
1443 1174 1636 1223 contingit
1680 1177 1727 1212 de
1749 1180 1783 1211 15

416 1226 492 1263 illis
526 1227 593 1276 qui
631 1230 898 1265 succumbunt
931 1243 953 1266 a
985 1229 1162 1266 veritatis
1200 1230 1360 1268 tramite
1393 1241 1558 1280 propter
1590 1245 1727 1270 caren-

417 1284 520 1322 ciam
551 1287 754 1323 mundane
786 1286 923 1335 glorie.

163 1358 196 1376 11.
218 1354 360 1388 constant
475 1343 699 1380 Undecimo
740 1345 930 1381 debemus
971 1354 1200 1382 constanter
1233 1345 1462 1384 ministrare
1494 1347 1654 1385 Christo
1688 1349 1727 1386 in

136 1389 396 1446 Chs‘sffi'ffiffiffioes
417 1414 509 1437 casu
542 1414 621 1450 quo
656 1401 861 1451 contingat
893 1415 966 1439 nos
998 1402 1151 1451 impelli
1179 1416 1254 1453 per
1276 1404 1476 1454 infamiam
1499 1407 1559 1443 vel
1583 1407 1726 1444 elevari

129 1454 157 1480 in
179 1454 318 1523 ἕῇἓὲοξζ
342 1454 485 1509 cvi'per
507 1459 828 1508 bonanzsanzanz,
852 1459 952 1497 sicut
976 1461 1148 1509 apostoli
1174 1462 1347 1510 reputati
1370 1473 1461 1500 sunt
1484 1466 1726 1514 quandoque
1745 1476 1785 1498 20

315 1511 321 1523 ⁷
415 1516 503 1553 falsi
536 1525 573 1553 et
612 1517 756 1565 magici
796 1527 833 1554 et
865 1520 1107 1567 quandoque
1147 1519 1317 1556 humiles
1358 1530 1395 1557 et
1434 1522 1584 1568 fideles,
1624 1522 1726 1560 sicut

414 1574 488 1610 fuit
523 1576 570 1611 de
604 1575 776 1621 Christo,
818 1575 873 1612 sic
913 1576 1079 1624 contigit
1114 1577 1316 1614 modernis
1349 1580 1652 1617 observantibus
1685 1581 1725 1617 in

416 1633 538 1681 plana
570 1632 728 1669 iusticia
760 1634 940 1682 regulam
972 1634 1162 1671 veritatis.

154 1704 178 1723 2.
200 1702 252 1724 not
272 1697 388 1732 feariug
473 1690 638 1727 Decimo
667 1692 842 1729 secundo
866 1693 1056 1729 debemus
1088 1702 1270 1730 constare
1301 1693 1341 1730 in
1367 1694 1588 1732 ministerio
1610 1696 1725 1733 nobis

416 1748 581 1795 credito,
622 1748 714 1785 licet
753 1750 801 1786 ab
841 1749 1040 1798 aliquibus
1079 1750 1304 1788 iudicemur
1341 1754 1564 1790 seductores
1601 1761 1635 1790 et
1676 1756 1724 1791 ab
1744 1757 1781 1789 25

416 1805 503 1843 aliis
538 1819 705 1843 veraces.

145 1868 182 1895 13.
203 1870 308 1904 caring
330 1875 382 1897 not
474 1864 640 1901 Decimo
662 1864 788 1901 tercio
813 1866 1002 1902 debemus
1037 1875 1220 1902 constare
1242 1865 1283 1902 in
1306 1866 1453 1903 Christi
1486 1867 1721 1914 ministerio,

416 1921 507 1958 licet
535 1923 642 1970 apud
676 1923 869 1958 mundum
902 1936 1038 1960 sumus
1062 1923 1255 1972 qualitate
1287 1924 1422 1974 ignoti,
1455 1937 1545 1961 cum
1577 1926 1723 1963 sufficit

416 1980 523 2027 quod
564 1981 670 2028 apud
704 1981 832 2016 Deum
871 1980 994 2017 simus
1034 1981 1074 2017 in
1113 1982 1346 2019 constancia
1377 1982 1533 2019 virtutis
1566 1985 1720 2034 cogniti.

416 2039 463 2073 Et
503 2037 639 2073 onmia
678 2037 754 2074 ista
792 2038 984 2075 tredecim
1019 2039 1154 2076 reduci
1195 2049 1362 2088 possunt
1395 2043 1445 2077 ad
1476 2041 1553 2077 vite
1586 2054 1721 2090 super-
1743 2045 1782 2076 30

415 2095 521 2131 biam
557 2094 875 2143 deprimendam.

125 2147 227 2175 These
248 2147 275 2176 ¹3
296 2149 399 2183 points
473 2153 549 2189 Sed
569 2162 712 2201 quarto
731 2153 886 2190 decimo
906 2163 1100 2202 quantum
1125 2156 1174 2192 ad
1199 2155 1571 2203 concupiscenciam
1595 2157 1722 2193 carnis

126 2184 392 2252 xxiiifiiiieuzi'gziiiilst
414 2209 486 2247 viri
511 2210 641 2247 devoti
665 2220 755 2247 sunt
773 2212 883 2260 quasi
902 2212 1107 2249 morientes
1128 2225 1209 2249 non
1232 2222 1343 2250 actus
1365 2214 1503 2251 vitales
1526 2215 1586 2250 vel
1610 2228 1722 2251 mun-

1746 1040 1761 1061 2

151 1767 185 1793 of
201 1767 375 1798 talsehood,

174 1939 222 1966 the
243 1940 352 1966 world.

125 2252 173 2278 the
195 2252 280 2286 pride
301 2253 334 2280 of
351 2253 400 2280 the

150 2287 257 2314 world.
279 2289 324 2315 As
345 2293 374 2314 10
415 2269 540 2304 danos
555 2268 730 2305 indebite
747 2279 983 2316 exercentes,
1002 2279 1038 2307 et
1054 2283 1144 2307 ecce
1160 2270 1289 2318 parati
1305 2280 1395 2308 sunt
1419 2285 1462 2308 ex
1485 2273 1560 2308 hoe
1583 2285 1721 2309 secun—

154 2322 363 2384 tlisslssgttshng'e
415 2327 508 2362 dum
524 2325 755 2363 interiorem
772 2327 976 2364 hominem
993 2328 1418 2366 delectabilitervivere
1434 2331 1565 2378 quoad
1578 2332 1719 2366 Deum.
1738 2333 1776 2365 35

178 2411 218 2436 14-
240 2378 345 2437 axina.
471 2385 519 2420 Et
557 2383 612 2421 sic
646 2384 785 2433 quinto
819 2384 975 2422 decimo
1010 2387 1200 2422 debemus
1232 2386 1459 2424 ministrare
1492 2387 1651 2424 Christo
1683 2389 1719 2424 in

144 2449 179 2475 15.
201 2449 376 2477 chastened.
412 2449 584 2490 tempore
616 2450 746 2479 nostre
778 2442 971 2490 viaciom's,
1004 2456 1084 2479 non
1117 2452 1159 2480 ut
1183 2446 1267 2481 Deo
1301 2444 1444 2482 abiecti
1467 2447 1534 2482 sed
1559 2453 1598 2481 ut
1620 2445 1718 2482 ami-

413 2498 593 2535 cabiliter
617 2500 810 2551 castigati,
833 2500 927 2549 quia
949 2502 1061 2549 Apoc
1067 2530 1177 2538 .....
1200 2503 1289 2552 Ego
1313 2515 1405 2551 quos
1426 2516 1513 2539 amo
1534 2516 1662 2553 arguo
1685 2511 1719 2540 et

412 2557 582 2607 castig0;
614 2566 650 2594 et
684 2570 754 2605 per
786 2571 1032 2607 consequens
1064 2571 1143 2595 non
1177 2561 1366 2597 debemus
1398 2573 1471 2597 nos
1494 2573 1718 2608 supponere

413 2613 676 2651 mortificatos
693 2614 802 2663 virga
820 2617 880 2653 vel
898 2617 1041 2653 baculo
1060 2617 1331 2654 consolatorio
1349 2627 1431 2654 tam
1451 2618 1506 2666 pii
1525 2617 1716 2666 magistri.
1732 2633 1776 2663 40

482 2744 519 2771 17·
540 2736 649 2763 Alinea
671 2744 700 2764 ιο
722 2737 815 2764 deest.
888 2737 932 2765 3⁸.
954 2739 1053 2773 Apoc.
1076 2738 1214 2773 sequitur
1236 2739 1353 2766 lacuna.

480 2818 499 2850 ὁ
526 2826 559 2850 et
584 2829 683 2861 seqq.
711 2820 748 2851 11.
776 2820 855 2852 Cor.
877 2821 931 2860 VI,
957 2820 990 2861 8,
1015 2832 1046 2864 9.
1159 2821 1200 2863 37
1228 2829 1260 2853 et
1286 2832 1386 2865 seqq.
1415 2822 1451 2854 11.
1480 2823 1560 2854 Cor.
1586 2823 1641 2862 V1,
1668 2833 1715 2855 10.

412 2864 465 2897 38.
491 2868 600 2907 Apoc.
628 2866 681 2906 111,
705 2876 754 2909 ¹9·

1748 984 1819 1015 Fol.

1769 1030 1826 1062 55³
