1944 3323
182 238 318 266 sERMO
341 227 422 284 xx]
672 241 843 273 TERTm
874 241 998 272 PARS.

182 360 253 384 sua
286 347 540 396 temporalia,
581 346 808 383 discredere
847 360 915 383 sue
954 347 1045 383 ficte
1085 346 1336 383 absolucioni
1371 356 1407 383 et
1441 347 1499 383 in-

182 405 378 442 fundabili
411 405 615 454 potestati,
659 404 722 441 hic
762 413 898 442 tamen
931 405 1104 442 breviter
1136 404 1405 441 invehendum
1441 414 1499 441 est

183 473 324 501 contra
357 477 471 501 suam
505 462 987 510 excommunicacionem‚
1027 476 1076 500 ne
1108 463 1282 511 populus
1317 463 1497 512 simplex,

182 523 349 559 timendo
389 523 453 558 ubi
488 535 560 558 non
599 529 684 558 emt
722 522 851 567 timor,
890 534 913 558 a
957 522 1042 569 lege
1081 521 1245 558 Domini
1285 530 1496 558 terreatur.

149 584 165 616 5
240 583 342 618 Sunt
386 589 520 617 autem
564 579 672 616 mille
711 579 945 616 testimonia
987 588 1222 616 sanctorum
1263 581 1372 628 quod
1416 592 1498 616 non

183 648 240 675 est
273 638 644 676 excommunicacio
678 638 858 675 timenda
892 639 940 674 de
965 638 1020 675 eis
1042 637 1117 674 nisi
1143 639 1191 675 de
1215 647 1366 687 quanto
1389 637 1498 687 ipsos

182 697 307 734 inficit
341 706 378 734 et
401 697 528 746 priori
552 695 968 733 excommunicacioni
994 696 1157 733 Domini
1181 705 1239 733 est
1264 696 1496 733 conformis.

183 755 317 792 Primo
351 768 445 804 ergo
476 755 677 792 invehitur
712 763 853 791 contra
886 754 1004 791 istam
1030 754 1497 792 excommunicacionem

181 826 251 862 per
283 814 359 850 hoc
393 815 501 863 quod
534 826 607 850 nec
641 813 681 849 in
713 813 913 862 scriptura
947 826 1062 850 sacra
1084 813 1222 850 necin
1245 812 1325 850 vita
1350 812 1499 850 Christi

128 884 165 905 10
181 881 249 908 aut
282 871 507 921 apostolica
540 881 597 908 est
620 872 800 917 fundata,
835 873 903 908 sed
926 871 1063 908 omnia
1087 884 1164 920 que
1186 871 1331 920 prelati
1355 873 1500 908 debent

181 931 311 967 facere
355 930 599 967 sufficienter
638 930 829 966 fundatur
868 929 907 965 in
939 929 1036 975 illis3
1086 942 1180 977 ergo
1224 943 1306 966 non
1355 930 1500 966 debent

180 988 315 1025 taliter
354 988 718 1026 excommunicare.
759 987 942 1025 Christus
983 987 1088 1024 enim
1129 988 1252 1024 talem
1292 987 1501 1036 prohibuit

183 1048 242 1094 (ut
287 1056 398 1096 patet
432 1049 537 1084 Luce
570 1048 658 1095 IX0)
708 1055 745 1083 et
790 1059 812 1082 a
858 1046 929 1083 tali
974 1046 1168 1083 abstinuit
1211 1050 1269 1091 (ut
1308 1055 1419 1095 patet
1453 1047 1501 1082 de

180 1105 399 1154 Scarioth)‚
441 1118 531 1142 cum
571 1114 708 1142 tamen
747 1104 964 1154 utrobique
1008 1104 1081 1141 fuit
1121 1104 1325 1141 infinitum
1372 1104 1501 1141 maior

127 1165 163 1198 15
180 1177 300 1201 causa
347 1162 783 1201 excommunicacionis
831 1176 952 1212 quam
997 1172 1088 1199 sunt
1137 1163 1258 1200 hodie
1296 1163 1498 1200 ventilate.

179 1225 261 1259 Nec
292 1223 397 1259 valet
430 1222 563 1259 dicere
597 1223 706 1271 quod
739 1224 880 1258 Petrus
914 1221 1277 1258 excommunicavit
1299 1221 1497 1258 Ananiam

180 1289 217 1317 et
240 1281 454 1329 Saphiram
470 1282 653 1326 (Act.V0)
671 1293 744 1317 nec
768 1281 878 1329 quod
894 1281 1113 1329 Apostolus
1138 1279 1500 1317 excommunicavit

179 1339 412 1376 Corinthios
459 1340 510 1387 (10
551 1341 643 1376 Cor.
677 1340 762 1385 VO),
814 1338 909 1388 quia
959 1338 1049 1375 illos
1100 1338 1501 1375 excommuniearunt

180 1397 604 1434 excommunicacione
655 1410 733 1446 qua
782 1396 926 1446 prelati
976 1397 1105 1434 nostri
1151 1396 1500 1434 excommunicare

123 1468 165 1490 20
180 1455 363 1493 nesciunt
385 1468 459 1493 nec
484 1457 632 1493 habent
656 1468 677 1492 a
702 1455 876 1492 Domino
910 1464 1172 1504 potestatem3
1207 1455 1359 1504 primos
1394 1455 1499 1492 enim

180 1514 347 1551 tradidit
380 1516 520 1551 Petrus
560 1523 690 1551 morte
727 1513 1000 1551 intercedente
1039 1523 1235 1562 perpetuo
1275 1527 1297 1550 a
1337 1513 1499 1550 diabolo

180 1573 444 1621 flagellandos
489 1581 526 1609 et
570 1573 791 1609 secundum
837 1572 1003 1609 tradidit
1044 1573 1189 1609 Paulus
1229 1582 1367 1609 satane
1413 1585 1500 1609 cru-

180 1631 367 1668 ciandum
402 1632 452 1668 ad
485 1640 643 1679 tempus
676 1640 718 1667 ut
756 1630 921 1679 spiritus
961 1631 1091 1667 salvus
1132 1630 1214 1667 fiat.
1269 1632 1346 1667 Sed
1385 1630 1499 1667 istius

180 1689 372 1726 maneriei
406 1688 841 1726 excommunicacionis
884 1701 1023 1726 omnes
1057 1689 1201 1737 prelati
1234 1688 1376 1726 cesarii
1409 1698 1500 1725 sunt

123 1751 162 1783 25
180 1757 372 1796 expertes.

237 1809 348 1852 Item,
373 1805 481 1843 iuxta
505 1806 625 1843 fidem
651 1805 844 1853 evangelii
868 1818 987 1842 nemo
1007 1807 1124 1842 debet
1148 1805 1499 1843 excommunicare

179 1864 301 1900 aliurn
336 1864 412 1901 nisi
443 1873 611 1913 propter
645 1863 855 1901 caritatem
880 1877 1002 1913 quam
1036 1865 1156 1901 habet
1189 1865 1239 1901 ad
1274 1877 1378 1911 eum,
1413 1873 1497 1900 tum

179 1922 272 1971 quia
317 1935 361 1959 ex
405 1922 483 1959 fide
517 1924 709 1959 debemus
756 1922 943 1959 inimicos
987 1932 1148 1960 nostros
1193 1922 1371 1971 diligere,
1413 1931 1496 1958 tum

178 1981 306 2017 eciam
346 1980 440 2030 quia
479 1982 672 2018 debemus
711 1980 848 2018 omnia
892 1993 1017 2029 opera
1063 1990 1203 2018 nostra
1243 1981 1283 2017 in
1330 1980 1497 2018 caritate

122 2043 163 2076 30
178 2039 322 2076 facere.
376 2040 454 2076 Sed
493 2040 639 2088 prelati
678 2039 805 2076 nostri
844 2039 986 2076 cesarii
1025 2053 1105 2076 non
1146 2039 1498 2076 excommunicant

179 2097 360 2134 subditos
385 2110 428 2134 ex
452 2097 632 2144 caritate,
664 2110 758 2146 ergo
787 2110 870 2134 non
901 2097 1111 2135 catholice.
1146 2098 1279 2135 Minor
1302 2099 1498 2146 probatur

178 2169 199 2192 a
238 2155 351 2204 signo
392 2168 438 2192 eo
478 2157 587 2205 quod
626 2156 715 2193 illos
757 2156 824 2205 qui
866 2156 992 2204 magis
1037 2156 1244 2203 obediunt,
1292 2156 1416 2193 cicius
1461 2164 1497 2193 et

179 2214 455 2251 honorabilius
479 2214 843 2260 excommunicant,
866 2224 909 2251 ut
932 2223 1042 2263 patet
1067 2216 1115 2251 de
1140 2214 1497 2251 excommunicatis

178 2272 366 2309 subiectis
400 2272 467 2320 qui
500 2274 642 2309 nolunt
674 2272 889 2322 pecuniam
921 2273 983 2310 vel
1016 2273 1236 2322 prelaciam
1276 2275 1326 2310 ad
1358 2281 1496 2309 votum

122 2335 160 2366 35
178 2330 342 2379 prelatis
369 2330 558 2368 tribuere.
594 2332 687 2368 Ideo
711 2331 847 2368 multis
870 2331 1028 2368 videtur
1051 2333 1160 2380 quod
1194 2331 1338 2380 prelati
1370 2330 1497 2368 nostri

179 2388 530 2425 excommunicant
573 2389 838 2426 similitudine
883 2382 919 2426 et
964 2389 1206 2426 auctoritate
1257 2389 1497 2438 pontificum

176 2449 397 2484 Judeorum
451 2447 517 2496 qui
568 2448 970 2485 excommunicat-unt
1023 2449 1083 2496 (ut
1125 2448 1283 2485 videtur
1333 2447 1497 2493 sanctis)

178 2505 383 2542 Christum
418 2514 455 2541 et
488 2505 570 2542 eius
603 2507 810 2554 apostolos
843 2519 889 2543 ac
922 2519 1063 2543 omnes
1105 2506 1205 2543 alios
1239 2506 1293 2543 eis
1327 2506 1498 2543 fideliter

179 2564 430 2601 adherentes,
488 2563 552 2600 Sic
605 2564 709 2601 enirn
763 2564 1094 2613 conspiraverant
1139 2564 1234 2601 dicti
1285 2564 1496 2613 pontifices

119 2636 162 2666 40
178 2631 314 2670 patres
346 2621 624 2669 generacionis
659 2622 775 2659 huius
809 2624 990 2660 adultere
1023 2624 1146 2671 quod,
1187 2623 1218 2659 si
1252 2623 1340 2671 quis
1373 2623 1496 2659 confi-

178 2689 330 2716 teretur
351 2682 484 2716 Jesum
516 2689 699 2717 nostrum
726 2693 810 2717 esse
834 2681 1039 2718 Christum
1064 2681 1308 2730 promissum
1335 2681 1373 2717 in
1397 2682 1494 2728 lege.

247 2850 273 2876 S.
295 2850 327 2877 In
350 2858 464 2885 marga
487 2849 589 2877 l'rima
610 2850 702 2877 racio.
819 2859 857 2885 ¹7·
880 2850 975 2878 Cod.:
996 2850 1040 2877 V⁰
1060 2851 1162 2880 deest:
1188 2851 1258 2878 Act.
1281 2850 1419 2885 <equitur
1440 2850 1494 2875 lac.

177 2886 223 2912 26.
245 2886 276 2912 In
300 2893 414 2918 marga
437 2885 578 2913 Secunda
599 2885 692 2912 racio.
767 2884 813 2919 39.
835 2886 930 2913 (ζωὰς
952 2887 1121 2913 adest—ntes.

1716 236 1791 283 159

1555 589 1621 616 The
1643 590 1747 616 saints

1542 624 1613 651 bear
1635 626 1762 651 witness

1586 660 1651 686 that
1671 669 1721 686 cx-

1523 696 1788 722 communication

1527 730 1552 756 is
1573 735 1603 756 to
1626 731 1660 757 bc
1682 731 1782 757 tedred

1562 766 1634 801 only
1656 766 1743 791 when

1527 800 1629 827 issttcd
1653 802 1715 827 lits!
1741 801 1777 835 by

1613 836 1693 862 (iod.

1527 1232 1634 1260 Christ
1655 1233 1781 1272 did-not

1524 1274 1790 1296 excommunicate

1586 1304 1725 1331 Iscariot.

1569 1817 1636 1846 The
1657 1820 1730 1855 only

1528 1854 1641 1881 motive
1662 1855 1710 1881 for
1728 1863 1779 1885 ex-

1523 1890 1787 1917 communicationi

1521 1924 1631 1951 should
1655 1926 1690 1951 be
1711 1926 1788 1951 love.

1570 2287 1656 2315 With
1679 2297 1737 2315 our

1541 2324 1672 2358 prelatos
1694 2325 1715 2351 it
1736 2324 1761 2350 is

1590 2367 1711 2394 money.
