1944 3323
206 274 342 304 SERMO
363 263 445 322 xa]
699 276 875 308 TERTIA
902 276 1028 307 rixas.

209 386 293 431 lege
326 397 450 432 usquc
484 386 532 420 ad
569 393 738 419 mortem
775 384 894 419 verba
932 382 1091 418 Domini
1134 382 1339 430 publicare
1375 391 1411 417 et
1447 394 1528 416 mo-

208 451 344 479 verent
378 452 537 478 nostros
570 442 826 490 presbyteros
859 449 1217 489 quantumcunque
1253 440 1403 475 mundo
1437 439 1528 474 sim-

213 499 334 548 plices
378 499 578 548 intrepide
623 499 844 548 predicare.
899 501 945 535 Et
992 497 1084 535 hinc
1131 498 1313 534 dixerunt
1356 497 1527 545 apostoli

211 560 298 595 Act.
333 559 416 604 1V0,
453 569 503 594 20
543 559 651 606 quod
691 571 764 594 non
798 570 1007 607 possumus
1046 569 1116 606 que
1156 556 1376 592 audivimus
1407 563 1442 592 et
1477 555 1529 591 vi-

175 617 336 653 §dimus
368 629 441 652 non
476 617 589 665 loqui.
624 615 756 653 Nichil
790 614 895 652 enim
931 615 1057 663 magis
1091 614 1305 652 necessitat
1346 615 1394 651 ad
1429 626 1530 662 opus

211 687 332 724 quam
367 674 563 723 impulsus
598 673 770 722 Spiritus
803 673 843 710 in
877 673 1013 710 anima
1049 672 1168 710 fideli.

268 734 453 770 Secunda
504 732 676 770 donacio
729 741 786 769 est
832 732 1086 768 ministerium
1140 730 1220 768 sive
1266 730 1407 767 laicale
1453 729 1533 766 sive

211 790 527 828 ecclesiasticum
545 792 683 827 datum
702 790 807 827 fideli
826 803 867 827 ex
886 790 1061 838 impulsu
1077 789 1250 838 Spiritus
1275 787 1532 828 ministranti,

212 858 253 885 ut
300 858 409 898 patet
454 851 502 885 de
555 848 832 886 sacerdotibus
886 848 1058 885 fideliter
1111 856 1365 884 sacramenta
1419 845 1535 882 mini-

156 920 196 941 10
212 906 432 945 strantibus
466 916 502 944 et
532 907 704 944 breviter
735 909 782 944 de
806 907 1111 956 quibuscunque
1142 905 1335 942 ministris
1367 903 1534 942 ecclesie

212 966 252 1002 in
296 965 432 1003 officio
477 979 549 1002 suo
595 965 668 1002 rite
715 965 1049 1002 ministrantibus.
1097 967 1144 1000 Et
1184 965 1536 1012 condempnantur

212 1023 276 1060 hic
321 1023 556 1072 symoniaci,
603 1023 754 1060 iudices
798 1023 886 1060 falsi
933 1032 968 1060 et
1014 1022 1206 1060 causidici
1251 1021 1331 1058 sive
1376 1020 1534 1057 iuridici

212 1081 368 1119 iusticie
392 1082 632 1119 venditores.
669 1083 819 1119 Omnes
855 1081 960 1118 enim
992 1082 1089 1118 tales
1124 1094 1214 1118 cum
1250 1079 1305 1117 eis
1338 1078 1536 1116 similibus

212 1142 388 1177 vendunt
411 1140 612 1178 Christum
649 1139 688 1176 in
722 1139 857 1177 multis
891 1139 1048 1177 casibus
1078 1137 1378 1188 dampnabilius
1414 1150 1533 1187 quam

159 1200 334 1236 ibJudas
370 1197 570 1235 Scarioth.

270 1256 406 1294 Tertia
439 1257 612 1294 donacio
651 1266 708 1293 est
748 1256 926 1294 officium
969 1256 1186 1295 edocentis,
1240 1264 1276 1292 et
1309 1253 1537 1303 specialiter

214 1314 523 1363 evangelizacioss,
566 1328 627 1352 res
661 1324 718 1352 est
751 1315 907 1364 privata
948 1314 1187 1351 informacio
1226 1314 1286 1350 vel
1325 1311 1537 1349 scolastica

215 1373 524 1422 dogmatizacio,
559 1383 595 1410 et
628 1373 801 1422 primam
837 1386 973 1410 earum
1008 1382 1124 1410 vocat
1148 1372 1367 1421 Apostolus
1397 1372 1536 1407 donum

214 1432 317 1469 illius
350 1432 414 1481 qui
434 1432 543 1468 docet
565 1432 601 1468 in
625 1432 801 1468 doctrina
826 1441 862 1468 et
885 1433 1104 1469 secundam
1128 1440 1245 1468 vocat
1270 1431 1410 1467 donum
1436 1429 1539 1465 illius

161 1491 281 1539 :oqui
315 1491 552 1526 exhortatur
591 1490 626 1526 in
665 1491 925 1527 exhortando.
972 1492 1020 1526 Et
1058 1489 1215 1526 videtur
1254 1488 1390 1524 multis
1431 1488 1537 1536 quod

216 1549 431 1585 vendentes
456 1549 530 1584 hoc
556 1549 706 1585 donum
736 1548 814 1585 vite
843 1548 1123 1585 necessitatem
1157 1546 1402 1595 exigentibus
1429 1575 1436 1582 .
1463 1575 1469 1582 .
1497 1575 1503 1581 .
1530 1574 1537 1582 .

219 1609 266 1643 Et
284 1607 419 1655 quoad
443 1606 609 1643 terciam
635 1608 682 1643 de
707 1606 941 1643 doctoribus
966 1606 1032 1655 qui
1057 1606 1096 1643 in
1120 1605 1262 1642 studiis
1285 1604 1538 1653 generalibus

219 1664 411 1713 colligunt
450 1664 640 1712 pecunias
680 1666 728 1702 de
768 1664 848 1701 suis
895 1665 1129 1709 scolaribus,
1177 1665 1224 1700 de
1264 1662 1408 1712 quibus
1448 1671 1539 1698 sunt

219 1722 461 1760 tradiciones
507 1722 611 1760 edite
658 1733 865 1772 tamquam
915 1724 1034 1772 leges.
1096 1725 1143 1759 Et
1188 1721 1343 1758 utinam
1390 1729 1539 1757 statuta

162 1780 314 1818 :atalia
344 1782 547 1818 destructa
578 1782 721 1827 forent,
752 1794 842 1818 cum
873 1790 955 1818 tam
986 1782 1114 1829 legem
1146 1780 1217 1817 Dei
1246 1779 1538 1828 dampnificant

221 1852 341 1888 quam
376 1839 552 1876 fautores
588 1849 624 1876 et
658 1839 961 1876 consencientes
996 1841 1310 1887 condempnant.

278 1897 427 1942 Quinta
478 1897 650 1935 donacio
702 1907 759 1934 est
811 1898 1078 1946 corporaliter
1126 1895 1426 1934 elemosinantis
1472 1894 1538 1943 qui

220 1955 358 1992 tribuit
398 1955 604 2003 egentibus
644 1957 749 1993 bona
787 1957 946 1993 fortune
986 1957 1021 1992 in
1054 1955 1313 2005 simplicitate,
1351 1955 1427 1990 hoc
1467 1963 1539 1999 cst,

220 2013 304 2051 sine
337 2013 442 2062 plica
476 2013 723 2062 duplicitatis
757 2014 1071 2052 retribucionem
1106 2027 1128 2050 a
1164 2013 1338 2050 Domino
1372 2021 1408 2048 ct
1442 2020 1539 2048 tcm-

161 2075 204 2108 30
221 2073 401 2121 poralem
425 2072 737 2109 retribucionem
768 2073 1015 2121 angulariter
1038 2071 1297 2121 implicantis.
1333 2070 1409 2116 Qui
1434 2069 1538 2106 enim

220 2132 288 2168 dat
329 2131 400 2167 hec
434 2130 674 2178 temporalia
713 2141 878 2180 propter
910 2132 1065 2168 lucrum
1107 2129 1389 2167 retribucionis
1428 2141 1540 2164 mun-

221 2190 322 2225 dane
351 2189 411 2225 vel
441 2201 540 2225 vane
569 2188 708 2238 glorie,
734 2189 836 2226 sicut
868 2203 948 2227 non
978 2191 1097 2226 habet
1120 2189 1283 2226 oculum
1314 2186 1539 2235 simplicem

221 2248 289 2283 sed
329 2246 498 2283 includit
537 2248 727 2295 angulum
768 2247 995 2294 tribuendo,
1036 2257 1078 2284 ut
1118 2246 1302 2283 inmiscet
1335 2245 1537 2282 racionem

221 2314 301 2341 tam
348 2304 624 2348 inconsonam,
676 2305 730 2343 ita
782 2305 845 2343 hic
890 2306 1025 2355 recipit
1069 2306 1284 2342 mercedem
1328 2316 1437 2340 suam
1484 2306 1541 2348 (ut

163 2365 204 2397 35
222 2363 317 2399 dicit
351 2363 532 2399 Christus
565 2363 733 2401 Matthei
756 2366 841 2411 V10‚
869 2369 920 2411 2).
960 2363 1116 2401 Veritas
1156 2362 1261 2400 enim
1301 2361 1469 2411 requirit
1503 2361 1538 2396 in

222 2421 422 2458 tribuente
461 2420 530 2458 tali
569 2421 627 2458 sui
671 2422 795 2470 ipsius
828 2422 1053 2471 simplicem
1090 2421 1306 2466 racionem,
1342 2420 1435 2469 quia
1470 2420 1538 2455 du-

224 2478 381 2527 plicitas
415 2488 543 2516 toturn
579 2479 718 2526 inficit,
752 2480 854 2517 sicut
888 2494 1010 2517 unum
1052 2489 1262 2529 peccatum
1298 2488 1383 2515 tota
1417 2491 1541 2525 opera

223 2539 328 2574 bona
368 2539 415 2573 de
454 2550 597 2585 genere
636 2538 879 2576 comitancia
919 2541 1053 2587 quoad
1094 2538 1281 2575 meritum
1325 2536 1538 2573 mortificat

224 2605 261 2632 ct
294 2597 494 2644 deturpat.
529 2597 577 2632 Et
609 2609 729 2645 super
766 2597 841 2634 ista
875 2597 1038 2634 racione
1072 2598 1270 2646 dependet
1304 2596 1538 2632 mandatum

164 2666 208 2697 40
225 2653 373 2690 Christi
419 2655 524 2690 Luce
562 2656 689 2691 X1V0:
740 2656 835 2691 Cum
869 2656 979 2704 sacis
1031 2655 1276 2692 elemosinam
1324 2662 1397 2690 etc.
1451 2665 1538 2689 cum

225 2711 360 2748 multis
392 2711 735 2749 similitudinibus

293 2856 322 2880 4.
343 2848 375 2874 In
398 2855 512 2881 marg:
533 2848 601 2874 Aet.
618 2847 685 2874 lvo.
761 2856 786 2882 7.
808 2849 839 2874 Iu
863 2856 976 2882 marga
999 2856 1024 2874 2.
1106 2847 1146 2874 16.
1169 2847 1262 2874 Cod.:
1286 2846 1427 2874 Secunda
1449 2846 1541 2891 doua-

225 2882 321 2945 §isaim
343 2882 535 2944 ἰηέἡοῐιιηὴος
555 2889 697 2910 sermone
719 2882 834 2918 aliquot
856 2887 957 2917 partes
978 2882 1129 2910 excidisse
1149 2886 1287 2917 apparet.
1367 2889 1415 2914 μ).
1438 2879 1541 2907 lxcctc:

225 2939 232 2944 .
325 2926 340 2944 c
432 2939 439 2951 ,
461 2938 486 2944 -.

1767 268 1817 315 <39

1588 745 1610 763 2.
1634 737 1786 771 Minister.

1582 1260 1606 1287 3.
1631 1260 1798 1295 Teaehtng.

1569 1387 1588 1410 ι.
1611 1376 1828 1404 Ελίιοῑῐᾶῐιυῃ.

1572 1493 1674 1520 These
1697 1492 1806 1518 should

1590 1532 1642 1555 not
1665 1527 1699 1555 bc
1720 1527 1796 1554 sold.

1560 1842 1585 1868 5.
1603 1842 1693 1868 Alms
1714 1842 1829 1876 giving:

1563 1876 1660 1903 which
1685 1881 1762 1904 must
1788 1877 1823 1904 bc

1557 1912 1685 1939 without
1701 1912 1829 1947 thought

1608 1947 1642 1973 os
1660 1947 1777 1982 earthly

1628 1981 1757 2009 reward.
