1944 3323
243 257 378 288 SERMO
394 247 534 305 xxxa]
732 257 909 291 TERTIA
935 257 1063 290 PARS.

243 382 336 407 suos
360 370 407 406 de
441 367 608 405 crimine
641 366 807 412 luxurie,
843 365 992 402 heresis
1015 366 1076 402 vel
1100 377 1343 414 quocunque
1377 365 1457 401 alio
1481 374 1563 401 tam

244 427 448 466 evidenter
500 425 741 463 convincant
790 425 1033 473 dampnatos
1084 436 1177 460 suos
1224 435 1324 472 quos
1371 422 1563 467 iudicant,

243 486 345 524 sicut
383 485 558 534 populus
596 492 727 532 potest
761 482 869 531 ipsos
910 482 1148 519 convincere
1181 494 1224 518 ex
1258 480 1496 518 infidelitate
1530 490 1565 517 et

245 543 500 594 perversione
532 544 581 580 ad
617 553 906 579 mammonem.
942 543 983 577 In
1017 540 1093 577 illis
1127 549 1262 577 autem
1296 551 1372 588 que
1405 548 1566 587 oportet

212 609 329 642 5esse
382 602 547 646 mundo,
602 609 643 637 ut
692 599 919 646 virtutibus,
969 607 1170 648 potestate
1224 607 1345 647 atque
1398 597 1564 643 noticia,

244 661 436 698 simulant
459 658 730 704 sanctitatem,
747 657 925 695 dicentes
941 658 1049 707 quod
1074 658 1222 693 habent
1238 657 1327 705 plus
1354 654 1565 704 potestatis

245 732 365 769 quarn
401 721 541 756 Petrus
579 718 639 754 vel
679 716 780 753 alius
814 716 963 753 Christi
1003 716 1226 764 apostolus,
1267 727 1314 751 eo
1355 715 1464 763 quod
1497 715 1565 751 ab-

244 778 403 815 solvunt
443 790 464 814 a
503 788 606 825 pena
646 784 683 812 et
723 775 841 823 culpa
882 783 919 811 et
957 774 1150 811 facientes
1196 773 1392 810 miracula
1439 773 1566 809 multa

245 835 482 874 abscondita
528 836 624 871 dant
669 833 888 882 ampliores
933 831 1209 880 indulgencias
1254 844 1374 880 quam
1422 830 1567 880 aliquis

190 911 229 933 10
245 895 454 944 apostolus
488 905 666 942 unquam
702 891 832 937 dedit3
876 892 945 928 sed
984 890 1024 927 in
1063 890 1140 927 ista
1178 890 1421 927 seduccione
1454 889 1566 926 Anti-

245 953 385 990 christi
425 960 587 1001 oportet
628 951 787 987 fidelem
830 958 972 986 notare
1010 961 1135 998 opera
1169 947 1317 985 Christi
1357 960 1447 985 cum
1489 947 1567 984 fide

245 1012 444 1060 scripture
484 1018 521 1047 et
561 1022 605 1046 ex
644 1021 784 1046 eorum
826 1007 1018 1057 operibus
1063 1008 1199 1056 quoad
1233 1006 1382 1043 Christi
1427 1005 1567 1042 simili-

245 1070 426 1107 tudinem
468 1068 578 1117 ipsos
618 1078 863 1115 cognoscere
904 1074 942 1102 et
982 1078 1063 1102 non
1104 1064 1271 1102 ficticias
1318 1063 1567 1101 miserabiles

245 1141 291 1166 ac
341 1126 611 1164 infundabiles
662 1126 769 1162 ultra
812 1125 960 1160 Judeos
1013 1124 1269 1172 imponentes
1327 1122 1565 1160 ebrietatem

191 1191 227 1224 15
245 1186 395 1225 Christi
430 1184 615 1222 fidelibus
649 1183 817 1221 omnino
851 1191 1154 1231 contempnere.

304 1245 421 1282 Circa
451 1244 555 1280 hanc
585 1242 798 1291 epistolam
829 1240 1038 1278 dubitatur
1069 1242 1127 1287 (ut
1150 1240 1300 1289 sepius)
1330 1239 1360 1275 si
1391 1238 1566 1287 religiosi

243 1303 371 1342 nostri
410 1301 556 1351 privati
596 1310 639 1338 ut
677 1300 733 1337 sic
773 1313 795 1337 a
827 1299 1022 1348 religione
1057 1298 1203 1336 Christi
1244 1300 1486 1347 degenerent
1532 1305 1568 1334 et

244 1363 323 1400 sint
360 1370 403 1398 ut
436 1360 493 1398 sic
525 1372 596 1409 per
629 1370 878 1407 consequens
910 1358 1105 1403 infideles,
1141 1366 1177 1394 et
1210 1361 1273 1401 (ne
1307 1355 1568 1405 equivocacio

247 1422 316 1458 fiat
349 1421 389 1457 in
421 1419 611 1464 termino)
651 1417 912 1465 intelligendo
951 1429 1022 1465 per
1062 1415 1299 1464 religionem
1340 1423 1566 1463 presentem

189 1492 231 1515 20
247 1479 459 1529 privatam,
485 1489 562 1526 que
594 1489 715 1525 supra
749 1475 985 1524 religionem
1011 1474 1159 1512 Christi
1193 1473 1428 1522 superaddit
1458 1472 1569 1509 adin-

247 1537 462 1576 venciones
495 1537 692 1572 humanas
725 1533 996 1570 infundabiles
1036 1534 1075 1570 in
1108 1532 1309 1581 scriptura
1341 1532 1402 1567 vel
1434 1540 1568 1579 partes

249 1595 486 1634 essenciales
544 1591 750 1642 religionis
804 1601 872 1629 aut
928 1591 1081 1628 ordinis
1139 1591 1247 1627 velut
1298 1589 1569 1638 proprietates

249 1652 573 1703 inseparabiliter
625 1659 916 1700 consequentes
971 1652 1019 1687 ad
1067 1648 1363 1698 perfeccionem
1416 1647 1569 1684 ordinis

248 1712 492 1763 generaliter
530 1711 816 1755 observandas,
863 1718 900 1745 et
946 1717 1149 1745 scrutetur
1189 1707 1400 1755 theologus
1441 1705 1567 1743 eciam

191 1774 228 1806 25
248 1773 297 1809 ab
321 1771 399 1808 illis
422 1769 588 1819 privatis
611 1768 822 1806 ordinibus
846 1779 923 1816 que
947 1767 1207 1816 requiruntur
1232 1774 1269 1802 et
1293 1764 1496 1801 sufficiunt
1521 1765 1569 1800 ad

247 1828 619 1867 individuacionem
652 1828 714 1864 vel
746 1826 922 1875 speciem
946 1825 1108 1862 illorum
1133 1823 1321 1861 ordinum
1348 1832 1385 1859 et
1408 1835 1571 1871 genera-

248 1889 337 1925 liter
361 1889 434 1924 hec
457 1888 536 1923 duo
561 1885 736 1923 inveniet
759 1885 798 1921 in
823 1883 977 1921 cunctis
1001 1882 1168 1932 privatis
1188 1881 1398 1919 ordinibus
1417 1880 1571 1918 homini

248 1947 468 1992 occultata;
493 1945 696 1982 occultata
720 1944 810 1980 dico
828 1942 922 1992 quia
937 1942 1184 1991 professores
1203 1941 1365 1977 illorum
1382 1939 1570 1976 ordinum

248 2018 321 2043 nec
354 2005 503 2042 audent
531 2016 605 2040 nec
638 2002 769 2040 sciunt
802 2001 869 2038 illa
894 2002 1077 2049 detegere
1100 2000 1161 2037 vel
1183 1999 1317 2036 sciolis
1351 1998 1570 2047 publicare.

192 2067 233 2099 30
250 2063 290 2100 Si
314 2062 420 2100 enim
444 2075 582 2099 verum
608 2061 658 2098 sit
681 2061 806 2109 (quod
831 2059 927 2096 dicit
951 2059 1189 2103 monachus)
1222 2069 1362 2095 omnes
1395 2056 1573 2105 privatos

250 2122 411 2159 ordines
440 2130 522 2158 tam
555 2119 950 2169 possessionatorum
976 2131 1096 2166 quam
1133 2115 1457 2153 mendicancium
1491 2127 1574 2151 non

251 2180 411 2217 differre
452 2179 492 2216 in
531 2177 676 2228 specie,
716 2178 822 2213 unde
862 2176 1075 2214 habebitur
1109 2173 1340 2211 differencia
1374 2175 1482 2222 quod
1516 2172 1572 2209 illi

251 2238 413 2276 ordines
465 2237 654 2274 differunt
699 2235 887 2284 specifice
937 2248 958 2271 a
1004 2234 1198 2282 religione
1243 2231 1469 2282 apostolica
1512 2232 1572 2268 vel

252 2295 460 2334 communi
505 2294 680 2344 simplici
726 2293 970 2331 christiana?
1015 2301 1083 2330 aut
1128 2304 1252 2341 quare
1296 2304 1378 2328 non
1424 2290 1573 2327 diceret

194 2358 234 2392 35
253 2355 340 2405 quis
391 2353 656 2403 probabiliter
707 2353 815 2401 quod
874 2351 977 2388 sicut
1028 2352 1129 2388 ordo
1188 2350 1477 2387 canonicorum
1537 2357 1573 2385 et

254 2414 549 2450 monachorum
588 2411 730 2460 incipit
763 2410 1014 2459 temporibus
1053 2409 1349 2458 apostolorum,
1384 2408 1439 2444 sic
1473 2408 1573 2443 ordo

253 2474 438 2509 Fratrum
469 2470 618 2519 incepit
643 2471 784 2506 eodem
817 2478 1001 2517 tempore
1025 2477 1062 2504 et
1085 2480 1166 2503 non
1189 2467 1348 2503 fuerunt
1372 2465 1413 2502 in
1436 2465 1574 2514 aliquo

253 2529 439 2579 apostolo
470 2530 538 2566 sed
568 2541 590 2565 a
617 2528 703 2565 solo
727 2527 903 2564 Domino
932 2525 1174 2571 confirmati,
1206 2525 1297 2561 licet
1327 2524 1383 2560 illi
1413 2523 1574 2560 ordines

254 2589 371 2637 longe
404 2586 605 2636 posterius
639 2586 875 2634 inceperunt
900 2598 984 2622 esse
1019 2584 1312 2621 monachorum
1348 2591 1385 2619 et
1409 2582 1573 2619 canoni-

194 2659 239 2691 40
255 2659 395 2684 corum
437 2654 474 2682 et
512 2657 583 2694 per
624 2645 771 2680 multos
811 2657 938 2680 annos
978 2641 1176 2692 posterius
1216 2641 1450 2690 inceperant
1490 2653 1573 2676 esse

254 2707 454 2743 Fratrum.
490 2704 602 2740 Ordo
637 2702 741 2740 enirn
777 2714 847 2751 per
880 2701 1066 2739 accidens
1100 2709 1157 2737 est
1189 2699 1280 2737 talis
1312 2698 1502 2736 nominis,

325 2838 349 2866 5.
367 2837 462 2865 Cod.:
483 2837 521 2864 ab
537 2840 568 2864 ut
582 2836 758 2863 virtutibus.
815 2835 905 2863 16.1n
922 2843 1036 2869 marg:
1052 2834 1201 2861 Dubium.
1258 2834 1303 2860 28.
1321 2832 1415 2860 Cod.:
1438 2832 1572 2859 homine.

254 2872 352 2908 2228.
364 2872 458 2899 Cod.:
475 2871 593 2899 homini
606 2871 756 2898 occultata
769 2870 848 2897 dlco.
900 2877 946 2904 29.
957 2868 1054 2896 Cod.:
1070 2868 1186 2902 sciunt3
1203 2876 1257 2895 nec
1269 2868 1362 2895 deest.
1376 2867 1410 2894 In
1424 2874 1520 2900 marg.
1533 2876 1539 2893 :
1553 2874 1572 2893 1.

254 2906 301 2936 30.
323 2907 416 2936 Cod.:
439 2906 569 2935 omines.
644 2904 688 2933 38.
710 2905 869 2941 apostolo;
891 2905 977 2932 cod:
999 2906 1102 2940 app²03
1124 2903 1165 2930 ib.
1189 2903 1283 2931 Cod.:
1305 2901 1502 2930 conformati.

1598 721 1686 757 They
1707 722 1796 748 claim
1820 731 1835 748 a

1595 765 1701 790 power
1723 756 1843 791 beyond

1589 791 1718 824 l'ctcr'53
1740 792 1803 818 that
1825 794 1855 818 01

1626 826 1811 854 absolution.

1589 1245 1702 1279 Doubt‚
1723 1245 1860 1272 whether

1583 1281 1632 1308 the
1653 1280 1808 1308 members
1828 1280 1863 1307 os

1597 1315 1715 1351 private
1735 1315 1845 1342 orders

1621 1359 1671 1378 arc
1691 1350 1821 1378 infidcls.

1603 1723 1691 1759 They
1713 1723 1775 1751 will
1797 1729 1850 1751 not

1593 1758 1713 1786 declaro
1734 1759 1816 1786 what
1836 1758 1862 1786 is

1587 1794 1636 1821 the
1656 1802 1781 1821 essence
1801 1794 1860 1821 and

1608 1828 1786 1856 distinction
1809 1829 1843 1856 of

1617 1864 1696 1891 their
1716 1863 1835 1891 orders.

1611 2063 1640 2090 A
1660 2063 1756 2090 monk
1776 2071 1846 2098 says

1608 2098 1645 2125 all
1667 2097 1717 2124 the
1736 2097 1845 2125 orders

1606 2140 1656 2160 are
1676 2132 1851 2168 essentially

1646 2167 1696 2195 the
1716 2176 1810 2195 same.

1615 2354 1709 2382 What
1729 2354 1799 2382 then
1821 2354 1846 2381 is

1606 2390 1655 2417 the
1676 2389 1855 2417 distinction

1653 2425 1735 2453 from
1755 2425 1805 2451 the

1653 2468 1799 2488 common

1647 2495 1804 2522 Christian

1651 2529 1801 2564 religion?
