1944 3323
187 596 262 623 How
286 597 333 623 the
356 596 434 623 Holx'

182 632 277 667 spirit
299 632 323 657 is
346 631 353 657 l
372 628 437 657 ore.

185 1698 232 1724 ΑΙΙ
256 1698 322 1724 love
343 1697 370 1723 in
394 1697 442 1723 ilie

194 1737 329 1758 creature
352 1737 432 1758 must

176 1775 263 1793 come
277 1768 354 1793 troni
370 1766 449 1793 (lod.

741 249 963 281 JOHANNIS
983 249 1166 282 wvcmr
1186 250 1439 282 SERMONUM
1473 236 1625 294 [SERMO
1647 247 1770 275 xxxv.

463 353 710 401 proprietate
763 356 965 403 quandam
1022 355 1274 392 rutilanciam
1329 355 1519 392 caritatis,
1566 356 1771 400 Maiorem,

462 411 604 459 inquit,
646 413 889 449 dileccionem
924 426 1031 449 nemo
1064 414 1188 459 habet,
1230 422 1268 450 ut
1306 414 1473 449 animam
1513 426 1621 450 snam
1650 422 1771 463 ponat

461 470 543 517 quis
570 482 646 519 pro
679 471 811 507 amicis
842 471 932 506 suis.
968 472 1014 507 Et
1038 471 1161 508 tercia
1194 471 1302 508 racio
1326 471 1419 520 quia
1443 471 1573 508 Media
1599 474 1771 508 Persona

462 526 618 564 infinita
653 528 873 565 dileccione
908 537 1104 565 extremas
1138 529 1312 577 respicit.

519 586 594 621 Sed
647 585 792 623 caritas
842 595 898 622 est
943 588 1113 623 duorum
1166 595 1433 624 extremorum
1488 587 1680 624 connexio
1732 587 1799 622 in5

461 655 611 688 amore,
647 652 683 679 et
718 643 914 680 similibus
948 643 1176 681 racionibus
1200 645 1372 694 Spiritus
1396 647 1564 681 Sanctus
1598 646 1768 693 quadem

462 701 709 748 proprietate
749 702 895 738 caritas
936 701 1093 739 dicitur.
1134 705 1220 751 Ipse
1261 702 1364 739 enim
1405 702 1701 751 graciosissime
1735 711 1771 738 et

464 758 750 796 mediatissime
784 759 936 796 homini
971 760 1246 797 communicat
1279 760 1513 800 bonitatem.
1554 760 1645 797 ideo
1680 773 1767 796 cum

462 816 511 852 sit
550 829 670 853 nexus
710 817 835 866 patris
874 819 924 854 ad
963 817 1088 854 filium
1123 820 1298 867 quadam
1339 819 1585 866 proprietate
1626 818 1770 854 caritas

463 874 539 910 dici
574 884 724 923 potest;
763 888 836 912 nec
875 875 981 912 dicat
1021 876 1164 925 aliquis
1197 878 1304 924 quod
1339 879 1442 912 Deus
1476 876 1679 924 puniendo
1712 877 1770 912 vel
1794 890 1830 910 10

463 933 791 981 dampnificando
837 933 1041 970 hominem
1088 947 1168 970 non
1214 934 1363 970 indicat
1410 934 1632 973 caritatem,
1678 933 1771 981 quia

462 990 709 1038 impossibile
743 1001 799 1027 est
833 993 940 1040 quod
981 1000 1092 1028 actus
1131 992 1230 1029 tales
1270 1001 1449 1028 exerceat
1488 991 1563 1028 nisi
1604 1000 1768 1039 propter

463 1048 671 1086 caritatem
708 1062 828 1098 quam
864 1050 982 1086 habet
1015 1051 1065 1086 ad
1099 1050 1301 1086 hominem
1337 1050 1392 1086 sic
1426 1050 1623 1098 punitum.
1670 1052 1769 1085 Nam

463 1115 504 1142 ut
549 1107 604 1143 sic
650 1107 845 1144 benefacit
891 1107 1042 1144 homini
1087 1108 1291 1156 puniendo
1338 1120 1426 1144 eum
1468 1107 1609 1144 micius
1651 1120 1769 1155 quam

465 1174 651 1210 meretur,
693 1174 729 1201 et
769 1166 823 1202 sic
862 1174 1005 1202 natura
1047 1165 1178 1202 divina
1217 1167 1434 1202 secundum
1470 1175 1549 1202 tres
1582 1169 1828 1213 personas&

464 1232 520 1258 est
553 1232 595 1259 ut
628 1223 728 1270 ignis
762 1223 978 1261 illustrans.
1019 1225 1203 1260 Secundo
1237 1223 1512 1272 principaliter
1546 1224 1772 1259 declaratur

464 1282 563 1317 ordo
608 1281 786 1317 lucencie
832 1281 942 1318 istius
989 1281 1167 1318 caritatis
1213 1281 1410 1318 immense
1455 1290 1491 1317 et
1536 1281 1688 1329 sperice
1733 1280 1771 1315 in

465 1339 646 1376 homines
680 1352 780 1387 quos
814 1339 967 1385 dilexit3
1002 1349 1038 1376 et
1073 1339 1276 1376 conclusio
1310 1339 1539 1386 evangelica
1573 1348 1631 1375 est
1663 1339 1770 1386 quod

464 1396 658 1433 habitudo
703 1411 779 1446 qua
814 1399 919 1434 Deus
957 1397 1083 1434 active
1122 1397 1255 1434 dilexit
1295 1410 1367 1433 nos
1406 1406 1463 1433 est
1508 1398 1623 1444 longe
1663 1396 1773 1444 prior

465 1468 583 1502 quam
620 1455 732 1492 accio
766 1468 843 1503 qua
876 1468 947 1491 nos
982 1458 1106 1492 Deum
1142 1455 1358 1503 diligimus.
1393 1456 1484 1491 Ideo
1509 1454 1603 1491 dicit
1627 1463 1830 1491 textusz2o

464 1513 505 1548 In
539 1514 609 1549 hoc
641 1521 695 1549 est
727 1514 884 1557 caritas,
917 1526 989 1549 non
1022 1514 1131 1562 qztcisi
1160 1526 1228 1549 nos
1261 1513 1513 1549 dilexerimus
1536 1513 1675 1555 Deum,
1707 1513 1775 1548 sed

465 1571 639 1619 quoniam
674 1572 754 1620 ipse
786 1572 921 1607 dilexit
954 1584 1022 1607 nos
1059 1579 1093 1607 et
1132 1572 1232 1607 misit
1265 1571 1405 1606 Filium
1437 1584 1545 1606 suum
1576 1570 1771 1619 propicia

465 1629 608 1664 cionem
637 1642 714 1678 pro
742 1629 912 1678 peccatis
943 1629 1096 1665 nostris.

524 1688 599 1723 Sed
634 1687 706 1723 iste
739 1689 852 1732 ordo,
887 1687 980 1735 quia
1012 1686 1142 1723 omnis
1176 1686 1320 1723 caritas
1350 1696 1391 1723 ut
1414 1687 1504 1724 talis
1528 1695 1584 1723 est
1609 1687 1770 1727 bonum,

465 1757 583 1781 omne
617 1746 765 1781 bonum
801 1754 961 1793 oportet
995 1758 1078 1781 esse
1110 1754 1264 1793 patrem
1300 1745 1496 1781 luminum
1529 1745 1589 1781 vel
1614 1745 1662 1780 ab
1687 1743 1772 1791 ipso
1791 1748 1830 1778 25

466 1804 719 1848 descendere,
766 1802 887 1851 igitur
931 1815 1091 1839 omnem
1138 1802 1345 1839 caritatem
1393 1811 1573 1839 creature
1613 1810 1772 1850 oportet

467 1862 514 1896 ab
549 1860 636 1908 ipso
667 1862 926 1901 descendere:
960 1870 1001 1896 ut
1024 1860 1054 1897 si
1078 1873 1158 1897 non
1182 1861 1282 1896 foret
1306 1860 1495 1909 possibile
1519 1872 1602 1896 esse
1625 1872 1770 1908 aquam

466 1918 685 1955 derivatam
730 1918 805 1955 nisi
851 1932 872 1955 a
918 1918 1024 1955 dicto
1070 1919 1178 1954 fonte
1226 1917 1489 1963 descenderit,
1543 1930 1623 1953 non
1671 1925 1771 1953 esset

465 1976 654 2023 possibile
686 1989 831 2025 aquarn
867 1976 1040 2021 effluere,
1080 1975 1155 2012 nisi
1195 1977 1243 2012 ab
1277 1976 1345 2013 illo
1378 1976 1485 2012 fonte
1520 1975 1636 2012 fuerit
1670 1974 1770 2011 deri—

464 2043 574 2077 vata3
608 2034 662 2070 sic
696 2043 753 2071 est
786 2035 832 2070 de
867 2034 1031 2071 caritate
1066 2043 1240 2070 causata.
1789 2034 1831 2066 30

524 2091 729 2138 Similiter,
781 2105 870 2128 cum
923 2104 1083 2128 omnem
1139 2091 1317 2128 habitum
1372 2100 1529 2139 oportet
1582 2091 1630 2127 ab
1683 2098 1773 2126 actu

468 2151 683 2197 procedere
727 2159 763 2186 et
805 2162 966 2187 omnem
1008 2159 1140 2186 actum
1181 2158 1358 2186 creatum
1399 2157 1557 2197 oportet
1597 2149 1644 2184 ab
1684 2155 1773 2184 actu

468 2216 603 2244 eterno
646 2209 876 2256 procedere,
923 2216 1031 2255 patet
1077 2209 1183 2256 quod
1229 2220 1309 2243 non
1354 2206 1543 2255 possibile
1587 2205 1774 2242 dileccio-

468 2277 556 2301 nem
598 2265 724 2302 inesse
764 2265 955 2302 creaturis
989 2265 1063 2301 nisi
1097 2278 1118 2302 a
1152 2264 1371 2301 dileccione
1405 2274 1539 2301 eterna
1573 2275 1774 2311 processe-

469 2322 537 2362 rit:
579 2333 615 2359 et
654 2325 729 2360 hoc
770 2333 826 2360 est
864 2332 1003 2360 notum
1046 2323 1122 2359 illis
1156 2322 1221 2371 qui
1255 2322 1383 2359 sciunt
1417 2324 1522 2370 quod
1558 2324 1662 2357 Deus
1694 2333 1774 2356 non
1789 2322 1830 2355 35

468 2389 599 2427 potest
638 2394 879 2430 quemquam
925 2380 1081 2417 noviter
1126 2380 1288 2428 diligere
1331 2381 1390 2416 vel
1436 2380 1559 2425 odire,
1605 2379 1635 2415 si
1682 2391 1774 2426 ergo

468 2451 709 2487 quemquam
750 2439 789 2475 in
829 2439 994 2476 caritate
1027 2438 1154 2486 diligit
1188 2441 1292 2474 Deus
1324 2439 1383 2474 vel
1416 2438 1512 2484 odit,
1548 2436 1774 2473 eternaliter

469 2495 521 2532 ita
573 2510 612 2533 se
660 2497 810 2533 habuit.
864 2499 910 2532 Et
964 2505 1072 2544 patet
1126 2497 1230 2544 quod
1286 2504 1467 2532 creatura
1519 2507 1600 2531 non
1643 2502 1772 2542 potest

469 2554 605 2600 equari
650 2556 732 2590 Deo
776 2556 907 2602 quoad
951 2563 1108 2602 tempus
1158 2555 1218 2590 vel
1266 2553 1447 2590 ordinem
1500 2562 1642 2589 nature
1693 2551 1772 2587 sive

468 2611 631 2657 originis
675 2612 712 2647 in
756 2612 975 2649 dileccione
1024 2611 1214 2648 caritatis.
1268 2614 1356 2647 Non
1399 2620 1530 2647 autem
1575 2608 1831 2657 sequitur24o

539 2753 576 2771 12.
593 2744 686 2772 Coti:
708 2745 774 2771 lale.
833 2746 871 2771 ιδ’.
888 2745 982 2771 (jod.:
1005 2745 1186 2776 evauifgelicc.
1246 2744 1397 2779 15›.(,'(·d.:
1420 2749 1444 2771 el
1467 2744 1564 2777 longe.
1620 2742 1661 2769 33.
1679 2742 1773 2768 Cod:

469 2781 550 2813 quod
574 2784 651 2815 patet
674 2780 773 2814 quod:
802 2780 841 2806 ib.
862 2780 955 2806 (juda
980 2787 1038 2806 non
1061 2785 1103 2805 cst
1126 2779 1283 2813 possibile.

546 2875 569 2894 1.
597 2863 677 2895 Joh.
704 2863 848 2901 xv,13.
948 2873 998 2895 21.
1027 2863 1049 2894 Ι.
1075 2863 1152 2895 Joh.
1182 2864 1238 2902 IV,
1270 2874 1318 2894 10.
