1944 3323
96 257 174 290 204

146 370 211 397 The
233 369 315 395 three

172 404 288 438 carlhIJ·

142 443 317 469 witnesscs:

94 478 160 505 The
181 476 280 511 spirit,
302 475 328 513 i„
342 484 366 501 e.

136 513 184 540 tlie
206 512 271 538 sou}
294 513 324 536 ot

169 546 290 579 Chris-13

149 582 199 608 the
219 586 314 608 water
337 614 343 619 ·

95 616 210 651 pourcd
236 617 315 643 forth
337 624 366 642 ιι]

93 651 232 686 weeping
255 651 314 678 and
336 651 365 677 iil

119 686 174 713 His
196 686 339 721 passiong

159 2107 207 2134 the
230 2106 331 2133 blood.

674 254 896 286 JOHANNIS
918 256 1100 287 wrcmr
1118 257 1376 290 sERMONuM
1406 244 1556 302 [SERMO
1578 255 1688 283 xxvl.

382 367 468 394 sunt
492 368 549 400 tut
574 361 691 396 habet
714 360 828 397 litera
851 362 1090 409 Augustini).
1124 363 1295 411 Spiritus
1318 373 1451 400 autem
1477 373 1533 400 est
1557 364 1690 400 anima

384 417 530 453 Christi
570 431 689 466 quam
736 418 929 455 inclinato
972 420 1101 467 capite
1147 421 1358 458 moriendo
1403 421 1567 458 tradidit
1608 424 1690 458 Deo

383 475 486 522 patri
522 477 580 521 (ut
612 485 721 523 patet
752 476 943 512 Johannis
967 479 1101 523 X1X0).
1137 479 1327 524 Quamvis
1361 488 1494 516 autem
1529 479 1690 528 spiritus

383 533 642 581 assumpserit
667 533 740 569 sibi
765 546 922 582 corpus,
956 547 1037 571 non
1069 544 1204 572 tamen
1236 537 1449 583 animatur,
1483 546 1525 574 ut
1548 550 1591 574 ex
1615 537 1691 573 fide

383 591 575 638 evangelii
609 593 656 627 de
690 592 848 629 Christo
882 593 1094 629 credimus.
1127 596 1242 642 Aqua
1274 607 1367 631 vero
1401 609 1519 644 quam
1554 595 1724 632 effudit5

383 656 462 684 tam
498 649 617 694 varie,
653 659 820 686 testatur
852 663 986 687 veram
1022 651 1169 687 Christi
1202 653 1508 693 humanitatem,
1542 652 1691 689 Effudit

384 706 487 742 enim
529 720 675 754 aquam
716 708 842 744 tribus
883 708 1046 754 vicibus,
1093 709 1344 746 lacrimando
1385 715 1441 755 (ut
1481 720 1589 759 patet
1627 713 1691 747 Jo-

383 764 523 799 hannis
546 765 632 809 XIO)
666 764 706 801 in
738 765 997 802 suscitatione
1022 767 1161 803 Lazari
1184 769 1304 812 (Luce
1326 769 1462 815 XIXO),
1496 769 1536 805 in
1559 769 1691 805 flendo

382 834 452 868 per
483 823 716 868 Jerusalem,
764 833 800 859 et
838 823 877 859 in
917 824 1101 872 passione
1140 829 1196 870 (ut
1236 834 1405 862 testatur
1443 826 1689 874 evangelium

382 881 566 927 Apostoli
602 882 852 917 Hebreorum
885 884 952 927 Vs),
990 885 1029 930 7)
1068 896 1151 919 cum
1192 884 1363 920 clamore
1401 885 1529 920 valido
1568 892 1602 920 et
1635 885 1749 920 la-xo

382 938 514 973 crimis
546 939 710 987 offerens
736 952 875 988 preces
906 941 1004 986 Deo,
1037 942 1247 977 exauditus
1279 949 1334 978 est
1360 955 1437 991 pro
1470 942 1691 978 reverencia

381 1008 461 1030 sua.
497 998 544 1031 Et
579 999 945 1045 correspondemus
978 1000 1027 1034 ad
1062 999 1199 1035 fletum
1233 1000 1337 1036 hunc
1370 1000 1583 1048 triplicem,
1618 999 1688 1036 tri-

384 1052 540 1100 pliciter
583 1055 727 1102 legitur
772 1055 957 1103 spiritum
1002 1056 1227 1103 tradidisse,
1282 1057 1412 1105 primo
1465 1066 1556 1106 post
1609 1057 1692 1094 eius

383 1111 634 1148 creacionem
668 1113 842 1150 uniendo
882 1114 1012 1162 ipsum
1054 1127 1224 1162 corpore
1258 1118 1379 1160 (Luce
1411 1118 1475 1161 10),
1517 1117 1692 1152 secundo

382 1168 421 1204 in
454 1169 639 1216 passione
662 1172 857 1207 tradendo
881 1172 1065 1220 spiritum
1092 1175 1174 1209 Deo
1200 1174 1303 1221 patri
1327 1173 1532 1220 (Johannis
1556 1175 1691 1218 XIXO),
1713 1175 1748 1207 15

383 1235 420 1262 et
443 1228 568 1264 tercio
592 1229 833 1265 remittendo
857 1230 896 1265 in
919 1231 1217 1268 resurreccione
1234 1235 1289 1276 (ut
1306 1240 1414 1280 patet
1431 1233 1691 1276 R0m.V1110).

383 1286 482 1321 Cum
524 1295 657 1322 autem
697 1286 745 1322 sit
780 1289 883 1323 Deus
928 1288 966 1323 in
1006 1297 1089 1324 tota
1134 1288 1208 1325 ista
1248 1289 1592 1326 transmutacione
1635 1289 1692 1324 in-

382 1342 584 1379 variabilis
624 1353 660 1380 et
700 1345 928 1382 necessario
967 1359 1087 1393 agens
1125 1359 1285 1383 omnem
1326 1347 1609 1395 operacionem
1643 1348 1693 1383 ad

384 1410 505 1452 extra,
545 1411 654 1449 patet
693 1405 800 1451 quod
840 1403 1025 1440 omnibus
1066 1404 1140 1440 hiis
1180 1405 1306 1441 tribus
1343 1405 1495 1441 vicibus
1527 1405 1692 1442 tradidit

383 1458 567 1506 spiritum
600 1461 690 1495 Jesu
724 1461 885 1507 Christi,
921 1470 957 1497 et
990 1464 1350 1510 correspondentes
1382 1463 1508 1499 tribus
1539 1462 1692 1499 vicibus
1709 1475 1750 1498 20

384 1516 515 1552 emisit
548 1531 694 1566 aquam
729 1519 775 1554 de
808 1532 880 1555 suo
914 1532 1095 1567 corpore,
1131 1522 1238 1568 quod
1270 1521 1343 1557 soli
1378 1520 1530 1557 homini
1562 1520 1693 1569 potuit

384 1584 625 1622 competere.
667 1576 800 1613 Primo
839 1582 895 1622 (ut
940 1577 1089 1614 dictum
1131 1587 1204 1625 est)
1251 1578 1290 1614 in
1329 1578 1540 1627 tripliciter
1578 1578 1693 1614 lacri-

385 1635 546 1677 mando,
604 1635 779 1670 secundo
824 1635 863 1670 in
920 1635 1116 1683 passionis
1172 1636 1342 1673 articulo
1398 1650 1545 1684 aquam
1603 1649 1691 1673 cum

383 1691 574 1738 sanguine
598 1693 815 1729 esudandO.
851 1694 890 1729 Si
915 1693 1018 1729 enim
1044 1696 1261 1730 secundum
1287 1695 1549 1742 philosophos
1571 1695 1694 1742 ychor

385 1747 575 1785 miscetur
598 1762 688 1786 cum
717 1751 907 1798 sanguine
936 1751 974 1787 in
999 1752 1282 1788 cruentacione
1312 1752 1483 1788 hominis
1506 1752 1691 1797 naturali,
1710 1755 1749 1787 25

386 1808 512 1842 multo
547 1808 773 1844 evidencius
807 1809 1005 1846 emanavit
1030 1823 1118 1846 cum
1153 1810 1344 1858 sanguine
1368 1810 1407 1846 in
1430 1809 1693 1846 exsudacione

383 1866 473 1900 Jesu
513 1865 673 1901 Christi.
731 1868 779 1902 Et
818 1867 943 1903 tercio
991 1867 1129 1904 effudit
1174 1880 1319 1916 aquam
1366 1881 1454 1904 cum
1500 1867 1692 1915 sanguine

384 1922 463 1958 iam
510 1933 691 1959 mortuus
738 1925 942 1961 lanceatus
987 1930 1042 1966 (ut
1087 1934 1196 1973 patet
1227 1926 1418 1962 Johannis
1456 1927 1594 1975 XIXO).
1646 1928 1693 1961 Et

385 1979 560 2027 quelibet
598 1981 673 2017 ista
712 1995 813 2030 aque
853 1983 992 2019 effusio
1034 1992 1202 2020 testatur
1234 1996 1367 2020 veram
1402 1983 1692 2020 humanitatem

386 2038 538 2073 domini
570 2040 661 2075 Jesu
695 2040 856 2076 Christi.
1709 2044 1750 2077 30

440 2096 606 2133 Tercius
629 2106 763 2134 autem
786 2098 895 2134 testis
919 2107 976 2134 est
999 2099 1157 2146 sanguis
1181 2111 1299 2147 quem
1323 2098 1460 2135 effudit
1482 2097 1693 2147 tripliciter

387 2156 445 2197 (ut
479 2163 588 2202 patet
628 2168 671 2191 ex
710 2155 860 2205 dictis);
903 2166 939 2192 et
977 2165 1145 2193 testatur
1178 2156 1383 2194 Christum
1429 2169 1511 2193 esse
1554 2169 1691 2193 verum

386 2212 587 2248 hominem
633 2226 715 2249 non
758 2213 942 2262 spiritum
989 2214 1148 2262 corpori
1193 2214 1401 2252 fantastice
1446 2215 1691 2262 copulatum.

384 2272 432 2305 Et
469 2271 526 2315 (ut
549 2271 793 2318 Augustinus
827 2272 999 2320 exponit)
1033 2272 1086 2308 hii
1120 2282 1198 2309 tres
1221 2282 1339 2309 testes
1372 2273 1412 2309 in
1441 2282 1546 2309 terra
1580 2271 1692 2308 effec-

385 2328 546 2364 tualiter
569 2329 760 2365 uniuntur
783 2330 1034 2366 testificando
1058 2343 1190 2367 veram
1216 2330 1362 2368 Christi
1387 2330 1690 2366 humanitatem.
1709 2332 1748 2364 35

385 2386 555 2429 Quando
587 2387 692 2423 enim
721 2396 800 2423 tres
829 2397 947 2424 testes
971 2390 1230 2435 concordant,
1251 2401 1373 2424 unum
1399 2388 1439 2424 in
1461 2387 1691 2425 testimonio

384 2452 549 2490 possunt
588 2445 685 2490 dici3
731 2445 835 2481 istud
879 2455 1011 2482 autem
1056 2446 1195 2494 triplex
1236 2446 1509 2482 testimonium
1548 2446 1692 2494 probat

385 2501 532 2537 Christi
549 2502 854 2548 humanitatem,
872 2516 961 2539 cum
976 2503 1099 2540 nichil
1123 2505 1240 2540 habet
1256 2504 1430 2540 animam
1447 2503 1688 2540 racionalem

385 2572 504 2606 quam
537 2561 737 2596 Johannes
771 2570 887 2597 vocat
925 2561 1108 2609 spiritum
1148 2561 1222 2597 nisi
1256 2563 1391 2607 homo,
1425 2574 1497 2598 nec
1529 2561 1691 2609 angelus

454 2681 477 2709 5.
501 2681 594 2709 Cod.:
615 2690 688 2709 evan
715 2683 781 2709 elio.
910 2692 949 2717 14..
972 2683 1066 2710 Cod.:
1089 2691 1171 2717 corp.
1293 2691 1335 2710 22.
1358 2683 1453 2711 Cod.:
1474 2688 1502 2710 et
1521 2682 1689 2723 tripliciter.

384 2717 522 2778 iiis'iigiil}
532 2718 622 2779 ειῧῗ.;
643 2718 679 2744 cf.
727 2727 740 2744 e
756 2718 826 2744 Ben.
843 2718 904 2745 Ine.
926 2727 976 2751 40.
1048 2717 1092 2752 37.
1110 2718 1204 2746 Cod.:
1226 2718 1335 2753 probat
1355 2718 1453 2745 twice.
1526 2716 1573 2752 39.
1596 2717 1689 2744 Cod.:

420 2773 424 2777 .
505 2762 539 2786 gc
577 2773 599 2779 .-

460 2835 486 2855 1.
518 2823 568 2855 Cf.
602 2825 688 2863 Aug.
724 2825 853 2856 Contra
887 2824 1109 2856 Maximinum
1142 2824 1323 2865 Arianum,
1364 2824 1454 2868 Opp.
1488 2832 1573 2856 tom.
1602 2823 1690 2863 VIII,

385 2879 486 2912 pagg.
515 2870 591 2911 725,
619 2870 694 2913 726.
793 2880 844 2903 22.
872 2872 906 2902 S.
932 2872 1021 2912 Aug.
1048 2872 1069 2902 1.
1097 2881 1124 2903 c.
