1944 3323
164 273 300 301 SERMO
317 264 477 318 xxxm]
655 277 828 309 TERTlA
857 278 983 309 PARS.

164 383 396 421 mendicant
436 397 457 420 a
491 384 681 421 fratribus
722 384 900 421 eiusdem
936 385 1090 422 ordinis
1124 395 1484 435 quantumcunque

164 451 347 491 potentes
377 442 484 490 ipsos
514 442 698 479 noverint
727 443 767 479 in
797 442 967 491 pecunia
997 443 1099 480 sicut
1137 444 1342 481 modicum
1376 458 1485 482 men-

164 501 298 537 dicant
350 513 371 537 a
420 500 629 538 monachis
681 510 717 538 et
763 501 851 538 aliis
897 502 1061 550 privatis
1106 502 1317 539 ordinibus
1363 516 1408 540 ac
1453 503 1482 539 si

164 559 433 596 communitas
473 571 612 595 eorum
652 568 860 608 tamquam
905 572 1070 608 regnum
1106 560 1342 597 Antichristi
1376 575 1484 598 com-

130 618 285 656 §mixta
326 617 509 654 fidelibus
550 617 775 654 intenderet
815 631 980 667 regnum
1018 619 1165 656 Christi
1200 619 1240 655 in
1273 620 1354 656 suis
1388 633 1484 669 pau-

163 676 324 724 peribus
363 677 568 713 destruere
608 685 645 713 et
678 689 844 725 regnum
879 677 1115 714 Antichristi
1156 678 1194 714 in
1234 678 1352 726 copia
1386 688 1484 715 tem—

163 734 362 783 poralium
380 734 635 772 confirmare.
661 735 701 772 Si
719 735 824 772 enim
842 744 1008 784 propter
1023 749 1206 773 amorem
1229 737 1483 774 caritativum

161 803 241 830 tam
277 792 472 829 instanter
494 794 543 830 ab
577 802 765 830 extraneo
799 803 835 830 et
859 794 991 832 alieno
1015 795 1167 844 populo
1192 795 1483 842 mendicarent,

162 852 288 887 multo
336 850 462 899 magis
507 853 556 888 ab
602 851 731 889 avaris
777 852 966 890 divitibus
1011 853 1091 890 suis
1137 853 1349 900 consociis,
1393 867 1482 891 cum

108 926 146 946 10
162 909 291 946 maior
330 910 432 947 foret
472 910 584 947 color
623 920 660 947 et
700 910 915 948 necessitas
956 911 1185 961 utrobique.
1241 913 1319 949 Sed
1359 926 1482 949 unum

160 981 326 1016 regnum
381 969 593 1005 devastans
646 969 755 1006 aliud
808 969 938 1018 parcit
991 983 1114 1019 regno
1166 970 1334 1019 proprio
1389 971 1483 1007 totis

159 1026 310 1063 viribus
345 1039 585 1064 consumens
619 1040 785 1077 regnum
821 1030 929 1077 quod
971 1028 1136 1066 invadit.
1185 1028 1481 1066 Possessionati

160 1095 292 1123 autem
351 1085 526 1134 religiosi
579 1099 624 1123 ac
674 1086 705 1123 si
759 1096 1048 1135 cognoscerent
1099 1086 1217 1124 istam
1270 1087 1481 1136 perfidiam

159 1143 323 1181 obviant
346 1143 537 1181 fratribus
561 1146 778 1191 camelos-e,
813 1158 919 1182 nunc
949 1146 1083 1182 dando
1117 1145 1193 1182 illis
1227 1159 1346 1194 parce
1380 1147 1481 1195 frag-

106 1209 141 1239 15
160 1211 307 1247 menta,
342 1216 447 1240 nunc
478 1202 721 1240 includendo
747 1216 813 1240 eos
837 1203 922 1241 sine
946 1204 1140 1241 alimento
1163 1205 1223 1241 vel
1248 1214 1481 1252 tegumento

159 1261 198 1297 in
233 1261 420 1298 domibus
453 1271 491 1298 et
523 1275 629 1299 nunc
663 1275 730 1299 eos
763 1262 847 1299 sine
880 1262 1017 1312 aliquo
1051 1262 1217 1300 diversis
1251 1262 1482 1300 racionibus

159 1319 394 1356 emittendo.
453 1321 501 1356 Et
541 1320 696 1357 utinam
738 1322 939 1358 seculares
978 1320 1181 1370 simplices
1220 1321 1340 1358 istam
1381 1322 1481 1359 cari-

159 1377 324 1415 tativam
371 1378 788 1416 communicacionem
845 1392 935 1416 cum
981 1379 1171 1417 fratribus
1217 1393 1239 1417 a
1284 1380 1482 1429 religiosis

160 1436 469 1485 possessionatis
502 1437 757 1475 addiscerent
780 1440 841 1475 vel
871 1439 1042 1476 dicendo
1066 1438 1143 1475 illis
1167 1440 1276 1487 quod
1310 1440 1481 1476 doceant

103 1510 144 1531 20
161 1505 296 1531 utrum
331 1495 410 1532 sint
435 1496 621 1533 Urbaniti
654 1497 713 1533 vel
739 1496 960 1543 Robertini,
994 1498 1054 1534 vel
1088 1498 1197 1546 quod
1230 1497 1356 1534 nimia
1390 1511 1481 1546 pars

161 1553 447 1602 temporalium
493 1554 604 1603 regni
650 1568 721 1604 per
760 1569 881 1604 quam
929 1556 1202 1593 relevarentur
1249 1555 1479 1593 huiusmodi

160 1622 374 1661 evagantes
426 1622 483 1649 est
528 1613 568 1650 in
614 1613 801 1651 domibus
848 1614 1243 1663 possessionatorum
1289 1614 1478 1651 ordinum

159 1684 230 1720 per
262 1671 433 1708 fratrum
468 1671 757 1721 negligenciam
794 1673 1026 1710 incastrata.

633 1811 828 1852 SERMO
864 1811 1013 1852 XXIV.

101 1907 140 1940 25
216 1907 307 1957 Ego
346 1907 444 1943 enim
491 1907 623 1957 accepi
668 1921 690 1944 a
730 1908 898 1944 Domino
945 1909 1048 1957 quod
1091 1916 1125 1944 et
1169 1909 1320 1944 tradidi
1363 1910 1478 1945 vobis.

159 1967 192 2001 Ia
228 1966 321 2002 Cor.
355 1967 441 2011 X10‚
478 1966 543 2002 23.

218 2026 260 2060 ln
300 2023 376 2060 ista
415 2023 586 2072 epistola
626 2026 745 2061 docet
779 2026 996 2074 Apostolus
1036 2026 1185 2062 nedum
1222 2027 1370 2061 Grecos
1410 2027 1479 2062 sed

160 2090 325 2118 cunctos
366 2082 501 2119 fideles
536 2084 743 2132 quomodo
783 2085 830 2120 de
870 2092 1128 2120 sacramento
1162 2083 1389 2120 Eukaristie
1422 2094 1480 2120 est

160 2142 426 2182 credendum:
473 2150 510 2178 et
556 2141 689 2190 primo
734 2151 776 2178 ut
821 2141 972 2179 indicet
1017 2142 1203 2179 fidelibus
1244 2142 1478 2179 firmitatem

101 2202 143 2234 30
159 2212 229 2235 sue
262 2199 465 2236 sentencie
498 2199 594 2236 dicit
628 2202 736 2249 quod
770 2200 925 2249 accepit
958 2201 1068 2237 illam
1103 2214 1125 2237 a
1148 2200 1324 2237 Domino
1349 2210 1385 2237 et
1409 2214 1479 2249 per

160 2270 410 2305 consequens
448 2271 531 2295 non
575 2267 708 2307 potest
752 2272 774 2295 a
818 2259 989 2296 veritate
1034 2259 1219 2296 deficere.
1266 2261 1314 2295 Et
1359 2259 1479 2296 nimis

159 2316 399 2352 blasfemum
433 2317 534 2353 foret
566 2317 627 2353 vel
660 2317 700 2353 in
733 2317 811 2353 isto
836 2317 969 2354 dicere
992 2319 1100 2366 quod
1125 2319 1344 2366 Apostolus
1370 2331 1479 2355 men-

158 2374 288 2411 ciatur
320 2375 380 2411 vel
414 2376 523 2423 quod
556 2375 761 2412 sentencia
796 2376 958 2412 Domini
993 2376 1095 2412 foret
1129 2376 1247 2413 falsa:
1282 2377 1386 2427 Ego,
1421 2376 1477 2412 in-

158 2432 256 2481 quit,
290 2433 422 2482 accepi
451 2446 472 2468 a
498 2434 666 2469 Domino
690 2435 791 2483 quod
814 2442 848 2470 et
870 2435 1022 2470 tradidi
1043 2435 1160 2481 vobis,
1184 2435 1297 2483 quasi
1328 2434 1478 2471 diceret

101 2493 139 2524 ὁὸ
156 2490 403 2527 sentenciam
451 2493 497 2527 de
536 2491 764 2528 Eukaristia
810 2506 931 2541 quam
977 2492 1125 2529 tradidi
1171 2493 1283 2529 vobis
1328 2506 1409 2529 non
1456 2507 1477 2530 a

158 2549 287 2597 capite
321 2549 487 2597 proprio
512 2550 737 2598 sompniavi
761 2552 828 2587 sed
853 2550 1071 2588 inmediate
1095 2551 1232 2599 accepi
1256 2565 1277 2588 a
1302 2551 1477 2588 Domino

158 2607 348 2644 veritatis.
384 2610 431 2643 Et
455 2608 486 2644 si
511 2609 694 2645 Christus
718 2619 852 2657 posset
878 2609 915 2645 in
941 2610 1032 2646 fidei
1058 2610 1292 2646 constancia
1316 2610 1475 2649 variari.

157 2665 366 2714 potissime
400 2666 658 2714 profiteretur
690 2667 899 2704 veritatem
926 2668 1017 2704 fidei
1042 2681 1163 2716 quam
1189 2668 1260 2704 fuit
1285 2670 1477 2705 docturus

229 2810 268 2828 ιιι.
292 2801 384 2828 Cms:
407 2801 595 2828 addisesm'i.
710 2801 753 2828 25'.
776 2802 871 2829 Cod.:
894 2808 1030 2830 murelli.
1150 2804 1196 2830 21).
1220 2804 1261 2829 Ue
1284 2808 1475 2830 sacramento

156 2837 261 2863 altaris
282 2836 311 2863 iu
334 2844 429 2870 marg.
452 2836 504 2863 ini.
580 2836 621 2866 ΣΕ,
643 2836 686 2863 53.
709 2838 804 2864 Cod.:
825 2838 1005 2864 nieusiauii‘.

228 2929 280 2960 24.
311 2920 345 2950 ln
376 2919 464 2950 festo
493 2920 662 2962 Corporis
690 2919 836 2952 Christi.

1693 281 1772 319 277

1527 1095 1587 1122 and
1609 1095 1679 1130 they
1700 1101 1749 1133 get

1498 1130 1591 1165 chary
1607 1130 1675 1164 help
1693 1133 1772 1158 trom

1576 1166 1697 1192 monks.

1504 2029 1650 2057 Doctrine
1671 2030 1705 2057 of
1721 2031 1770 2058 the

1548 2065 1721 2093 Eucharist.
