1944 3323
133 786 280 815 Grouuds
300 796 337 815 on

139 823 236 849 which
260 822 328 849 God

159 858 312 891 suspeuds

165 893 308 927 prelatos:

130 1085 148 1103 ι.
170 1077 195 1103 is
211 1077 282 1112 thei⁷
303 1078 342 1103 do

117 1116 169 1138 not
191 1112 280 1138 know
303 1112 352 1138 the

116 1146 273 1181 Scriptum¹
294 1147 351 1173 aud

155 1182 263 1215 pre-:leli
286 1181 317 1209 ii.

122 1548 147 1566 2.
169 1540 193 1566 Μ’
211 1540 279 1574 they
300 1539 348 1566 fail

108 1575 136 1601 iu
159 1575 320 1609 discipline
341 1575 375 1600 ol*

116 1609 193 1635 their
214 1609 351 1643 spiritual

162 1643 309 1672 children.

98 1943 122 1971 3.
144 1945 169 1971 if
184 1944 254 1979 they
275 1952 363 1978 spare

111 1979 209 2005 (Jod's
229 1980 362 2005 euemies

98 2014 144 2040 for
157 2014 272 2048 private
288 2014 368 2048 gaiu.

692 273 914 306 JOHANNIS
931 274 1115 306 wvcmr
1134 274 1387 307 sERMONuM
1470 261 1621 319 [SERMO
1641 273 1694 300 vi.

388 386 430 413 ut
474 377 616 427 aliquis
667 387 804 427 peccet
854 380 1090 425 mortaliter,
1136 388 1245 428 patet
1289 381 1396 428 quod
1446 393 1564 416 omne
1608 381 1698 417 talis

389 436 530 483 prelati
571 436 833 473 ministerium
875 450 896 473 a
936 437 1110 473 Domino
1149 437 1384 486 prohibetur
1423 446 1459 474 et
1498 450 1568 486 per
1607 451 1699 474 con-

388 505 556 542 sequens
588 494 672 542 ipse
704 508 725 531 a
755 497 839 531 Deo
871 494 1145 543 suspenditur3
1184 507 1256 531 nec
1289 504 1346 531 est
1378 497 1697 543 ponderandum,

390 560 426 587 et
463 551 494 587 si
534 565 614 588 non
652 552 908 600 suspenditur
953 554 999 588 de
1044 551 1128 589 iure
1167 554 1357 599 humano,
1399 553 1491 601 quia
1537 554 1698 589 credere

389 610 578 646 debemus
607 611 713 658 quod
748 611 795 646 de
827 609 912 646 iure
945 609 1078 646 divino
1112 619 1148 646 et
1172 623 1193 647 a
1216 612 1432 647 Sacerdote
1455 623 1501 647 ac
1525 610 1731 648 Domin05

389 667 455 715 qui
501 680 580 704 non
620 675 751 715 potest
790 667 872 703 falli
911 668 971 704 vel
1010 681 1031 704 a
1071 668 1280 716 proposito
1320 668 1592 717 suspensionis
1629 681 1699 704 sue

389 724 518 772 decipi
553 726 600 761 de
633 725 739 761 facto
772 725 1040 773 suspenditur.

445 785 563 818 Notet
603 795 696 830 ergo
737 782 864 818 fidelis
904 782 943 819 in
983 783 1163 831 exemplo
1203 783 1350 831 triplici
1389 783 1620 832 supradicto
1666 783 1697 819 si

387 840 528 888 prelati
558 840 683 876 nostri
714 853 735 876 a
759 840 932 876 Domino
962 842 1272 888 suspendantur:
1295 841 1426 889 primo
1449 841 1479 877 si
1503 842 1697 889 repellant

387 911 408 934 a
437 910 477 934 se
508 898 722 934 scienciam
753 898 949 946 scripture
973 907 1009 934 et
1034 898 1441 946 evangelizacionen1;
1474 908 1568 935 tunc
1591 899 1694 935 enim
1718 913 1755 934 10

386 957 683 1003 suspenduntur
706 969 728 992 a
752 955 927 992 Domino
961 959 1017 1001 (ut
1050 955 1089 991 in
1123 956 1269 992 minori
1304 969 1397 993 casu
1430 957 1573 1004 legitur
1596 958 1697 992 Osee

387 1015 470 1058 IV0,
506 1015 557 1058 6).
602 1016 703 1050 Nam
733 1013 875 1061 prelati
911 1013 1037 1049 nostri
1074 1014 1221 1050 habent
1255 1014 1468 1062 utrobique
1504 1014 1696 1050 maiorem

388 1071 594 1107 materiam
632 1071 863 1119 predicandi
897 1080 933 1107 et
957 1072 1128 1108 formam
1162 1084 1207 1108 ac
1240 1084 1380 1108 causas
1413 1071 1510 1108 alias
1534 1080 1697 1120 propter

386 1142 483 1176 quas
522 1130 609 1177 plus
648 1129 901 1177 predicarent
942 1142 1061 1177 quam
1104 1131 1332 1166 sacerdotes
1371 1129 1410 1165 in
1451 1130 1535 1177 lege
1575 1129 1696 1166 veteri

387 1196 423 1223 et
454 1186 584 1223 minus
613 1196 795 1223 exercent
818 1186 915 1222 illud
945 1187 1144 1233 officium3
1178 1187 1268 1224 ideo
1298 1200 1388 1224 cum
1419 1187 1544 1223 subsit
1570 1187 1697 1224 maior
1717 1191 1752 1222 15

386 1244 494 1280 racio
534 1253 570 1281 et
603 1244 697 1280 assit
730 1245 834 1280 idem
869 1244 1064 1281 Dominus
1097 1245 1164 1293 qui
1196 1258 1278 1281 non
1311 1254 1441 1293 potest
1473 1246 1520 1281 de
1554 1244 1695 1281 maiori

387 1302 553 1339 crimine
605 1302 798 1339 maiorem
848 1302 1065 1339 vindictam
1118 1304 1366 1349 subtrahere,
1428 1311 1536 1351 patet
1587 1304 1694 1350 quod

386 1360 527 1408 prelati
577 1360 703 1396 nostri
754 1359 801 1409 (si
853 1360 919 1408 qui
970 1369 1061 1397 sunt
1112 1360 1357 1406 huiusmodi)
1401 1360 1558 1408 gravius
1603 1369 1693 1396 sunt

385 1417 579 1465 suspensi.
597 1419 739 1463 Quoad
762 1419 976 1454 secundam
1003 1418 1303 1466 suspensionem
1320 1419 1466 1454 factam
1483 1431 1505 1454 a
1520 1418 1694 1454 Domino

385 1485 495 1512 notet
526 1476 652 1512 fidelis
684 1475 715 1511 si
747 1475 887 1523 prelati
921 1475 1048 1512 nostri
1070 1477 1130 1512 vel
1161 1489 1242 1513 non
1275 1476 1444 1524 puniunt
1466 1477 1526 1512 vel
1559 1477 1693 1524 culpa-
1711 1490 1753 1511 20

386 1533 503 1569 bilius
535 1533 704 1582 puniunt
727 1546 818 1569 suos
851 1533 1076 1581 spirituales
1110 1533 1212 1570 filios
1235 1547 1353 1582 quam
1390 1533 1457 1569 filii
1491 1534 1694 1570 naturales

387 1591 474 1627 Heli
513 1600 603 1627 sunt
636 1591 763 1639 puniti
798 1603 867 1639 per
899 1591 1044 1639 ipsum.
1093 1594 1141 1627 Et
1173 1593 1223 1627 ad
1257 1591 1563 1628 discernendum
1598 1591 1694 1628 mai-

386 1649 572 1685 oritatem
603 1649 707 1684 illius
740 1650 855 1697 culpe
885 1651 1001 1685 debet
1027 1649 1153 1685 fidelis
1182 1658 1321 1686 notare
1353 1650 1423 1685 hec
1447 1651 1538 1695 duo,
1564 1649 1694 1696 primo

386 1708 492 1754 quod
532 1708 709 1754 prelatus
747 1708 836 1754 plus
875 1707 1074 1754 obligatur
1111 1707 1309 1755 spirituali
1352 1707 1432 1743 lilio
1472 1720 1591 1755 quam
1636 1719 1694 1742 se-

386 1766 558 1800 cundum
601 1764 802 1800 racionem
844 1778 921 1812 qua
960 1765 1159 1812 obligatur
1197 1778 1268 1800 suo
1308 1764 1390 1800 filio
1428 1764 1615 1805 naturali,
1657 1769 1750 1800 et25

386 1824 562 1858 secundo
586 1824 692 1870 quod
724 1822 849 1869 magis
873 1822 1118 1858 detestabilis
1142 1831 1198 1858 est
1223 1822 1383 1869 punicio
1409 1836 1480 1870 pro
1504 1823 1691 1858 exhausta

386 1879 553 1927 pecunia
577 1893 655 1928 qua
679 1889 886 1927 peccatum
912 1880 1094 1916 venditur
1119 1893 1237 1928 quam
1264 1888 1319 1916 est
1342 1879 1504 1927 punicio
1528 1879 1693 1915 remissa

385 1939 433 1974 ad
462 1937 745 1974 vindicandum
772 1937 841 1973 Dei
875 1937 1061 1974 iniuriam
1100 1951 1173 1986 pro
1206 1937 1377 1974 naturali
1411 1950 1560 1982 amore,
1594 1937 1693 1973 sicut

387 1995 473 2031 Heli
496 1995 651 2031 videtur
680 1995 759 2031 suis
790 1995 878 2030 siliis
909 1996 1144 2043 pepercisse.
1179 1997 1321 2041 Quoad
1342 1996 1505 2032 terciam
1531 2007 1694 2042 suspen-

385 2053 535 2089 sionem
577 2062 656 2089 tam
698 2053 737 2088 in
776 2053 939 2101 prelatis
977 2067 1096 2101 quam
1137 2053 1175 2088 in
1214 2053 1384 2100 regibus,
1425 2062 1535 2089 notet
1568 2052 1693 2088 fidelis
1711 2058 1752 2089 30

386 2111 416 2146 si
458 2111 530 2158 ipsi
570 2112 657 2158 plus
697 2112 878 2146 deferunt
917 2111 1087 2158 publicis
1130 2111 1301 2146 inimicis
1336 2110 1495 2147 Domini
1530 2119 1693 2158 propter

386 2168 583 2216 privatum
630 2170 886 2204 commodum
934 2182 1053 2216 quam
1100 2169 1193 2204 Saul
1225 2168 1485 2205 Amalechitis
1530 2177 1693 2215 propter

387 2226 613 2273 cupidinem
650 2239 811 2261 suorum
847 2226 1130 2274 temporalium
1163 2227 1385 2267 deferebam
1419 2227 1526 2274 quod
1559 2225 1589 2261 si
1623 2225 1691 2270 sic,

385 2297 466 2319 non
505 2283 668 2319 dubium
710 2285 803 2331 quin
845 2284 946 2320 idem
984 2284 1178 2320 Dominus
1218 2284 1285 2332 qui
1324 2297 1402 2319 non
1442 2292 1572 2331 potest
1605 2296 1692 2330 pre-

385 2341 503 2377 terire
554 2343 718 2377 eandem
773 2341 968 2377 iusticiam
1022 2342 1158 2390 puniet
1204 2341 1360 2389 gravius
1404 2342 1748 2389 delinquentes.35

386 2400 499 2435 Unde
531 2399 683 2446 signum
721 2399 879 2435 evidens
913 2409 968 2435 est
999 2402 1046 2435 de
1079 2412 1178 2447 pene
1210 2399 1421 2446 gravedine
1455 2400 1562 2448 quod
1587 2401 1691 2434 Deus

386 2457 515 2492 differt
554 2470 695 2504 penam
747 2470 869 2505 usque
914 2467 1002 2504 post
1049 2467 1217 2493 mortem
1265 2466 1300 2493 et
1344 2470 1424 2493 non
1469 2469 1535 2493 eos
1579 2455 1691 2504 punit

384 2514 660 2562 temporaliter
704 2514 742 2549 in
788 2516 861 2551 hac
904 2515 983 2551 vita
1027 2517 1094 2551 sed
1140 2514 1334 2563 permittit
1374 2527 1440 2551 eos
1477 2514 1609 2561 vagari
1653 2513 1691 2548 in

386 2572 596 2608 mundanis
625 2572 957 2619 prosperitatibus
980 2582 1185 2620 tamquam
1217 2574 1408 2619 reprobos
1432 2572 1690 2607 incorrectos.

456 2796 474 2815 1.
498 2788 534 2814 F:
557 2791 587 2813 ut
603 2787 682 2821 quis.
757 2794 776 2818 ι,
793 2794 817 2813 2.
833 2786 877 2813 A:
898 2794 990 2813 omne
1011 2786 1059 2813 tali
1083 2786 1197 2813 mis-ter.
1269 2795 1299 2820 4.
1323 2785 1361 2813 F:
1383 2787 1581 2821 suspenditur
1596 2786 1689 2813 deest.

386 2820 409 2849 5,
432 2823 470 2850 F:
491 2823 596 2849 divino
617 2831 650 2847 at·
671 2830 701 2847 sa
716 2822 762 2855 (!);
795 2822 834 2847 ib.
856 2823 900 2848 A:
922 2822 1072 2847 sacedote.
1156 2830 1189 2848 ιι.
1212 2822 1250 2848 F:
1272 2822 1419 2856 sequitur.
1503 2822 1542 2848 io.
1563 2823 1607 2848 A:
1630 2830 1689 2847 nou

387 2866 466 2884 uuuc
486 2857 532 2883 dc.
607 2864 644 2888 ¹7-
666 2857 708 2882 A:
731 2856 932 2882 subtraheret.
1008 2864 1044 2882 21.
1061 2857 1105 2882 A:
1128 2856 1302 2890 spirituales
1324 2856 1434 2882 felices.
1509 2855 1546 2882 31.
1568 2856 1608 2882 F:
1631 2856 1688 2882 sibi

386 2892 455 2927 ipsi.
528 2890 575 2925 34,
597 2890 635 2918 35.
658 2892 700 2917 A:
725 2890 831 2924 preire.
906 2889 950 2917 36.
972 2890 1013 2918 F:
1035 2899 1110 2925 pene
1131 2891 1223 2916 deest.
1298 2890 1341 2924 37.
1363 2892 1407 2917 A:
1430 2891 1515 2925 punit
1537 2895 1573 2919 et.
