1944 3323
195 254 331 283 semro
352 245 476 302 Νη]
687 257 861 289 TERTIA
889 257 1014 289 PARS.

1723 250 1770 285 So
1777 262 1797 296 9

195 365 423 415 specialiter
454 364 494 401 in
529 363 697 401 materia
730 363 836 410 fidei,
871 377 965 412 ergo
999 363 1055 400 sic
1087 363 1326 412 generaliter
1351 372 1407 400 est
1431 376 1513 400 cre·
1528 370 1594 398 The
1617 376 1683 398 root
1704 372 1738 398 of
1754 372 1803 399 1110

196 426 385 461 dendum.
420 426 468 460 Et
500 423 604 460 inter
636 435 776 459 omnes
801 422 1071 471 blasphemias
1095 435 1171 471 que
1196 423 1243 458 de
1267 421 1514 459 Antichristo

196 496 373 532 unquam
397 490 676 530 surrepserant
700 481 771 518 hec
795 491 852 518 est
877 480 1019 527 maior,
1043 480 1137 529 quia
1164 481 1222 528 (ut
1245 493 1338 529 sepe
1362 489 1513 517 tactum

197 546 268 587 est)
307 541 339 577 si
378 553 546 590 peccare
583 552 664 576 non
704 539 852 588 poterit
891 539 930 575 in
971 539 1060 585 fide,
1100 548 1195 575 tunc
1234 551 1402 587 peccare
1433 551 1514 575 non

163 600 357 649 §poterin
398 612 487 636 cum
527 597 743 635 infidelitas
782 602 840 644 (ut
879 598 943 635 hic
982 597 1237 646 supponitur)
1276 596 1515 645 generaliter

197 657 456 707 consequitur
488 658 538 694 ad
573 657 756 703 mortale,
791 666 828 693 et
851 657 908 693 sic
931 669 1099 705 peccare
1121 669 1202 692 non
1225 656 1386 704 poterit,
1420 665 1514 692 tunc

197 716 399 754 extollitur
422 728 540 764 super
557 715 776 761 Christum,
801 728 891 752 cum
916 714 1010 751 licet
1033 714 1106 752 sibi
1124 714 1255 751 vivere
1274 713 1514 751 declinando

197 789 218 812 a
237 775 384 812 Christi
410 774 617 822 religione,
643 783 684 810 ut
707 773 1051 822 inpresenciarum
1076 772 1264 818 cernitur,
1291 773 1398 821 quod
1423 785 1512 808 cum

197 834 378 870 Christus
392 845 473 870 non
490 832 634 882 potuit,
650 832 741 868 ideo
758 833 806 869 de
821 841 933 869 tanto
950 831 1152 869 extollitur
1165 843 1286 879 super
1296 830 1514 868 Christum.

144 908 182 930 10
256 892 462 937 Similiter,
497 900 606 928 totus
636 890 830 927 exercitus
862 891 1062 927 malorum
1088 890 1322 938 angelorum
1346 901 1515 938 peccare

196 951 329 999 potuit
362 959 405 987 ut
437 962 622 999 suppono
658 962 700 986 ex
734 949 824 995 fide,
858 950 925 985 sed
959 949 1025 985 ille
1059 947 1253 985 exercitus
1287 947 1443 996 positus
1475 947 1515 983 in

197 1018 303 1046 statu
342 1007 577 1046 innocencie
616 1007 690 1044 fuit
735 1008 854 1056 longe
901 1007 1031 1044 maior
1076 1019 1194 1055 papa,
1242 1005 1515 1043 cardinalibus

197 1080 243 1104 ac
276 1067 463 1104 omnibus
497 1066 585 1103 aliis
617 1065 783 1114 prelatis
816 1065 891 1102 sibi
931 1065 1236 1109 adherentibus,
1278 1064 1350 1100 fuit
1388 1064 1516 1101 eciam

198 1139 242 1163 ex
265 1134 370 1163 statu
394 1124 631 1162 innocencie
655 1137 677 1161 a
701 1133 868 1172 peccato
893 1123 1126 1172 elongacior
1150 1131 1187 1160 et
1202 1123 1242 1159 in
1264 1123 1516 1160 naturalibus

143 1188 179 1221 15
197 1184 278 1221 suis
316 1183 540 1233 potencior.
581 1182 621 1219 Si
661 1195 754 1230 ergo
789 1185 972 1219 Romana
1013 1181 1182 1219 ecclesia
1214 1181 1254 1217 in
1286 1194 1367 1217 non
1400 1193 1517 1229 posse

197 1255 366 1291 peccare
398 1241 550 1279 excedit
583 1253 797 1289 personam
832 1240 948 1277 huius
982 1239 1190 1286 exercitus,
1224 1252 1305 1276 non
1337 1248 1518 1288 superest

197 1300 273 1338 nisi
312 1309 355 1338 ut
401 1299 679 1348 multipliciter
723 1300 888 1336 excedat
936 1298 1141 1336 Christum
1189 1297 1255 1347 qui
1307 1306 1364 1334 est
1409 1310 1518 1334 omne

197 1360 299 1409 quod
342 1359 485 1395 dicitur
517 1359 636 1405 Deus,
674 1358 768 1407 quia
812 1366 895 1394 tam
937 1357 1063 1395 deitas
1103 1369 1223 1405 quam
1266 1356 1509 1394 humanitas,

257 1417 464 1463 Similiter,
504 1416 535 1453 si
574 1416 642 1453 illa
681 1415 851 1453 ecclesia
889 1428 1057 1465 peccare
1096 1428 1178 1452 non
1216 1414 1378 1463 poterit,
1418 1423 1513 1450 tunc

141 1491 183 1512 20
199 1476 325 1513 divisa
364 1484 406 1512 ut
445 1476 568 1511 modo
607 1487 776 1523 peccare
814 1487 895 1511 non
934 1483 1066 1522 potest
1105 1483 1141 1510 et
1180 1472 1268 1522 pari
1308 1472 1514 1510 evidencia

199 1548 278 1584 qua
315 1547 401 1570 nos
436 1533 672 1570 Urbanite
710 1532 970 1570 concedimus
1016 1533 1125 1581 quod
1168 1531 1252 1580 ipse
1297 1544 1387 1568 cum
1433 1530 1514 1567 suis

198 1592 470 1630 cardinalibus
493 1604 661 1640 peccare
689 1605 772 1629 non
794 1600 939 1640 potest,
964 1589 1219 1627 Robertini
1249 1590 1517 1627 concederent

197 1653 305 1700 quod
350 1651 433 1700 ipse
479 1663 568 1687 cum
614 1650 695 1687 suis
735 1649 1007 1687 cardinalibus
1046 1661 1214 1698 peccare
1252 1661 1332 1685 non
1371 1656 1515 1696 potest.

196 1712 244 1746 Et
267 1710 323 1746 sic
353 1710 592 1746 haberemus
617 1710 714 1745 duas
745 1721 938 1757 personas
969 1707 1090 1744 simul
1115 1706 1325 1744 militantis
1350 1705 1516 1743 ecclesie

140 1773 179 1805 25
197 1781 274 1818 que
313 1780 481 1817 peccare
519 1780 602 1804 non
640 1775 842 1816 poterunt.
883 1769 966 1803 Nec
1009 1765 1174 1802 dubium
1216 1765 1312 1814 quin
1344 1777 1516 1813 persona

196 1836 412 1875 aggregata
458 1838 501 1862 ex
545 1825 620 1862 hiis
665 1825 714 1862 sit
761 1838 861 1874 eque
904 1826 966 1862 vel
1010 1825 1099 1873 plus
1144 1823 1374 1873 peccabilis,
1415 1822 1516 1859 sicut

197 1886 323 1922 altera
362 1885 521 1921 illarum
557 1884 740 1933 parcium
776 1896 847 1932 per
879 1896 921 1920 se
954 1882 1100 1932 posita,
1135 1895 1226 1919 cum
1261 1890 1407 1918 nocent
1441 1880 1516 1917 sibi

197 1943 293 1992 ipsis
327 1956 370 1980 ex
403 1952 571 1992 peccato
606 1942 821 1991 multiplici
854 1941 962 1978 iuxta
995 1953 1036 1978 se
1069 1941 1211 1989 posite.

255 2005 337 2038 Nec
363 2011 419 2038 est
452 2001 562 2038 racio
587 2013 710 2050 quare
733 2010 820 2038 tota
843 2002 1027 2037 Romana
1051 1998 1222 2036 ecclesia
1245 1996 1517 2035 determinare

140 2065 180 2097 30
198 2069 332 2109 posset
363 2069 407 2097 ut
439 2059 559 2096 fidem
594 2061 703 2109 quod
727 2060 803 2096 hoc
826 2067 1127 2095 sacramentum
1151 2057 1201 2094 sit
1224 2056 1411 2094 accidens
1434 2055 1518 2092 sine

197 2118 392 2165 subiecto,
412 2118 508 2168 quin
530 2131 601 2167 per
626 2118 733 2154 idem
757 2117 1027 2154 determinare
1050 2125 1185 2166 posset
1204 2116 1313 2164 quod
1332 2114 1381 2150 sit
1403 2113 1518 2162 panis

196 2177 258 2214 vel
291 2190 529 2226 quecunque
567 2175 799 2213 substancia
830 2177 891 2213 vel
924 2185 1069 2212 natura
1102 2173 1362 2211 accidentalis
1396 2185 1516 2221 quam

195 2235 367 2272 voluerit
400 2235 616 2284 assignare.
662 2234 856 2272 Possibile
893 2243 950 2271 est
983 2246 1077 2282 ergo
1112 2234 1220 2282 quod
1255 2231 1449 2269 Urbanite
1482 2239 1518 2266 et

197 2294 405 2330 Robertini
428 2293 506 2330 sint
529 2293 570 2330 in
592 2293 668 2330 ista
692 2293 861 2330 materia
885 2292 959 2329 sibi
983 2291 1079 2341 ipsis
1098 2289 1305 2328 contrarii.
1332 2288 1404 2325 Cui
1425 2301 1518 2336 ergo

141 2356 180 2389 35
198 2352 356 2389 illarum
377 2352 637 2389 ecclesiarum
658 2352 759 2388 foret
778 2351 818 2388 in
837 2352 912 2387 hoc
931 2349 1233 2387 racionabiliter
1248 2347 1518 2385 credendum?

257 2412 372 2447 Unde
413 2419 586 2459 querunt
625 2410 822 2446 instanter
861 2409 988 2445 nostri
1023 2417 1184 2456 satrape
1217 2416 1254 2443 et
1287 2405 1518 2454 specialiter

198 2468 340 2505 fratres
374 2470 421 2505 de
457 2468 600 2517 Anglia
639 2467 735 2516 quid
775 2467 815 2504 in
853 2476 999 2504 natura
1032 2479 1102 2503 sua
1135 2465 1185 2502 sit
1217 2473 1516 2501 sacramentum

198 2526 348 2563 altaris.
402 2529 482 2563 Nos
527 2535 660 2563 autem
707 2525 878 2562 dicimus
923 2538 1012 2561 cum
1059 2533 1199 2561 sancto
1238 2522 1435 2571 Apostolo
1482 2530 1518 2557 et

199 2584 454 2633 quadruplici
506 2584 711 2632 evangelio
763 2585 870 2632 quod
925 2592 981 2620 est
1033 2582 1160 2631 panis.
1215 2583 1291 2618 Sed
1345 2588 1517 2629 querunt

138 2658 183 2689 40
199 2643 365 2679 ulterius
409 2652 543 2679 utrum
589 2642 639 2679 sit
683 2641 912 2678 substancia
957 2641 1072 2690 panis
1119 2639 1357 2680 materialis;
1409 2639 1518 2687 quod

268 2774 296 2798 4.
318 2765 351 2792 In
374 2773 486 2800 marg:
516 2765 617 2792 Prima
639 2765 732 2791 sucin.
820 2771 859 2791 ιο.
881 2764 912 2790 ln
935 2772 1049 2797 marga
1077 2763 1219 2790 Secunda
1241 2762 1335 2790 racio.
1422 2769 1462 2794 io.
1486 2761 1516 2787 In

199 2808 313 2836 marg:
341 2800 451 2827 Tereia
479 2800 572 2827 racio.
727 2807 773 2834 2¹).
802 2800 834 2826 In
863 2807 977 2833 marg:
1009 2799 1088 2825 Nota
1116 2799 1152 2825 de
1180 2801 1374 2824 sacramento
1402 2796 1516 2822 altaris.

199 2834 243 2862 35.
266 2834 298 2862 In
320 2843 434 2870 marg:
465 2835 606 2869 Questio.

275 2895 324 2927 18.
353 2895 392 2927 ΙΙ.
412 2895 540 2929 Thess.
569 2896 608 2936 11,
635 2907 667 2936 4.

1548 411 1658 433 matter
1679 407 1733 433 lies
1754 407 1783 435 in

1558 441 1607 468 tlie
1630 442 1773 469 fictitious

1547 475 1733 511 infallibili&
1755 477 1788 503 01'

1574 511 1623 538 the
1644 511 1761 538 Roman

1605 546 1731 573 churcli.

1587 1418 1611 1446 11
1633 1420 1693 1446 this
1715 1419 1751 1446 be

1598 1456 1736 1490 granted,

1547 1490 1712 1518 Urbanites
1733 1490 1792 1517 and

1542 1525 1724 1553 Robertines
1744 1534 1794 1552 are

1631 1560 1708 1587 alike

1572 1595 1769 1631 impeccable.

1570 2411 1627 2438 We
1648 2419 1701 2446 say
1721 2410 1781 2449 ‘the⁹

1534 2450 1708 2473 sacrament
1729 2454 1753 2472 is
1775 2453 1805 2471 in

1558 2486 1664 2508 nature
1687 2480 1789 2507 bread.
