1944 3323
173 255 309 285 SERMo
330 245 455 305 xxm]
663 259 835 292 TERTIA
865 260 992 294 PARS.
1703 265 1783 303 229

172 381 243 417 per
285 367 461 418 graciam
509 376 546 405 et
582 367 675 405 facti
721 380 858 404 sumus
903 368 1058 404 noviter
1097 368 1168 405 Dei
1208 368 1278 405 filii
1318 377 1355 405 et
1393 382 1494 406 nove

172 428 478 475 quodammodo
503 435 698 463 creature.
732 427 907 462 Verbum
944 436 1077 464 autem
1112 427 1217 463 istud
1250 439 1331 464 non
1364 428 1493 464 solum

172 494 229 522 est
248 487 413 523 verbum
430 484 502 522 Dei
527 485 632 521 idem
657 484 982 522 substancialiter
998 487 1082 522 Deo
1106 485 1211 534 patri
1235 487 1303 522 sed
1326 487 1492 523 verbum

169 544 347 581 veritatis
372 553 407 580 et
441 543 586 592 gracie,
610 545 774 580 verbum
808 543 961 580 scilicet
985 544 1259 592 evangelicum
1290 557 1360 593 per
1384 546 1492 594 quod

138 602 532 639 §instrumentaliter
564 614 807 639 recreamur.

228 663 283 697 Ex
328 660 413 697 istis
459 660 673 709 colligitur,
720 673 809 697 cum
858 663 963 697 Deus
1007 673 1167 709 semper
1211 660 1292 709 agit
1336 660 1377 697 in
1420 668 1651 708 suaHow-we
1672 670 1783 698 should

169 728 353 756 creatura
393 720 613 756 secundum
655 718 969 767 disposicionem
1011 731 1087 767 que
1126 718 1201 756 sibi
1235 719 1420 768 congruit
1454 728 1490 757 et
1519 704 1775 779 ϋξεὲζῗξῗέἦῗὲᾒξω

167 777 207 814 in
253 777 463 814 creacione
510 777 619 814 dedit
665 777 819 814 homini
864 777 1035 814 liberum
1081 777 1306 825 arbitrium,
1359 787 1401 815 ut
1447 790 1491 815 ex
1533 774 1757 838 affljrffflgssg'g

168 835 440 884 disposicione
478 836 644 885 propria
683 836 880 885 reciperet
918 835 1027 873 varie
1066 835 1283 874 influencia
1321 849 1343 874 a
1377 846 1491 885 patre
1729 832 1735 838 ⁸

113 894 379 940 1oluminum‚
412 903 522 943 patet
555 907 646 932 cum
681 903 832 944 quanta
855 894 1069 943 diligencia
1102 895 1226 932 homo
1259 896 1309 932 ad
1342 896 1419 932 hoc
1452 907 1492 932 se

166 953 397 1002 disponeret
420 954 555 1002 quoad
578 955 721 990 Deum.
756 954 848 990 Ideo
882 954 1000 990 docet
1021 954 1194 989 Jacobus
1227 954 1336 1002 quod
1369 954 1493 990 omnis

165 1013 278 1048 homo
302 1012 409 1048 debet
441 1024 522 1049 esse
554 1012 670 1048 velox
691 1013 743 1048 ad
773 1012 1006 1048 audiendum
1031 1011 1208 1049 divinam
1242 1012 1489 1049 sentenciam

166 1078 200 1106 et
239 1071 379 1107 tardus
415 1071 467 1106 ad
507 1071 736 1119 loquendum
777 1071 1048 1119 quodcunque
1087 1070 1164 1107 nisi
1204 1072 1311 1119 quod
1351 1084 1373 1108 a
1405 1073 1490 1107 Deo

167 1128 339 1166 audierit
363 1128 595 1166 diffinitum.
632 1130 767 1165 Homo
792 1128 897 1165 enim
930 1137 987 1166 est
1015 1128 1256 1166 naturaliter
1278 1142 1346 1166 vas
1369 1129 1490 1178 primi

114 1191 148 1224 15
166 1187 329 1224 luminis
353 1187 613 1236 receptivum,
631 1189 700 1224 sed
724 1200 826 1224 unus
851 1196 908 1224 est
933 1187 1124 1236 magister
1147 1187 1300 1225 scilicet
1322 1189 1488 1225 verbum

166 1246 237 1283 Dei
283 1258 305 1282 a
350 1259 429 1295 quo
475 1255 636 1295 oportet
681 1258 843 1283 omnem
892 1246 1120 1283 doctrinam
1166 1246 1298 1295 primo
1344 1245 1488 1295 recipi3

164 1304 255 1341 ideo
278 1304 353 1341 nisi
377 1304 588 1353 instigetur
610 1317 682 1354 per
705 1304 933 1342 doctrinam
957 1304 1074 1341 huius
1104 1305 1268 1342 luminis
1292 1304 1488 1353 reticebit,

165 1372 202 1400 et
241 1372 350 1412 patet
389 1363 603 1400 salubritas
643 1362 826 1400 doctrine
862 1363 1001 1400 Jacobi
1040 1365 1149 1412 quod
1188 1363 1320 1401 omnis
1365 1364 1489 1401 homo

166 1430 526 1470 quantumcunque
558 1421 706 1459 sciolus
739 1423 856 1459 debet
890 1434 973 1459 esse
1005 1423 1118 1459 velox
1157 1423 1207 1459 ad
1240 1422 1488 1459 audiendum

107 1497 149 1519 20
163 1481 328 1517 verbum
353 1480 438 1525 Dei,
464 1493 554 1517 cum
580 1479 847 1517 ministerium
871 1481 960 1529 plus
993 1480 1151 1529 ignorat
1184 1482 1232 1517 de
1266 1481 1344 1518 fide
1366 1494 1488 1530 quarn

164 1539 292 1576 nescit
316 1538 516 1585 distincte,
543 1547 579 1575 et
602 1551 672 1587 per
695 1537 800 1576 idem
832 1539 1092 1588 reprimendo
1115 1539 1347 1588 superbiam
1372 1541 1489 1577 debet

165 1609 249 1634 esse
301 1598 439 1634 tardus
492 1599 542 1634 ad
592 1598 842 1646 loquendum
887 1610 1171 1647 quamcunque
1224 1598 1487 1645 sentenciam,

165 1668 255 1692 cum
301 1656 420 1692 stulte
459 1668 499 1692 se
538 1655 718 1704 ingerere
762 1657 813 1692 ad
858 1655 1138 1693 diffiniendum
1192 1656 1345 1705 aliquid
1379 1658 1488 1706 quod

164 1716 270 1751 Deus
310 1713 351 1750 in
384 1714 471 1763 ipso
504 1727 585 1751 non
618 1714 798 1763 loquitur
830 1714 935 1763 sapit
965 1714 1274 1763 blasphemiam.
1314 1717 1362 1752 Et
1395 1728 1486 1753 cum

106 1777 146 1810 25
163 1772 369 1821 passiones
407 1772 541 1809 anime
579 1781 621 1809 ut
655 1772 714 1810 ira
754 1772 983 1821 specialiter
1015 1774 1065 1810 ad
1099 1774 1203 1810 hanc
1234 1773 1486 1822 spiritualem
1526 1793 1592 1821 Our
1637 1794 1759 1822 assions

161 1830 419 1868 influenciam
450 1830 682 1879 disponunt,
716 1840 827 1880 patet
850 1833 1057 1880 quomodo
1090 1833 1214 1869 homo
1247 1827 1764 1893 generalitertliisoedigrgsiiigz

163 1890 279 1926 debet
303 1902 386 1926 esse
409 1890 548 1926 tardus
569 1890 622 1926 ad
643 1890 758 1927 iram.
792 1891 919 1927 Debet
943 1890 1049 1927 enim
1083 1891 1208 1927 homo
1241 1892 1486 1940 quandoque
1628 1873 1646 1900 p
1770 1886 1775 1892 ’

161 1947 292 1998 irasci,
329 1957 365 1985 et
393 1947 495 1985 sicut
523 1961 605 1985 non
635 1949 752 1985 debet
780 1948 892 1998 loqui
920 1947 995 1985 nisi
1029 1950 1192 1998 quando
1221 1961 1265 1986 ex
1294 1948 1487 1987 instinctu

164 2006 327 2044 Domini
367 2006 554 2055 agitatur,
596 2006 652 2044 sic
691 2019 773 2044 non
813 2008 930 2044 debet
962 2007 1082 2044 irasci
1115 2007 1191 2044 nisi
1226 2009 1389 2057 quando
1422 2021 1486 2045 or-

103 2069 147 2102 30
165 2064 324 2102 dinacio
341 2065 505 2102 Domini
528 2074 775 2112 reversatur3
806 2074 843 2103 et
865 2075 961 2103 tunc
983 2066 1224 2114 generaliter
1248 2066 1304 2103 ire
1321 2067 1485 2104 Domini

165 2124 457 2169 conformatur,
492 2125 541 2161 de
580 2137 658 2173 qua
703 2123 763 2161 ira
801 2124 982 2174 loquitur
1021 2125 1167 2162 Psalm.
1202 2126 1287 2171 IV0,
1326 2126 1366 2162 5:
1400 2126 1485 2162 Ira-

163 2182 315 2218 scimini
352 2190 387 2218 et
424 2183 540 2219 nolite
566 2195 745 2233 peccare.
787 2182 877 2220 Alia
910 2192 1045 2220 autem
1079 2183 1138 2221 ira
1171 2196 1250 2232 qua
1283 2185 1407 2221 homo
1441 2196 1485 2221 ex

163 2241 336 2288 superba
369 2241 621 2289 blasphemia
654 2241 853 2288 irascitur,
888 2241 1036 2279 dicitur
1058 2241 1117 2279 ira
1148 2241 1235 2287 viri,
1272 2244 1340 2279 sed
1373 2242 1485 2291 prior

163 2298 310 2335 dicitur
349 2298 408 2335 ira
440 2299 532 2345 Dei3
572 2299 663 2337 ideo
697 2301 745 2337 de
784 2299 859 2337 ista
898 2301 1075 2337 secunda
1114 2299 1279 2338 dicitur:
1313 2302 1393 2348 Ira,
1426 2301 1484 2337 in-

105 2360 143 2393 35
161 2356 261 2406 quit,
308 2357 385 2392 viri
426 2357 614 2394 iusticiam
647 2359 725 2395 Dei
767 2371 839 2395 non
883 2367 1081 2408 operatur.
1117 2358 1228 2396 Talis
1273 2359 1377 2396 enim
1423 2359 1482 2397 ira

160 2416 322 2452 oculum
352 2415 554 2452 interioris
584 2416 758 2454 hominis
789 2418 1004 2454 conturbat
1027 2426 1064 2454 et
1087 2417 1143 2454 sic
1166 2417 1206 2454 in
1229 2417 1482 2466 disponendo

163 2475 213 2511 ad
256 2473 446 2510 intuitum
486 2474 666 2512 veritatis
705 2484 877 2521 excecat,
919 2484 955 2512 et
993 2475 1049 2513 sic
1087 2475 1182 2513 facit
1220 2488 1302 2513 non
1349 2477 1480 2513 solum

159 2531 340 2568 iusticias
363 2531 438 2570 Dei
467 2532 600 2569 omitti
629 2535 697 2570 sed
727 2533 949 2571 iniusticias
969 2534 1120 2571 diaboli
1149 2547 1242 2583 sepe
1266 2534 1479 2572 committi.

160 2592 209 2627 Et
242 2599 352 2639 patet
375 2592 484 2639 quod
517 2603 636 2629 nemo
668 2592 942 2629 vindicaretur
965 2594 1013 2630 de
1046 2605 1288 2642 quacunque
1319 2592 1479 2640 iniuria,

230 2745 264 2765 11.
284 2737 319 2765 In
340 2745 407 2765 mar
431 2748 454 2765 .:
476 2737 568 2765 Nota.
649 2739 696 2766 26.
717 2739 751 2766 In
773 2747 888 2775 marg:
909 2739 1000 2768 Nota.
1086 2738 1131 2767 28.
1154 2738 1248 2767 Cod.:
1270 2740 1354 2775 loqui
1376 2740 1477 2769 irasci.

160 2771 200 2800 31.
223 2771 317 2800 Cod.:
345 2780 401 2800 con
429 2778 556 2800 rmatur.
673 2772 716 2801 32.
737 2774 771 2802 In
793 2782 908 2810 marg:
935 2775 982 2802 Ira
1004 2774 1129 2810 duplex.
1240 2773 1287 2808 34.
1310 2775 1405 2803 Cod.:
1433 2776 1476 2807 ia:

161 2812 256 2835 recte:
279 2807 333 2835 ira.
407 2806 448 2835 35.
471 2807 566 2836 Cod.:
589 2816 650 2836 non
671 2808 766 2836 deest.
842 2808 885 2845 37.
907 2809 1002 2837 Cod.:
1024 2817 1084 2837 non
1107 2810 1290 2838 secundum.

235 2913 284 2941 12,
312 2912 367 2946 27.
392 2902 509 2935 Jacobi
538 2904 561 2944 Ι,
587 2915 635 2948 ¹9·
735 2904 789 2946 34.
814 2903 859 2937 ib.
889 2915 942 2937 21.
