1944 3323
149 247 285 277 SERMO
307 237 431 296 xxm]
624 251 802 283 TERTIA
828 252 954 285 PARS.

147 357 228 406 illo,
260 371 382 408 quam
415 360 561 395 habent
593 359 731 396 omnia
770 367 960 407 precepta
992 359 1241 407 prelatorum
1275 359 1343 409 qui
1376 369 1467 396 sunt

147 416 304 454 noviter
343 416 576 463 introducti,
617 417 760 466 quibus
800 416 1030 466 precipiunt
1068 417 1257 454 subiectis
1302 417 1382 454 suis
1426 427 1470 454 ut

147 484 365 523 procurent
409 475 583 512 dominis
635 476 781 513 multas
832 475 1010 522 divicias,
1063 485 1106 512 ut
1153 485 1371 524 preparent
1415 476 1469 512 eis

148 534 294 570 multas
344 533 528 571 lauticias
578 543 646 571 aut
697 543 740 570 ut
784 534 933 571 faciant
982 533 1263 571 observancias
1307 534 1469 571 frivolas

114 598 314 640 5propter
358 605 530 641 quorum
582 593 867 630 mandatorum
921 592 1199 641 dirupcionem
1252 601 1288 628 et
1332 592 1469 629 inobe-

149 649 348 687 dienciam
381 660 485 697 sunt,
519 659 562 688 ut
595 650 795 700 inquiunt,
830 650 988 700 gravius
1021 650 1228 699 puniendi.

205 711 255 746 Et
299 718 494 758 quantum
541 711 591 746 ad
631 710 707 746 hoc
746 713 804 755 (ut
842 709 998 754 asserit)
1038 708 1245 746 Christum
1291 718 1328 745 et
1372 722 1466 746 suos

146 769 353 816 apostolos
387 767 506 805 fuisse
539 769 587 804 de
620 767 813 816 religione
846 767 1015 816 privata,
1050 776 1160 816 patet
1194 768 1303 816 quod
1335 776 1466 816 potest

146 825 279 863 dicere
332 825 568 874 religionem
624 825 956 864 comunissimam
1009 826 1156 875 (qualis
1210 827 1327 862 debet
1381 838 1466 863 esse

92 898 131 921 10
146 884 366 922 christiana
390 884 545 933 religio)
569 897 653 922 esse
676 884 889 934 privatam,
924 884 1026 921 sicut
1050 883 1225 932 religiosi
1249 884 1305 920 illi
1330 884 1467 921 dicunt

146 955 284 980 carnes
322 943 436 980 tritas
480 956 561 980 non
606 956 690 980 esse
729 955 882 989 carnes,
922 942 1183 979 venacionem
1229 942 1313 979 sine
1358 942 1467 991 gravi

144 1002 319 1038 tumultu
350 1014 434 1038 non
467 1014 550 1039 esse
576 1001 854 1047 venacionem,
886 1010 954 1038 aut
984 1000 1262 1049 cognicionem
1288 1000 1466 1037 mulieris

145 1072 235 1096 cum
270 1061 345 1097 hoc
379 1061 487 1109 quod
519 1073 601 1097 non
634 1060 684 1096 sit
722 1061 772 1097 ad
811 1059 993 1108 corporis
1033 1059 1357 1096 destruccionem
1398 1060 1467 1096 sed

144 1118 276 1155 carnis
309 1118 634 1156 consolacionem
658 1131 742 1155 non
765 1130 850 1155 esse
872 1117 1084 1154 luxuriam.
1119 1116 1349 1155 Christiana
1372 1130 1466 1166 ergo

92 1180 129 1213 15
144 1176 284 1225 religio
319 1189 407 1214 cum
444 1178 561 1214 debet
593 1176 887 1214 communicari
921 1176 1075 1213 cunctis
1099 1176 1248 1214 Christi
1282 1176 1466 1213 fidelibus

145 1236 262 1272 debet
301 1248 385 1272 esse
425 1235 772 1281 communissima,
819 1235 912 1271 licet
953 1247 996 1271 ex
1035 1234 1268 1271 introducta
1308 1235 1466 1272 cautela

143 1294 279 1342 refuge
317 1306 423 1330 nunc
456 1293 506 1330 sit
538 1307 643 1340 rara,
677 1302 715 1330 et
748 1294 1117 1343 quomodocunque
1150 1302 1334 1342 apostate
1367 1294 1466 1330 tales

144 1352 314 1389 dixerint
346 1351 581 1400 religionem
607 1352 756 1389 Christi
785 1361 823 1389 et
846 1365 1012 1388 suorum
1037 1352 1318 1400 apostolorum
1343 1365 1463 1401 quam

145 1410 283 1447 dicunt
316 1423 399 1447 esse
433 1410 645 1459 privatam,
679 1410 841 1459 ipsimet
873 1423 955 1447 non
988 1412 1217 1447 observant.

86 1483 128 1506 20
203 1471 407 1515 Quantum
448 1470 498 1506 ad
537 1469 636 1505 illud
669 1468 856 1505 ultimum
891 1482 970 1518 quo
1005 1468 1102 1506 dicit
1135 1469 1350 1517 religiones
1383 1468 1463 1517 pri-

143 1536 255 1564 vatas
294 1541 375 1564 non
415 1527 574 1564 differre
614 1540 636 1564 a
675 1539 716 1564 se
762 1526 1033 1564 essencialiter
1079 1536 1117 1564 et
1161 1527 1348 1576 specifice
1394 1528 1462 1563 sed

143 1585 446 1623 accidentaliter
478 1595 649 1631 tantum,
683 1587 815 1634 placet
839 1587 947 1634 quod
971 1585 1068 1622 dicit
1101 1585 1336 1633 religionem
1372 1598 1463 1634 pos—

142 1643 458 1681 sessionatorum
498 1657 581 1681 non
614 1644 774 1680 differre
807 1644 994 1693 specifice
1027 1657 1049 1681 a
1082 1643 1275 1692 religione
1308 1644 1462 1680 mendi-

143 1702 342 1749 cancium,
388 1702 490 1739 sicut
528 1715 601 1739 nec
641 1702 876 1751 religionem
915 1704 1173 1739 sacerdotum
1219 1701 1462 1739 secularium

86 1766 126 1799 25
143 1760 302 1798 differre
336 1760 610 1798 essencialiter
641 1762 690 1798 ab
725 1761 853 1798 altero
887 1762 1122 1797 eorundem.
1169 1762 1224 1797 Ex
1257 1774 1336 1809 quo
1370 1774 1461 1797 cum

141 1818 245 1856 veris
277 1819 459 1868 sequitur
492 1820 600 1868 quod
633 1828 763 1856 stante
786 1832 927 1856 eorum
953 1818 1144 1867 religione
1168 1820 1301 1868 quoad
1326 1819 1462 1856 omnia

141 1890 214 1914 sua
266 1877 501 1915 essencialia
545 1886 628 1914 tam
682 1877 758 1926 ipsi
810 1877 1100 1926 possessionati
1145 1890 1265 1926 quam
1319 1877 1461 1914 fratres

141 1945 311 1985 possunt
345 1945 381 1973 et
415 1937 562 1973 debent
595 1948 679 1973 esse
712 1938 760 1973 de
793 1935 987 1984 religione
1021 1935 1214 1973 secularis
1238 1935 1460 1985 presbyteri

141 2007 211 2043 per
250 1995 473 2032 coactivam
518 1995 750 2043 potenciam
796 1994 950 2032 brachii
994 1994 1205 2037 secularis;
1250 2007 1343 2031 nam
1390 2007 1460 2043 per

85 2057 125 2090 30
140 2054 291 2090 nudam
326 2053 578 2090 ablacionem
619 2053 711 2090 talis
751 2053 1015 2090 accidentalis
1055 2061 1212 2090 servato
1252 2052 1459 2090 essenciali

140 2124 223 2148 non
254 2111 409 2148 tollitur
432 2113 501 2148 sed
524 2112 664 2160 pocius
687 2111 889 2149 extollitur
914 2111 1053 2160 religio
1078 2110 1311 2148 christiana.
1345 2113 1460 2147 Tunc

141 2169 247 2206 enim
280 2170 383 2207 foret
416 2170 585 2207 ecclesia
617 2170 872 2207 ordinacioni
896 2169 1045 2207 Christi
1078 2169 1341 2215 conformior,
1376 2178 1460 2206 tota

140 2227 281 2276 religio
315 2228 412 2265 cleri
443 2228 628 2276 religioni
662 2228 810 2265 Christi
843 2228 1014 2265 similior
1047 2237 1084 2265 et
1118 2228 1262 2265 unitati
1295 2227 1460 2277 propin-

141 2286 271 2335 quior,
312 2295 349 2323 et
383 2286 643 2324 dissensionis
682 2300 803 2324 causa
840 2286 881 2323 in
921 2287 1061 2335 populi
1100 2286 1367 2323 iniuriacione
1412 2287 1460 2322 de

85 2348 124 2381 35
141 2353 260 2393 raptu
291 2357 457 2381 suorum
481 2346 681 2382 bonorum
704 2346 807 2382 foret
829 2345 1032 2389 sedacior;
1058 2354 1094 2381 et
1117 2358 1187 2394 per
1211 2357 1460 2394 consequens

140 2402 372 2440 dominacio
425 2403 617 2440 secularis
670 2403 824 2441 brachii
876 2404 1097 2440 secundum
1151 2403 1457 2440 ordinacionem

140 2461 303 2498 Domini
337 2462 441 2499 foret
474 2461 616 2499 maior.

1676 255 1695 280 ω

1707 245 1723 280 υ)

1735 256 1754 291 x)

1547 715 1625 742 How
1647 716 1697 743 the

1493 751 1638 785 religious
1659 751 1759 786 juogle

1517 786 1589 813 with
1612 773 1727 813 wordos.

1504 1475 1529 1502 It
1550 1474 1575 1501 is
1596 1478 1661 1502 true
1683 1475 1732 1502 the

1480 1510 1625 1544 religious
1646 1519 1696 1537 are
1717 1511 1754 1538 all

1544 1553 1618 1577 one3
1641 1546 1690 1572 the

1495 1580 1652 1607 accidents
1673 1580 1738 1607 that

1513 1615 1616 1642 divide
1636 1616 1718 1642 them

1497 1650 1608 1676 should
1633 1651 1667 1677 be
1689 1656 1743 1685 put

1526 1694 1562 1712 an
1586 1686 1643 1712 eud
1666 1690 1707 1713 to.

197 2521 383 2557 Secundo
408 2519 538 2568 arguit
561 2522 611 2557 ad
635 2520 925 2558 exaltacionem
950 2519 1011 2556 sui
1034 2519 1188 2556 ordinis
1212 2519 1288 2556 isto
1313 2520 1455 2556 modo:
1473 2524 1540 2552 The
1556 2526 1650 2552 monk
1668 2534 1748 2557 sax-s,

139 2578 352 2615 Beatitudo
404 2577 602 2615 intencior
649 2587 744 2616 nata
790 2588 848 2615 est
895 2578 1054 2627 adquiri
1103 2590 1173 2627 per
1222 2577 1456 2616 essencialia

79 2650 124 2682 40
139 2635 292 2684 private
325 2636 528 2685 religionis
562 2650 682 2686 quam
716 2649 787 2686 per
820 2636 1056 2674 essencialia
1097 2636 1325 2673 communis
1365 2636 1456 2673 reli-

140 2694 287 2742 gionis;
335 2708 428 2744 ergo
473 2695 630 2744 privata
675 2704 732 2732 est
776 2695 1000 2744 perfeccior
1045 2708 1167 2744 quam
1214 2695 1455 2732 communis

209 2838 234 2857 2.
250 2831 363 2866 quibus
377 2831 442 2858 scil.
459 2831 627 2866 preceptis;
649 2831 688 2859 ib.
704 2830 799 2858 Cod.:
821 2830 937 2858 Christi
958 2830 1114 2858 subiectis.
1171 2829 1195 2856 3.
1212 2829 1306 2856 Cod.:
1329 2828 1456 2866 domini.

140 2872 168 2899 ς).
191 2864 284 2893 Cod.:
306 2866 530 2893 comissimam.
618 2874 658 2893 10.
680 2865 776 2893 Cod.:
799 2865 984 2900 religiosius.
1077 2873 1115 2898 17.
1139 2865 1233 2892 Cod.:
1256 2873 1336 2891 nuuc
1358 2869 1388 2890 ut
1409 2868 1456 2890 511.

139 2899 183 2928 23.
205 2900 298 2928 Cod.:
321 2901 399 2928 difre
420 2901 560 2936 specifice
579 2909 596 2928 a
617 2900 754 2935 religine.
829 2899 876 2935 39.
898 2900 1002 2927 Recte:
1024 2900 1184 2927 intensior.

1486 2560 1594 2594 liigher
1617 2558 1737 2588 bliss‘is

1479 2595 1623 2622 obtained
1645 2596 1675 2622 iu
1697 2596 1747 2622 the

1553 2630 1671 2657 orders.
