1944 3323
97 278 169 303 112

110 968 190 995 Such
215 966 342 1000 [vagg-ars

104 1011 154 1029 are
175 1003 349 1034 deslroycrs

135 1037 170 1063 (η’
189 1036 315 1062 ι·6ειΙιι]5ε

190 1079 208 1098 1.
234 1071 269 1104 hv

105 1105 354 1141 iinpoxcrishing

184 1141 278 1167 lords.

119 2131 143 2150 2¹.
167 2124 204 2158 by
227 2122 357 2155 robbing

147 2158 196 2185 the
218 2159 327 2192 clesgy.

671 272 894 304 JOHANNIS
914 271 1096 303 wvciiir
1115 271 1369 303 SERMONUM
1429 257 1579 315 [SERMO
1601 267 1681 295 xiv.

378 377 540 425 egencia
563 377 779 414 variantur.
815 379 861 412 Et
886 386 1078 425 quantum
1105 379 1152 413 ad
1179 377 1536 421 mendicacionem,
1572 386 1679 424 patet

379 448 420 471 ex
456 435 569 471 dictis
594 437 798 484 quomodo
828 435 867 470 in
894 436 969 470 hoc
1001 444 1092 470 sunt
1125 434 1336 471 Scariotite
1370 434 1443 470 sibi
1478 434 1682 470 contrarii.

379 495 425 528 lit
460 502 567 541 patet
600 506 718 541 quam
756 493 923 528 mendax
958 502 1013 528 est
1046 492 1319 528 similitudinis
1343 492 1489 528 Christi
1525 491 1682 536 ficticia,

381 552 483 586 unde
518 551 705 586 metricus
738 563 827 587 vere
861 550 975 586 dicit:

528 609 705 644 Mendax
736 608 931 644 mendicus
963 620 1034 643 non
1068 615 1122 643 est
1156 608 1327 643 veritatis
1359 607 1514 643 amicus.
1703 607 1718 638 5

437 665 477 701 Si
517 666 621 702 enim
662 678 705 702 ex
739 666 815 701 fide
849 665 1038 713 evangelii
1074 665 1221 701 Christi
1257 665 1442 713 discipuli
1477 673 1565 700 sunt
1601 663 1684 700 eius

380 723 512 770 amici,
552 724 583 759 si
621 723 774 760 faciunt
814 724 920 771 quod
960 723 1043 771 ipse
1082 723 1135 759 eis
1174 723 1358 771 precipit,
1397 722 1575 771 sequitur
1616 734 1684 769 per

380 783 512 817 locum
554 794 575 817 a
615 781 817 817 contrario
856 793 973 817 sensu
1013 780 1296 826 convertibilis,
1342 780 1371 816 si
1414 793 1492 816 non
1536 779 1684 815 faciunt

381 841 488 887 quod
523 839 705 875 Christus
738 838 907 887 precipit
946 847 982 874 et
1022 839 1117 874 false
1157 839 1308 886 fingunt
1348 851 1388 874 se
1428 839 1556 874 facere
1595 845 1684 873 sunt

382 897 527 933 Christi
561 896 712 933 inimici
746 906 782 933 et
816 898 947 932 hostes
980 895 1128 944 publici
1162 896 1351 932 caritatis.
1708 906 1744 926 ¹0

439 957 550 1000 Item,
586 956 864 991 descendendo
897 955 945 990 ad
980 954 1298 990 destruccionem
1334 953 1553 1002 reipublice
1577 961 1685 1001 patet

381 1014 488 1061 quod
522 1012 620 1048 tales
655 1012 827 1048 mendici
860 1020 951 1048 sunt
984 1013 1252 1049 destructores
1286 1024 1499 1059 regnorum
1532 1020 1613 1047 tam
1648 1010 1686 1045 in

381 1071 670 1118 temporalibus
704 1083 823 1118 quam
859 1069 898 1105 in
931 1069 1217 1117 spiritualibus.
1252 1071 1452 1106 Onustant
1477 1068 1579 1105 enim
1605 1069 1686 1116 ple-

383 1131 476 1164 beos
509 1129 758 1164 laboratores
792 1127 831 1163 in
864 1127 994 1175 regnis
1028 1137 1063 1164 et
1096 1127 1297 1175 simplices
1321 1140 1390 1176 per
1415 1128 1539 1163 multa
1564 1126 1688 1162 millia

383 1187 576 1222 librarum
607 1186 692 1222 auri
728 1188 788 1232 (ut
820 1198 912 1234 sepe
945 1194 1147 1222 ostensum
1183 1189 1273 1232 est);
1308 1198 1379 1222 nec
1404 1185 1566 1221 dubium
1594 1184 1688 1232 quin
1709 1184 1745 1216 15

384 1245 423 1281 in
469 1246 544 1280 hoc
588 1244 762 1292 spoliant
807 1243 1015 1280 brachium
1062 1244 1252 1287 seculare,
1300 1256 1387 1280 cum
1435 1255 1595 1279 necesse
1641 1241 1690 1277 sit

385 1302 662 1339 deficientibus
691 1301 917 1338 tenentibus
941 1301 1119 1337 redditus
1143 1314 1234 1337 suos
1258 1302 1441 1337 deficere.
1476 1304 1555 1337 Nec
1579 1301 1690 1336 obest

386 1362 491 1408 quod
532 1361 651 1396 talem
691 1361 922 1395 thesaurum
961 1359 1130 1407 sparsim
1172 1359 1210 1395 in
1243 1358 1414 1395 inimicis
1447 1366 1691 1406 congregant

387 1418 599 1463 cautelose,
634 1417 727 1466 quia
766 1417 867 1453 sicut
906 1430 985 1453 non
1024 1417 1142 1453 refert
1176 1419 1283 1465 quod
1322 1429 1494 1465 persona
1528 1416 1595 1452 fiat
1629 1428 1691 1451 ex-

386 1475 546 1523 sanguis
585 1484 621 1511 et
660 1484 899 1522 consumpta
937 1487 1007 1522 per
1046 1474 1369 1511 cruentacionem
1411 1474 1449 1510 in
1482 1487 1561 1510 una
1592 1485 1691 1510 vena
1709 1483 1749 1504 20

386 1535 446 1570 vel
498 1546 566 1581 per
611 1542 765 1569 tantum
819 1532 1022 1580 sanguinis
1067 1532 1300 1569 effusionem
1346 1545 1416 1580 per
1460 1545 1581 1581 poros
1625 1539 1692 1567 aut

388 1600 521 1639 partes
555 1590 815 1634 insensibiles,
857 1590 912 1626 sic
944 1603 1024 1626 non
1058 1591 1175 1626 refert
1209 1600 1342 1626 utrum
1377 1602 1548 1638 persona
1583 1588 1691 1636 regni

388 1649 438 1685 sit
484 1658 722 1696 consumpta
769 1648 807 1683 in
852 1648 1143 1696 temporalibus
1187 1661 1256 1696 per
1300 1649 1486 1696 globosas
1532 1647 1692 1695 rapinas
1711 1671 1786 1702 Fol-

388 1717 429 1743 ut
459 1704 462 1759 Ι
493 1707 534 1742 fit
572 1708 619 1742 de
659 1706 963 1755 possessionatis
1010 1706 1175 1751 clericis,
1216 1707 1275 1742 vel
1321 1719 1390 1754 per
1428 1705 1592 1742 subtiles
1633 1717 1693 1740 ex·
1712 1718 1791 1749 2500

388 1764 638 1809 sudaciones,
679 1773 722 1800 ut
762 1764 803 1799 fit
837 1765 884 1800 de
918 1763 1258 1809 Mendicantibus3
1297 1777 1434 1811 ymmo
1473 1764 1574 1800 sicut
1607 1762 1694 1811 plus
1712 1764 1750 1795 25

354 1862 357 1865 ,
389 1822 617 1871 penalitatis
657 1821 828 1867 sustulit,
868 1822 1029 1869 quando
1068 1822 1170 1857 facte
1209 1830 1299 1857 sunt
1337 1822 1573 1858 sudaciones
1613 1820 1694 1856 eius

389 1890 596 1929 tamquam
631 1889 739 1927 gutte
763 1879 965 1926 sanguinis
988 1879 1247 1925 decurrentis,
1271 1892 1391 1928 quarn
1416 1880 1577 1927 quando
1600 1890 1695 1915 vene

390 1951 459 1974 sue
492 1937 610 1974 clavis
643 1939 703 1974 vel
736 1938 873 1973 lancea
902 1946 992 1973 sunt
1015 1946 1164 1985 aperte,
1199 1937 1253 1973 ita
1275 1937 1430 1974 videtur
1454 1939 1501 1973 de
1524 1949 1695 1985 persona

391 1996 501 2043 regni
535 1997 667 2043 quoad
706 1994 995 2043 spoliacionem
1029 1995 1229 2031 notoriam
1271 2008 1340 2043 per
1379 1995 1695 2043 possessionatos

390 2053 630 2090 sensibiliter
676 2052 960 2089 mendicantes.
1008 2055 1088 2089 Nec
1134 2053 1299 2088 dubium
1340 2054 1434 2101 quin
1480 2053 1607 2089 clerus
1653 2064 1696 2088 ex
1714 2053 1754 2085 30

391 2111 650 2148 ordinacione
683 2110 844 2147 Domini
875 2111 1080 2147 institutus
1113 2111 1374 2158 multiplicem
1410 2111 1591 2159 rapinam
1628 2122 1697 2157 per

390 2170 531 2205 fratres
564 2168 727 2216 patitur,
762 2178 803 2204 ut
837 2178 945 2217 patet
969 2170 1016 2204 de
1040 2168 1368 2214 confessionibus,
1395 2171 1441 2205 de
1466 2168 1695 2217 sepulturis,

393 2229 440 2264 de
480 2227 608 2262 missis
649 2236 685 2262 et
725 2226 812 2263 aliis
851 2228 922 2263 sub
967 2227 1102 2263 colore
1147 2226 1427 2263 elemosinarie
1472 2226 1696 2267 defalcatis;

392 2285 565 2321 mendici
598 2297 690 2320 vero
714 2284 860 2320 Christi
894 2297 992 2332 quos
1026 2284 1108 2332 ipse
1143 2285 1357 2321 maceravit
1380 2296 1482 2332 pena
1506 2283 1696 2328 cecitatis,

392 2341 702 2379 claudicacionis
754 2343 814 2378 vel
866 2341 1159 2378 debilitacionis
1211 2342 1425 2390 paciuntur
1477 2355 1547 2390 per
1591 2341 1754 2389 ipsos'55

393 2400 645 2436 manifestam
671 2399 871 2436 iniuriam.
906 2403 1006 2436 Nam
1032 2413 1119 2436 cum
1146 2412 1311 2447 regnum
1335 2400 1384 2436 sit
1408 2408 1561 2436 tantum
1589 2399 1698 2435 finite

393 2457 671 2506 prosperitatis
710 2469 746 2493 et
791 2457 904 2506 copie
949 2457 1246 2506 temporalium,
1291 2470 1451 2494 necesse
1493 2467 1550 2494 est
1590 2458 1697 2505 quod

393 2515 607 2551 subtractis
640 2515 716 2551 illis
750 2528 819 2563 per
859 2515 1097 2552 calliditates
1136 2516 1303 2551 fratrum
1343 2525 1547 2564 tamquam
1589 2526 1697 2551 mare

395 2572 678 2621 recipiencium
721 2582 756 2609 et
796 2586 875 2610 non
909 2572 1227 2609 redundancium
1262 2575 1369 2621 quod
1404 2573 1515 2621 egeni
1550 2572 1698 2608 Christi

395 2631 594 2666 deficiant.
630 2631 706 2666 Sed
743 2632 875 2678 (rogo)
908 2632 1163 2667 attendamus
1197 2633 1246 2667 ad
1279 2630 1487 2679 spirituale
1520 2642 1697 2667 commo-
1712 2645 1756 2676 40

396 2690 489 2724 dum
530 2687 624 2736 quid
664 2688 892 2735 refundunt,
938 2702 1031 2725 nam
1079 2688 1110 2724 si
1154 2701 1234 2724 non
1281 2688 1449 2735 diligunt
1488 2687 1695 2724 dominum

464 2856 536 2885 5.1n
552 2865 664 2892 marg:
681 2856 814 2891 Versus3
836 2857 875 2884 ib.
894 2856 987 2885 Cod.:
1004 2857 1174 2885 mendiciis.
1244 2856 1324 2884 11.In
1342 2864 1452 2892 marg:
1477 2856 1591 2892 Quinta
1607 2856 1699 2884 racio.

396 2891 438 2921 25³.
461 2893 553 2921 (jod-z
576 2892 777 2928 temporibus.
851 2900 896 2927 24.
920 2892 1014 2920 Cod.:
1037 2897 1068 2919 ut
1088 2897 1128 2919 ut.
1201 2891 1247 2926 34.
1269 2889 1364 2919 Cod.:
1387 2892 1577 2919 merceravit.
