1944 3323
201 262 336 291 SERMO
352 250 493 309 xxxa]
692 264 868 297 TERTIA
896 263 1021 295 PARS.
1733 257 1782 292 26
1794 257 1810 293 3

203 381 323 421 atque
367 371 614 408 sentenciam
661 383 731 420 per
777 383 876 420 quas
922 383 990 407 sue
1037 370 1198 419 argucie
1241 371 1453 408 deliterent
1487 381 1523 408 et
1584 380 1768 419 1haven⁰t

199 430 370 467 forsitan
409 430 448 466 in
489 442 632 478 penam
668 429 823 478 peccati
859 429 937 466 mei
973 430 1048 466 hoc
1083 429 1225 466 evenit.
1279 430 1381 478 Sepe
1415 414 1705 478 enimtsssssfihgsscff
1719 415 1815 485 3112}st

198 489 412 526 tractando
443 488 560 525 istam
594 487 805 524 materiam
841 489 1132 525 absconderem
1158 487 1383 533 veritatem,
1417 501 1523 525 nunc
1548 484 1803 547 ῐζζξξυξζὲζῖεξὲἓὲ

199 547 492 596 equivocando,
534 559 640 583 nunc
679 546 807 594 ipsam
849 548 922 583 sub
965 546 1172 583 communi
1213 546 1422 583 involucro
1456 548 1523 583 ab-
1574 562 1650 593 everi
1672 555 1783 590 bymy

165 606 446 651 5scondendo,
488 613 525 641 et
564 617 670 641 nunc
709 604 920 642 veritatem
955 604 1270 654 pusillanimiter
1302 604 1522 651 reticendo,
1616 590 1742 617 ¹¹*¹⁰¹¹d³'

197 664 258 700 vel
296 671 464 712 propter
503 663 736 712 superbiam
775 664 836 700 vel
874 672 1042 712 propter
1081 663 1329 700 adiutorium
1370 663 1523 700 ordinis

198 734 318 771 quem
363 734 444 758 non
496 723 598 759 adeo
651 721 955 770 impugnabam,
1001 723 1062 758 vel
1113 730 1281 770 propter
1333 721 1521 759 timorem

197 780 397 827 servilem,
444 792 534 816 cum
581 780 621 816 in
666 779 835 817 caritate
880 780 1111 829 evangelica
1155 793 1236 817 non
1281 788 1376 817 tunc
1421 781 1523 817 adeo

197 852 285 875 sum
321 850 518 876 accessus.
567 839 644 875 Sed
678 838 846 875 Matthei
880 840 949 884 VO,
987 839 1005 876 3
1042 838 1250 876 scribitur:
1284 839 1400 875 Beati
1424 851 1523 888 pau-

143 910 310 947 mperes
347 897 502 947 spiritu,
541 906 578 933 et
610 896 783 933 Jeremie
815 898 956 943 XV110‚
995 897 1035 934 5:
1070 897 1307 934 Maledictus
1340 897 1405 946 qui
1435 909 1522 933 con-

185 955 282 1006 fidit
314 955 350 991 in
384 955 549 1002 homine,
582 964 618 992 et
642 955 810 992 Matthei
833 957 902 1001 XO,
929 956 1001 992 28:
1036 956 1165 992 Nolite
1197 956 1333 992 timere
1366 968 1429 992 eos
1461 956 1526 1004 qui

197 1014 377 1051 occidunt
410 1026 552 1063 corpus
585 1022 659 1050 etc.

254 1071 440 1121 Amplius
480 1080 615 1109 autem
656 1085 745 1109 cum
782 1072 853 1108 Dei
894 1072 1098 1108 adiutorio
1137 1084 1324 1120 propono
1364 1072 1522 1120 planius

197 1143 358 1168 sensum
400 1130 645 1167 catholicum
687 1142 805 1179 quem
850 1130 1005 1167 dederit
1039 1132 1144 1167 Deus
1178 1131 1397 1167 declarare.
1445 1131 1522 1167 Sed

144 1190 304 1238 15quod
351 1189 478 1237 magis
525 1189 714 1225 molestat
760 1201 836 1235 me,
890 1188 1010 1225 amici
1058 1188 1135 1225 mei
1180 1189 1384 1226 karissimi
1431 1202 1521 1225 cum

196 1247 340 1296 quibus
379 1259 473 1296 sepe
514 1246 909 1284 communicaveram
945 1259 1106 1284 sensum
1142 1247 1227 1293 Dei,
1260 1247 1321 1283 vel
1361 1247 1522 1284 sinistre

195 1307 256 1342 vel
289 1306 525 1354 imperfecte
558 1314 767 1354 reportant
800 1306 1048 1343 sentenciam
1083 1306 1398 1354 promulgatam.
1434 1306 1522 1342 Dixi
1566 1311 1734 1339 Whatever
1755 1313 1784 1351 iii

196 1364 302 1401 enirn
333 1377 426 1414 sepe
456 1365 564 1414 quod
594 1364 836 1401 universalia
865 1365 997 1413 legum
1028 1364 1254 1410 hominum,
1286 1364 1412 1400 immo
1436 1364 1520 1413 ipse
1543 1346 1804 1417 [Ιΐᾞῃῗζῐῑᾏξέῃίᾖ

196 1423 302 1471 leges
326 1423 553 1469 hominum,
585 1431 676 1459 sunt
699 1423 888 1460 veritates
913 1431 1050 1460 eterne
1073 1423 1113 1458 in
1137 1423 1339 1471 scriptura
1362 1423 1520 1471 planius
1562 1416 1592 1444 in
1614 1416 1784 1452 Scriptum.

137 1481 414 1530 zoimplicate,
450 1481 553 1518 sicut
577 1490 637 1518 est
661 1481 755 1518 ista:
790 1482 1035 1518 Perturbans
1068 1481 1363 1530 rempublicam
1397 1482 1520 1518 sensi-

195 1539 328 1576 biliter
369 1549 427 1576 est
475 1539 779 1577 racionabiliter
823 1540 1063 1588 puniendus.
1110 1542 1159 1576 Et
1199 1539 1255 1576 sic
1295 1541 1342 1576 de
1384 1540 1519 1576 multis

195 1597 282 1635 aliis
320 1597 532 1647 principiis
571 1598 703 1647 legum
745 1597 935 1644 civilium,
976 1611 1053 1647 que
1092 1599 1197 1646 leges
1236 1611 1317 1634 non
1350 1607 1519 1646 possunt

194 1656 405 1693 iustificari
438 1656 514 1693 nisi
548 1657 597 1693 ab
631 1656 778 1693 eternis
811 1656 1020 1705 principiis
1054 1666 1090 1693 et
1113 1669 1184 1705 per
1208 1669 1248 1693 se
1281 1656 1518 1693 necessariis

194 1715 416 1761 orirentur;
450 1716 557 1763 leges
581 1724 718 1751 tamen
743 1716 918 1752 humane
941 1728 1022 1751 non
1046 1724 1138 1751 sunt
1161 1727 1253 1752 vere
1276 1715 1518 1764 generaliter

138 1774 176 1806 25
195 1774 329 1822 quoad
381 1782 541 1822 tempus
595 1782 631 1810 et
680 1773 802 1810 nimis
855 1774 1095 1822 generaliter
1140 1775 1274 1823 quoad
1320 1774 1516 1822 populum

194 1831 497 1880 applicandum.
545 1834 658 1868 Patet
691 1834 800 1881 quod
841 1832 1154 1869 adinvenciones
1194 1845 1262 1869 sue
1303 1844 1379 1881 que
1425 1841 1517 1868 sunt

193 1890 299 1938 leges
333 1890 468 1939 inique
501 1902 542 1927 se
576 1890 801 1927 exorbitant
835 1904 856 1927 a
896 1890 1060 1927 tramite
1092 1890 1284 1927 veritatis¹
1332 1893 1413 1927 Nec
1447 1904 1516 1927 un-
1546 1898 1579 1935 1Ι
1601 1898 1676 1925 lim-c·
1698 1899 1770 1926 been

195 1961 315 1997 quam
351 1948 429 1985 dixi
462 1950 571 1998 quod
605 1962 745 1986 omnes
778 1950 883 1997 leges
918 1949 1129 1986 hominurn
1163 1958 1255 1986 sunt
1289 1949 1423 1998 inique
1456 1950 1517 1986 vel
1538 1933 1806 1996 ΐῑᾞὸξὲζὶῗξᾟᾟῗῗ

194 2008 302 2055 quod
346 2007 456 2044 nulla
504 2006 705 2056 principia
749 2008 880 2056 legum
927 2008 1139 2044 hominum
1192 2017 1283 2044 sunt
1326 2007 1516 2045 veritates
1565 1998 1777 2066 Ῑὲξὲῃᾷῗςὶὲὲδ

136 2066 177 2098 30
194 2073 329 2102 eterne
380 2067 449 2102 sed
490 2066 608 2114 plane
648 2066 897 2114 oppositum.
944 2066 983 2103 Si
1019 2075 1153 2103 autem
1188 2067 1319 2115 placet
1353 2066 1516 2115 equivo-
1710 2054 1719 2066 i
1765 2062 1769 2065 ’

194 2123 301 2160 canti
334 2123 574 2172 restringere
607 2125 712 2172 leges
745 2124 957 2161 hominum
992 2127 1041 2161 ad
1071 2124 1317 2161 tradiciones
1341 2125 1514 2174 iniquas,

192 2194 274 2218 non
307 2191 365 2218 est
397 2182 454 2218 vis
478 2184 613 2231 quoad
647 2183 909 2220 sentenciam.
945 2185 1068 2231 Leges
1102 2192 1235 2220 autem
1270 2183 1515 2220 universales

193 2239 402 2276 hominum
437 2249 529 2277 sunt
562 2240 698 2290 inique
721 2242 781 2278 vel
805 2241 1025 2290 plurimum
1058 2242 1263 2288 defective,
1299 2242 1392 2291 quia
1421 2242 1514 2279 licet

192 2311 299 2335 nunc
345 2311 389 2335 ex
431 2311 502 2336 sua
540 2299 842 2337 universalitate
882 2313 963 2337 non
1003 2300 1158 2337 eveniat
1205 2309 1512 2346 nocumentum,

135 2359 174 2391 35
192 2356 283 2393 novi
323 2365 461 2394 tamen
494 2370 608 2394 casus
643 2359 784 2395 crebro
818 2368 1027 2407 emergunt
1060 2371 1103 2395 ex
1138 2359 1282 2408 quibus
1316 2372 1405 2396 cum
1441 2373 1513 2396 sua

192 2414 492 2452 universalitate
526 2425 657 2453 stante
691 2416 733 2452 fit
758 2416 974 2454 iniusticia.
1010 2420 1058 2453 Et
1081 2418 1180 2454 tales
1212 2430 1327 2454 casus
1357 2417 1511 2466 politici
1555 2424 1626 2462 Lau·
1648 2424 1675 2463 js
1695 2426 1776 2452 trum

191 2486 271 2510 non
295 2473 552 2510 considerant
584 2475 623 2511 in
657 2488 727 2511 sua
761 2475 1019 2512 institucione
1051 2475 1258 2524 primaria,
1293 2485 1331 2512 et
1354 2476 1410 2512 sic
1433 2476 1511 2512 dixi
1547 2459 1778 2521 ᾗιζζῗῐζὲἳιᾞξζ

192 2533 301 2580 quod
324 2532 384 2568 lex
408 2532 447 2568 in
471 2545 542 2569 sua
565 2533 826 2581 generalitate
857 2543 913 2570 est
936 2534 1082 2570 veritas
1113 2534 1305 2571 directiva
1336 2534 1510 2570 hominis
1625 2529 1705 2556 (3⁰²³-

191 2598 233 2625 ut
284 2590 417 2626 debite
468 2591 613 2627 serviat
659 2594 743 2628 Deo
794 2605 879 2638 suo,
934 2601 970 2629 et
1018 2593 1093 2629 hoc
1138 2605 1260 2641 genus
1312 2593 1407 2641 legis
1453 2602 1510 2629 est

130 2660 175 2691 40
189 2648 428 2696 generaliter
460 2649 519 2686 lex
543 2649 676 2686 divina
711 2650 821 2687 cuius
854 2664 933 2687 una
967 2663 1059 2699 pars
1092 2650 1131 2686 in
1165 2651 1363 2700 scriptura
1397 2664 1510 2688 sacra

203 2875 207 2879 Ι
258 2841 286 2869 ὁ.
315 2840 408 2869 Cod.:
437 2841 594 2870 adiutorii.
695 2850 726 2876 ¹4
747 2843 806 2870 and
829 2843 870 2870 16.
894 2851 1018 2871 sensum
1041 2852 1120 2871 corr.
1143 2844 1172 2871 in
1195 2852 1311 2879 marg:
1333 2845 1428 2873 Cod.:
1450 2848 1507 2872 tex-

187 2877 282 2913 tincm
303 2876 484 2904 secundum.
579 2885 617 2904 Γ.
639 2876 736 2905 Cod.:
756 2878 801 2905 vel
823 2878 957 2913 implete.
1050 2879 1096 2907 26.
1118 2878 1214 2906 Cod.:
1237 2888 1295 2914 que
1316 2884 1386 2907 sunt
1406 2879 1504 2907 twice.

187 2908 234 2938 30.
256 2910 351 2938 Cod.:
374 2911 507 2947 poletici.
582 2894 627 2947 fc).
651 2912 746 2941 Cod.:
769 2918 878 2941 servat.
901 2913 933 2940 In
956 2921 1071 2949 marg:
1094 2914 1177 2949 Quid
1200 2918 1245 2941 est
1266 2914 1322 2942 lex.
